2285 3398
420 231 475 262 vlu

419 309 524 333 Gulielmi
541 309 615 332 editus
624 317 630 336 ;
647 310 763 338 sequitur,
780 312 883 338 tempus,
899 317 946 339 quo
958 312 1061 341 quaestio
1073 311 1200 339 composita
1212 313 1257 338 est,

418 355 553 383 ponendum
569 361 620 378 esse
636 356 672 378 vel
690 356 749 379 circa
766 356 835 379 flnem
852 357 905 379 anni
923 357 995 386 4255,
1011 359 1048 381 vel
1060 364 1121 380 anno
1134 358 1194 380 4256
1206 360 1258 380 ante

418 405 563 425 autumnum.
580 403 625 424 Nec
641 405 676 425 est
691 402 857 431 improbabile,
868 404 965 426 eandem
981 404 1104 427 exhibitam
1122 410 1172 427 esse
1189 403 1257 426 tribu-

417 448 461 471 nali
485 448 648 476 ecelesiastica,
672 454 686 471 a
710 455 757 478 quo
774 452 881 472 tractatus
898 450 1003 473 Gulielmi
1024 450 1212 477 examinabatur;
1235 453 1257 473 et

417 495 460 517 hoc
476 500 545 518 sensu
570 494 615 516 dici
632 497 722 522 posset,
739 495 762 517 S.
778 495 961 518 Bonaventuram
986 496 1103 524 Anagniae
1127 496 1256 524 disputasse

416 543 494 564 contra
511 541 656 563 Gulielmum.

478 589 508 610 Ex
524 588 574 616 ipsa
591 590 668 610 autem
693 588 766 610 forma
790 587 858 610 totius
882 589 1022 617 quaestionis
1046 591 1155 617 apparet,
1180 589 1255 617 primo

415 634 512 662 scriptos
528 639 579 656 esse
594 633 653 656 duos
670 633 757 662 priores
774 633 878 656 eiusdem
896 634 1013 663 articulos,
1030 634 1114 657 deinde
1129 634 1256 662 replicatio-

414 686 480 708 nem,
497 683 519 703 et
535 683 653 708 postremo
669 681 789 703 articulum
808 681 830 704 3.
846 681 876 703 de
891 680 969 704 labore
980 688 1090 704 manuum
1100 684 1140 710 ,ut
1150 681 1256 710 pluribus

413 726 541 749 rationibus
558 726 710 754 probavimus
726 733 781 755 pag.
799 727 855 755 456,
872 730 925 750 nota
944 728 965 750 1.

475 773 489 801 S
506 773 528 795 3.
543 772 682 795 Referuntur
703 771 908 796 animadversiones
927 772 1035 802 magistri
1052 773 1158 797 Gulielmi
1175 773 1255 797 eontra

413 819 437 842 S.
453 819 627 843 Bonaventurae
644 818 795 849 quaestionem
812 819 953 849 disputata
965 820 990 843 de
1007 820 1161 844 mendicitate.
1179 833 1210 838 -
1227 822 1255 844 Ut

413 867 491 894 legens
513 866 598 888 facilius
620 866 728 894 intelligat
744 865 816 889 verba
832 867 946 895 censoris,
967 874 1012 890 non
1034 870 1122 890 tantum
1142 868 1205 890 locos
1223 868 1254 890 ab

412 912 449 935 illo
460 914 607 940 oppugnatos
619 913 642 935 S.
651 912 824 935 Bonaventurae
832 931 837 941 ,
846 913 887 935 sed
898 913 966 935 etiam
979 914 1059 941 paucis
1069 914 1148 937 verbis
1159 906 1253 936 sensum

412 958 539 981 eorundem
553 959 713 981 indicavimus.
726 959 797 981 Edam
811 959 955 982 auctoritates
967 960 990 982 in
1003 960 1038 983 his
1051 960 1253 983 animadversioni·

412 1004 455 1028 bus
466 1005 545 1029 citatas
556 1005 685 1028 accuratius
697 1005 849 1028 indicavimus
861 1008 883 1028 et
894 1006 946 1028 hinc
963 1006 1016 1029 inde
1033 1013 1107 1035 pauca
1124 1006 1196 1029 verba
1210 1012 1252 1034 pro

411 1052 509 1074 faciliore
526 1052 671 1079 intelligentia
687 1052 840 1075 adiunximus.
851 1052 909 1075 Cum
920 1056 997 1075 autem
1014 1053 1037 1075 in
1054 1053 1133 1076 codiee
1151 1054 1253 1077 animad—

411 1099 529 1121 versiones
545 1104 614 1127 saepe
625 1101 647 1121 et
658 1101 780 1127 corruptae
796 1101 818 1121 et
833 1105 879 1122 non
896 1105 938 1122 suo
955 1099 1005 1122 loco
1021 1100 1051 1122 ad
1068 1100 1197 1127 marginem
1209 1106 1253 1128 po-

410 1145 467 1167 sitae
477 1147 567 1172 essent;
579 1151 625 1167 non
636 1145 685 1168 sine
698 1145 800 1174 quadam
817 1145 949 1168 difficultate
965 1151 1004 1168 eas
1020 1146 1173 1174 apposuimus
1185 1146 1252 1174 locis,

410 1194 489 1215 contra
506 1198 565 1221 quos
581 1195 688 1220 arguunt.

472 1239 506 1261 Ad
524 1239 545 1261 1,
562 1245 619 1267 arg„
636 1238 700 1267 quod
724 1238 854 1261 mendicare
879 1238 1006 1261 secundum
1026 1238 1125 1261 verbum
1148 1239 1251 1267 Domini,

409 1285 485 1307 Matth.
503 1285 544 1313 ⁴0,
562 1285 591 1307 9:
609 1284 685 1308 Nolite
693 1284 814 1314 possidere
824 1290 913 1307 ‹tw-um
929 1287 985 1312 etc,
1001 1287 1089 1313 spectet
1105 1285 1134 1308 ad
1152 1291 1251 1313 evange-

409 1331 476 1353 licam
493 1331 664 1359 perfectionem.
679 1339 690 1351 α
702 1331 851 1359 Respondeo:
867 1331 982 1358 PrImum‚
1000 1330 1039 1360 [ei]
1056 1331 1096 1360 qui
1108 1331 1177 1354 habet
1189 1334 1251 1359 pote-

408 1380 489 1400 statem
506 1377 647 1400 ministrandi
665 1377 803 1405 spiritualia,
824 1379 902 1405 petere
926 1384 972 1400 non
998 1380 1031 1400 est
1056 1378 1203 1405 mendicitas,
1226 1381 1251 1400 ut

408 1423 463 1446 dicit
478 1424 619 1451 Augustinus
636 1424 658 1446 in
675 1423 733 1447 libro
749 1424 779 1447 de
795 1424 870 1452 Opere
886 1425 1053 1447 monachorum
1065 1424 1117 1454 [cfr.
1130 1431 1185 1453 pag.
1199 1425 1250 1452 157,

408 1475 455 1497 arg.
473 1469 508 1500 9.]
524 1473 546 1492 et
563 1470 585 1492 in
602 1470 681 1493 Glossa
698 1471 722 1493 11.
739 1471 799 1493 Tim.
816 1471 838 1493 2.
849 1476 920 1498 super
931 1470 998 1493 illud:
1015 1470 1174 1494 Labor-antem
1185 1471 1250 1500 aqrz‘-

407 1516 484 1540 colavm
496 1526 506 1537 n
525 1516 576 1546 [cfr.
594 1523 647 1545 pag.
665 1517 710 1539 447
726 1517 756 1539 ad
773 1517 828 1546 t9.].

469 1564 504 1586 Ad
520 1564 542 1586 2.
558 1570 621 1591 arg,
637 1564 701 1592 quod
718 1564 829 1586 Dominus
846 1564 912 1586 Marc.
930 1564 957 1591 6,
974 1564 995 1586 8.
1011 1564 1130 1594 praecepit
1152 1564 1196 1593 ets,
1219 1571 1248 1588 ne

407 1609 464 1640 quid
474 1610 582 1633 tollerent
592 1610 617 1633 in
628 1610 666 1633 via
677 1613 721 1633 etc.
739 1619 751 1630 α
762 1611 914 1639 Respondeo:
932 1611 1072 1639 Praecipitur
1089 1612 1122 1634 eis
1138 1618 1248 1634 amovere

407 1657 554 1685 impedientia
571 1657 746 1685 praedicationis
762 1658 864 1680 officium
872 1676 877 1685 ,
889 1658 953 1686 quod
965 1660 996 1680 est
1009 1658 1171 1685 praelatorum.
1183 1659 1248 1681 Unde

407 1703 546 1731 praecipitur
562 1706 671 1732 tanquam
688 1704 795 1731 praelatis
811 1704 835 1726 in
851 1706 910 1726 statu
928 1704 1040 1726 Ecclesiae
1057 1704 1187 1731 primitivae
1204 1705 1248 1727 exi-

406 1749 516 1773 stentibus
525 1758 531 1777 5
548 1749 624 1772 adhuc
640 1750 708 1772 etiam
725 1752 830 1772 tenentur
845 1750 939 1777 praelati
956 1756 1066 1772 amovere
1081 1750 1247 1778 impedimenta

407 1803 462 1820 suae
478 1796 654 1824 praedicationis
660 1804 666 1823 ;
682 1802 709 1818 ex
726 1796 770 1818 hoc
787 1795 855 1817 etiam
872 1796 988 1824 sequitur,
1004 1796 1068 1824 quod
1085 1796 1179 1823 praelati
1196 1796 1248 1818 visi-

407 1846 478 1866 tantes
494 1845 516 1865 et
537 1843 712 1870 praedicationis
736 1842 837 1864 officium
862 1845 1012 1870 exsequentes
1036 1842 1139 1870 recipere
1163 1842 1249 1865 debent

406 1890 590 1918 procurationes3
607 1889 670 1918 quod
687 1895 732 1911 non
749 1890 858 1916 possunt,
882 1888 976 1917 quaudo
1001 1894 1047 1910 non
1071 1891 1124 1911 sunt
1145 1889 1248 1916 praelati.

407 1937 452 1959 Sed
464 1938 507 1958 hoc
524 1942 568 1958 non
585 1938 619 1957 est
636 1935 782 1962 mendicitaS,
793 1934 835 1957 sed
846 1937 958 1963 potestaS,
971 1938 995 1957 ut
1007 1935 1094 1957 dictum
1107 1937 1141 1957 est
1152 1941 1221 1963 supra
1233 1943 1243 1955 ι

385 2008 390 2012 ·
408 1982 445 2012 [ad
466 1982 502 2012 l.].

468 2028 503 2050 Ad
521 2028 542 2050 4.
558 2034 620 2056 arg„
637 2027 700 2056 quod
717 2033 743 2049 ex
760 2026 832 2050 verbo
849 2027 952 2054 Domini,
970 2028 1023 2049 Luc.
1041 2027 1068 2054 9,
1087 2027 1128 2054 68,
1145 2033 1248 2056 pum-um

407 2075 422 2096 i.
441 2081 473 2101 e,¹
491 2077 515 2097 ut
531 2074 608 2096 Glossa
621 2074 687 2100 dicit,
704 2079 844 2101 pauperem,
855 2073 973 2101 suscipere
990 2072 1111 2096 debemus.
1125 2082 1136 2093 ιι
1148 2074 1248 2101 Respon-

407 2121 466 2143 deo:
483 2121 569 2149 Quodsi
594 2120 724 2143 mendicare
746 2121 767 2142 in
787 2126 841 2142 casu
863 2120 935 2148 licito,
952 2123 1032 2147 utpote
1053 2120 1106 2149 quia
1130 2127 1175 2143 non
1197 2124 1247 2149 pot-

407 2170 440 2190 est
461 2167 563 2195 operari,
579 2169 601 2189 et
622 2167 675 2195 quia
697 2165 772 2188 subito
797 2167 869 2188 faetus
893 2169 927 2188 est
951 2172 1053 2194 pauper,
1078 2167 1177 2189 maxime
1198 2167 1248 2189 sine

407 2215 473 2242 culpa
490 2220 544 2240 sua,
560 2216 582 2235 ct
599 2213 681 2239 nescit,
698 2215 793 2235 autnon
805 2215 879 2240 potest
890 2213 993 2240 operari,
1010 2219 1052 2235 nec
1069 2215 1144 2240 potest
1155 2213 1247 2235 aliunde

407 2260 492 2283 habere
508 2260 594 2282 victum
612 2265 679 2282 suum
697 2259 745 2281 sine
762 2261 868 2286 peccato,
885 2259 943 2281 sicut
958 2258 1013 2280 dicit
1030 2258 1164 2281 Ambrosius
1181 2259 1205 2280 in
1223 2259 1245 2281 li-

408 2306 450 2329 bro
467 2306 496 2328 de
512 2305 597 2328 Officiis
614 2304 663 2334 [cfr.
679 2305 703 2327 ll.
720 2310 740 2326 c.
761 2304 795 2326 15.
812 2311 835 2326 n.
851 2304 911 2333 69.];
936 2306 989 2326 tunc
1006 2303 1075 2326 debet
1091 2304 1177 2331 suscipi
1195 2309 1246 2331 pro—

407 2356 457 2381 pter
473 2352 600 2379 Christum,
625 2352 643 2374 si
665 2354 727 2379 petat
743 2351 765 2373 in
783 2351 876 2373 nomine
892 2350 985 2378 Christi,
1003 2350 1102 2379 alioquin
1120 2349 1189 2372 debet
1211 2355 1247 2372 rt>

407 2400 459 2427 pelli
483 2402 505 2421 et
529 2398 625 2426 corrigi,
650 2400 675 2420 ut
698 2397 752 2420 dicit
776 2397 853 2419 Glossa
876 2402 946 2424 super
962 2396 1017 2418 illud
1035 2397 1109 2418 Matth.
1128 2396 1149 2418 5.
1166 2395 1245 2425 [42.]:

409 2446 455 2474 Oui
469 2446 527 2476 petit
542 2452 557 2468 a
574 2447 607 2473 te,
619 2444 650 2468 da
661 2444 690 2472 ei,
706 2444 798 2467 Glossa:
813 2452 823 2463 α
837 2444 859 2465 Si
877 2449 921 2465 non
938 2443 1001 2471 quod
1019 2444 1086 2470 petit,
1098 2443 1139 2466 sed
1151 2443 1246 2469 melius,

407 2500 460 2516 cum
477 2494 560 2515 iniuste
577 2494 691 2520 petentem
708 2490 834 2514 correxeris
845 2499 867 2512 ι.

470 2539 503 2561 Ad
522 2539 543 2560 6.
560 2544 621 2566 arg„
638 2537 735 2565 petitum
752 2543 778 2559 ex
795 2537 849 2559 Luc.
867 2536 908 2563 16,
925 2536 951 2558 9:
971 2535 1047 2558 Facite
1069 2534 1132 2558 vobis
1155 2534 1246 2558 amicos

407 2585 434 2607 de
445 2590 583 2607 mammona
594 2586 647 2610 etc.,
659 2583 706 2605 scil.
718 2589 832 2610 pauperes
843 2582 937 2610 spiritu;
949 2582 1067 2609 responsio
1079 2581 1184 2603 Gulielmi
1196 2587 1247 2602 con-

407 2631 465 2653 necti
482 2630 573 2653 videtur
589 2636 643 2652 cum
659 2629 825 2657 praecedente:
845 2637 856 2649 α
868 2629 893 2650 Et
910 2628 991 2650 iteruin
1009 2630 1054 2654 est,
1071 2628 1091 2649 si
1111 2633 1155 2649 non
1172 2629 1247 2654 potest

408 2678 498 2705 operari
515 2680 536 2699 et
553 2676 643 2699 aliunde
659 2682 736 2698 emere
752 2676 800 2698 sine
817 2678 924 2703 peccato,
935 2675 976 2697 sed
987 2674 1043 2696 dum
1055 2674 1088 2696 sie
1100 2674 1186 2696 victum
1199 2676 1246 2701 pot-

408 2728 441 2747 est
462 2723 558 2751 habere,
576 2730 621 2746 non
642 2726 675 2746 est
692 2728 781 2751 pauper
801 2722 894 2750 spiritu,
911 2722 930 2744 si
946 2722 995 2743 vult
1017 2723 1174 2749 paupertatem
1195 2726 1246 2742 esse

408 2772 536 2796 lucrosam;
550 2772 572 2791 et
588 2769 606 2791 si
623 2771 656 2791 est
672 2768 805 2796 religiosus,
822 2767 915 2795 exponit
931 2767 1072 2789 sanctitatem
1090 2767 1203 2788 venalem.
1220 2766 1246 2787 Et

407 2818 463 2839 haec
479 2816 526 2838 duo
543 2816 597 2838 dicit
613 2815 755 2843 Augustinus
770 2814 794 2836 iai
811 2813 869 2836 libro
886 2814 915 2836 de
930 2814 1005 2841 Opere
1016 2813 1183 2835 monachorum
1196 2811 1245 2841 [cfr.

408 2867 461 2889 pag.
479 2861 522 2883 lto
540 2863 562 2883 et
579 2860 641 2890 464}
658 2860 721 2883 Unde
741 2866 786 2882 non
803 2862 837 2882 est
852 2860 966 2887 persectus
983 2859 1030 2886 vir,
1048 2859 1088 2881 sed
1105 2861 1211 2886 peccator
1223 2866 1245 2879 n.

470 2908 505 2929 Ad
521 2908 543 2929 8.
560 2913 621 2934 arg,
637 2907 700 2935 quod
717 2906 845 2929 secundum
862 2906 965 2928 Glossam
982 2911 1052 2933 super
1070 2906 1092 2927 ll.
1109 2904 1161 2927 Cor.
1173 2905 1194 2931 8,
1208 2904 1245 2926 14.

409 2955 485 2977 vestra
496 2952 642 2975 abundantio
659 2955 802 2974 terrenorum
813 2951 922 2980 suppleat
933 2951 1043 2977 illorum,
1055 2951 1095 2978 qui
1106 2950 1192 2972 divinis
1203 2955 1244 2972 va-

408 3003 471 3026 cant,
488 2999 599 3027 inopiam.
613 3008 624 3018 u
637 2999 786 3025 Respondeo:
803 2998 885 3020 Poterit
902 2998 977 3019 vacari
995 2997 1079 3019 divinis
1095 3000 1116 3018 et
1134 2996 1245 3019 nihilomi-

1118 233 1358 264 PROLEGOMENA
1379 235 1406 263 C.
1429 236 1457 264 11.

1314 317 1358 333 nus
1374 312 1464 339 operari
1481 315 1575 341 propter
1592 313 1691 341 victum,
1708 317 1730 337 et
1746 315 1766 336 si
1782 320 1828 337 non
1845 314 1928 337 sufficit
1948 321 2029 338 eorum
2047 322 2106 343 opus
2122 317 2150 339 ad

1313 357 1413 384 victum,
1430 361 1452 381 et
1468 364 1513 381 non
1537 362 1634 386 possunt
1649 360 1741 383 aliunde
1758 361 1844 383 victum
1862 360 1961 388 habere;
1979 364 2033 384 tunc
2049 362 2149 385 dandum

1313 406 1347 426 est
1362 404 1395 426 eis
1412 411 1454 432 pro
1471 404 1569 428 Christo.
1586 406 1612 428 Et
1628 407 1672 428 hoc
1687 407 1742 429 dicit
1758 407 1836 431 Glossa
1853 414 1923 436 super
1935 408 1990 430 illud
2001 408 2025 430 11.
2037 408 2117 431 Thess.
2129 410 2152 432 3.

1313 449 1390 479 [ν13.];
1405 450 1450 473 Vos
1461 452 1553 480 autem,
1566 451 1661 480 fratres,
1675 452 1746 476 notice
1757 453 1854 483 deficere
1865 453 2045 483 benefacz'entes‚-
2057 455 2150 478 Glossa:

1313 496 1469 524 Pauperibus;
1486 498 1607 526 quoniam,
1624 499 1666 521 etsi
1682 502 1817 528 operentur,
1834 503 1929 529 possunt
1945 503 2021 523 tamen
2037 502 2152 524 nonnullis

1313 542 1416 571 indigere
1427 552 1450 566 ι.

1374 589 1409 612 Ad
1426 590 1447 612 9.
1466 596 1516 618 arg.
1532 590 1629 618 petitum
1649 597 1674 614 ex
1691 592 1795 620 exemplo
1812 592 1907 620 Christi,
1923 593 1952 615 de
1963 599 2009 622 quo
2021 594 2150 622 intelligitur

1311 636 1438 658 secundum
1450 636 1554 659 Glossam
1569 637 1623 659 illud
1640 637 1675 660 Ps.
1687 638 1730 665 39,
1742 638 1783 660 48:
1796 638 1846 667 Eyo
1862 640 1941 662 autem
1957 639 2077 663 mendicus
2093 646 2148 663 sum

1311 682 1332 704 et
1345 687 1445 711 pauper.
1464 690 1476 701 α
1491 682 1644 710 Respondeo:
1661 683 1764 706 Christus
1783 684 1865 707 dicitur
1884 686 2016 713 mendicus,
2034 693 2078 709 non
2095 687 2148 716 quia

1311 729 1451 751 mendicaret
1461 729 1559 757 victum;
1572 730 1616 752 hoc
1627 730 1688 752 enim
1700 736 1746 752 non
1757 731 1851 759 legitur,
1868 733 1908 754 sed
1927 736 2021 761 propter
2038 735 2149 756 humanas

1311 775 1414 798 miserias
1425 778 1538 798 assumtas
1548 775 1667 804 indigebat
1677 776 1758 798 auxilio
1770 776 1811 798 Dei
1827 779 1849 799 et
1865 778 1956 805 petebat
1971 779 2078 801 auxilium
2095 780 2149 809 Dei,

1311 827 1356 844 non
1367 824 1454 844 tantum
1466 828 1509 850 pro
1521 828 1558 849 se,
1570 824 1682 851 quantum
1694 828 1737 850 pro
1749 822 1860 845 membris
1871 824 1926 846 suiS.
1936 825 2000 847 Unde
2012 826 2146 854 aequivoca·

1310 870 1346 891 tur
1362 869 1406 891 hoe
1421 875 1507 892 nomen
1523 868 1644 892 mendicus
1656 878 1677 891 υ,

1371 915 1406 937 Ad
1419 915 1456 938 42,
1467 922 1516 943 arg.
1524 934 1529 943 ,
1540 922 1567 938 ex
1579 916 1657 938 Glossa
1669 921 1739 944 super
1750 917 1804 939 Luc.
1818 916 1845 938 19
1853 933 1859 943 ,
1871 916 1897 938 5:
1908 917 2022 946 Zachaee,
2033 919 2148 948 festinans

1310 960 1419 984 descende
1440 964 1498 984 etc.:
1517 970 1528 981 α
1540 962 1588 984 Νοη
1602 962 1710 984 invitatus
1731 962 1844 984 invitat».
1864 963 2021 990 «Respondeo
2043 971 2083 992 per
2105 967 2148 988 hoc

1309 1007 1373 1036 quod
1383 1007 1499 1036 sequitur:
1510 1008 1567 1036 Quia
1575 1026 1580 1036 ,
1592 1008 1681 1030 etiamsi
1692 1008 1798 1030 nondum
1809 1008 1912 1031 audierat
1923 1015 2004 1032 vocem
2021 1011 2148 1038 invitantis,

1309 1053 1412 1076 audierat
1428 1054 1533 1076 affectum
1551 1053 1617 1083 [sunt
1627 1053 1699 1076 verba
1711 1055 1805 1076 Glossae
1816 1061 1843 1077 ex
1854 1054 1994 1084 Ambrosio}
2010 1056 2073 1078 Unde
2084 1063 2147 1085 prae-

1309 1100 1371 1122 venit
1382 1106 1436 1122 enm
1453 1106 1477 1121 se
1495 1100 1570 1127 ipsum
1588 1100 1706 1122 invitando
1718 1100 1781 1128 apud
1793 1106 1847 1122 eum
1864 1106 1891 1123 ex
1907 1107 1975 1123 causa
1987 1102 2112 1125 dilectionis
2124 1112 2146 1125 n.

1370 1146 1406 1168 Ad
1416 1146 1424 1167 rl
1432 1146 1452 1168 l.
1462 1151 1519 1173 arg.,
1530 1146 1551 1167 in
1560 1152 1607 1174 quo
1619 1146 1697 1168 Glossa
1708 1152 1778 1174 super
1790 1146 1858 1168 Marc.
1871 1146 1907 1173 tl,
1917 1147 1954 1169 11.
1963 1147 2026 1170 dicit:
2041 1156 2052 1167 a
2062 1148 2083 1170 Si
2092 1149 2145 1178 quis

1308 1199 1362 1215 eum
1374 1192 1472 1220 hospitio
1484 1192 1625 1220 susciperct;
1637 1195 1712 1214 tantae
1723 1192 1784 1214 enim
1797 1193 1936 1220 paupertatis
1953 1193 2004 1220 suit,
2016 1196 2040 1215 ut
2052 1194 2073 1216 in
2086 1196 2145 1217 tanta

1309 1238 1365 1261 urbe
1376 1239 1463 1261 nullum
1475 1238 1600 1266 hospitium
1612 1239 1724 1261 inveniret
1735 1248 1757 1265 »;
1773 1239 1939 1266 respondetur:
1960 1248 1971 1259 τι
1983 1241 2069 1268 Supple
2083 1242 2145 1269 quod

1308 1286 1384 1313 deest,
1401 1285 1500 1308 scilicet:
1517 1288 1539 1308 et
1556 1286 1585 1307 ita
1601 1286 1657 1308 nulli
1674 1286 1779 1308 adulatus
1796 1285 1833 1315 [in
1850 1289 1924 1309 nostra
1944 1287 1981 1309 ed.
1998 1288 2053 1309 haec
2074 1287 2144 1309 verba

1308 1338 1352 1354 non
1369 1332 1466 1359 desunt;
1483 1332 1565 1359 legitur
1582 1332 1657 1354 enim:
1678 1334 1753 1354 tantae
1772 1332 1834 1354 enim
1856 1333 1996 1360 paupertatis
2018 1333 2058 1355 suit
2074 1334 2096 1356 et
2111 1333 2144 1356 ita

1307 1377 1369 1401 nulli
1383 1377 1509 1406 adulatus,
1531 1380 1555 1400 ut
1573 1378 1595 1400 in
1613 1380 1672 1400 tanta
1684 1378 1746 1408 etc.].
1758 1379 1870 1407 Quoniam
1881 1379 1950 1406 igitur
1967 1379 1996 1401 de
2008 1379 2066 1401 sacili
2083 1380 2145 1402 inve-

1307 1428 1390 1448 nerunt
1404 1425 1445 1454 (i),
1465 1425 1563 1452 videtur,
1580 1425 1643 1454 quod
1660 1425 1704 1447 sint
1721 1425 1850 1447 adulatores
1862 1434 1883 1447 n.
1899 1438 1930 1442 -—
1946 1426 2003 1448 Huic
2025 1426 2144 1449 instantiae

1306 1471 1432 1493 Gulielmus
1448 1471 1541 1493 alteram
1561 1471 1734 1499 responsionem
1751 1471 1869 1499 adiungit:
1890 1480 1901 1491 a
1913 1472 2065 1499 Respondeo:
2082 1471 2144 1495 Chri-

1305 1520 1364 1544 stus,
1376 1517 1416 1546 qui
1427 1520 1476 1539 erat
1487 1517 1570 1539 missus
1581 1517 1610 1539 ad
1621 1523 1678 1539 oves
1689 1523 1749 1545 quae
1761 1518 1874 1545 perierant
1885 1518 1968 1540 domus
1977 1518 2051 1544 lsrael,
2060 1518 2145 1546 potuis-

1305 1566 1339 1586 set
1349 1566 1438 1592 petere,
1449 1563 1490 1586 sed
1502 1566 1577 1586 tamen
1589 1564 1671 1590 noluit,
1683 1566 1708 1585 ut
1719 1564 1767 1586 aliis
1780 1565 1875 1586 sormam
1888 1564 1953 1586 daret
1963 1570 2011 1586 non
2019 1564 2111 1592 petendi
2121 1573 2143 1586 n.

1366 1610 1401 1632 Ad
1413 1610 1450 1632 13.
1466 1612 1488 1632 et
1503 1610 1536 1632 14.
1554 1616 1632 1637 augg„
1649 1609 1688 1632 ubi
1705 1616 1731 1632 ex
1748 1609 1827 1632 verbis
1843 1610 1945 1637 Domini,
1957 1611 2017 1632 loan.
2030 1610 2055 1637 4,
2067 1610 2143 1634 7:11a

1304 1657 1362 1680 mihi
1378 1656 1465 1685 bibere,
1483 1656 1606 1685 probatur,
1622 1657 1685 1685 quod
1697 1657 1755 1678 licita
1773 1657 1802 1679 sit
1814 1657 1961 1684 mendicatio,
1974 1657 2041 1679 datur
2052 1664 2144 1686 respon-

1304 1704 1350 1726 sio:
1370 1712 1381 1723 u
1393 1703 1549 1726 Ridiculosum
1569 1706 1602 1725 cst
1621 1703 1709 1730 dicere,
1730 1703 1793 1731 quod
1812 1705 1889 1730 petere
1906 1708 1989 1731 aquam
2002 1703 2030 1724 ad
2048 1706 2142 1730 puteum

1304 1752 1326 1771 et
1345 1749 1374 1771 ad
1391 1750 1476 1771 sontem
1493 1749 1521 1771 sit
1536 1749 1679 1775 mendicare,
1697 1754 1749 1770 cum
1768 1748 1795 1770 sit
1810 1748 1938 1770 communis
1951 1754 2005 1770 usus
2016 1755 2142 1777 aquarum;

1304 1797 1326 1816 et
1342 1797 1418 1817 tamen
1430 1795 1556 1817 secundum
1574 1795 1676 1816 Glossam
1689 1793 1795 1822 exigebat
1810 1800 1894 1822 aquam
1906 1794 2057 1823 spiritualem,
2074 1795 2097 1817 id
2109 1798 2143 1817 est

1305 1840 1374 1862 fldem
1387 1848 1408 1862 ιι.
1420 1839 1532 1869 [Lyranus
1549 1840 1572 1861 in
1589 1841 1648 1862 hunc
1665 1840 1741 1862 locum
1753 1840 1811 1862 duas
1827 1840 1916 1861 Glossas
1930 1839 2031 1868 exhibet,
2043 1846 2141 1868 quarum

1305 1886 1379 1914 prima
1396 1886 1433 1908 hic
1444 1886 1569 1913 allegatur:
1590 1894 1601 1905 ιι
1614 1886 1697 1908 lesus...
1709 1886 1764 1913 petit
1776 1892 1787 1907 a
1800 1886 1915 1913 primitiva
1927 1886 2048 1908 Ecclesia...
2061 1889 2141 1914 potum

1305 1932 1371 1959 ssdei,
1388 1938 1434 1961 qua
1450 1932 1472 1954 in
1492 1938 1545 1954 eum
1557 1932 1675 1959 credatur,
1692 1932 1748 1960 petit
1765 1938 1777 1953 a
1794 1934 1872 1954 natura
1889 1934 1968 1959 potum
1981 1933 2085 1959 rationis,
2096 1939 2141 1962 qua

1304 1979 1413 2001 Conditor
1431 1981 1454 2001 et
1470 1978 1611 2006 Redemptor
1634 1979 1783 2006 investigetur
1796 1988 1816 2000 n.
1841 1978 1959 2005 Secunda,
1983 1985 2053 2007 quam
2073 1979 2140 2001 etiam

1304 2025 1327 2047 S.
1338 2025 1425 2047 Bonav.
1437 2024 1543 2052 explicat,
1560 2024 1621 2046 idem
1639 2024 1687 2046 aliis
1704 2023 1781 2046 verbis
1798 2024 1873 2046 dicere
1885 2023 1989 2045 videtur:
2011 2033 2021 2043 a
2033 2025 2094 2046 Licet
2111 2025 2141 2047 le-

1304 2077 1343 2094 sus
1355 2074 1406 2099 post
1423 2071 1578 2098 fatigationem
1591 2071 1652 2093 sitire
1670 2073 1757 2098 posset,
1770 2073 1845 2092 tamen
1862 2071 1920 2092 hunc
1938 2073 2017 2097 potum
2035 2077 2082 2092 non
2099 2071 2141 2093 exi-

1304 2118 1348 2145 git,
1365 2117 1406 2139 sed
1423 2120 1448 2139 ut
1464 2123 1503 2138 cor
1524 2117 1637 2139 Ecclesiae
1659 2117 1762 2144 gentium
1779 2122 1820 2144 pro
1842 2115 1925 2138 laboris
1947 2116 1995 2137 eius
2013 2116 2141 2143 cognitione

1303 2166 1372 2191 potus
1388 2163 1409 2185 ei
1425 2163 1543 2189 efficiatur,
1560 2163 1674 2185 desiderat
1686 2162 1717 2192 »].

1365 2210 1400 2232 Ad
1418 2210 1455 2232 ⁴5.
1466 2216 1528 2237 argu,
1545 2216 1591 2238 quo
1604 2209 1751 2237 arguebatur,
1764 2209 1826 2238 quod
1837 2208 1952 2236 Christus,
1966 2212 2073 2237 tanquam
2086 2215 2140 2237 pau-

1303 2263 1344 2285 per
1355 2263 1367 2279 a
1379 2257 1505 2279 pharisaeis
1517 2257 1624 2279 invitatus
1632 2274 1637 2283 ,
1649 2256 1785 2279 comedebat
1796 2262 1848 2278 cum
1860 2256 1892 2277 eis
1900 2273 1905 2282 ,
1916 2256 2040 2278 Gulielmus
2049 2262 2140 2284 respon-

1302 2303 1355 2326 det:
1375 2303 1455 2326 «Cum
1475 2302 1578 2325 Christus
1595 2306 1673 2330 petere
1690 2303 1800 2330 potuisset
1818 2304 1925 2330 tanquam
1947 2304 2079 2329 potestatem
2102 2303 2140 2324 ha-

1302 2349 1371 2377 bens,
1388 2349 1427 2371 sed
1440 2352 1517 2371 tamen
1534 2355 1578 2371 non
1596 2348 1700 2376 petebat,
1718 2351 1742 2370 ut
1759 2348 1823 2370 daret
1840 2346 1906 2370 nobis
1924 2349 2032 2377 sormam;
2049 2348 2090 2370 sed
2107 2348 2138 2370 in-

1303 2395 1387 2417 vitatus
1402 2394 1540 2422 recipiebat,
1557 2395 1620 2422 quod
1637 2395 1765 2416 nullatenus
1781 2396 1815 2415 est
1831 2392 1963 2416 mendicare
1975 2402 1997 2415 r».

1365 2441 1399 2463 Ad
1418 2441 1454 2463 16.
1471 2447 1533 2468 arg.,
1556 2440 1577 2462 in
1600 2447 1646 2469 quo
1669 2446 1711 2467 pro
1734 2440 1837 2466 exemplo
1860 2440 1994 2461 Sanctorum
2017 2439 2140 2461 adducitur

1304 2486 1374 2509 Hebr.
1397 2487 1433 2513 ll,
1450 2487 1493 2508 37:
1516 2485 1691 2509 Gircumierzmt
1716 2486 1740 2508 in
1763 2484 1852 2507 melorzs
1878 2487 1927 2511 etc„
1951 2485 2069 2512 responsio
2094 2487 2141 2507 est:

1306 2543 1317 2554 κ
1328 2534 1392 2556 Nulla
1410 2532 1512 2562 [mulier]
1529 2535 1563 2554 est
1580 2532 1654 2560 magis
1671 2538 1752 2560 egens,
1768 2537 1837 2559 quam
1849 2537 1908 2559 quac
1920 2531 2044 2553 manducat
2057 2531 2140 2558 silium,

1303 2580 1387 2603 scilicet
1403 2585 1459 2608 prae
1475 2579 1545 2601 nimia
1561 2581 1673 2606 egestate:
1691 2584 1747 2606 ergo
1770 2577 1909 2599 manducare
1935 2577 2005 2599 tilium
2031 2580 2065 2599 est
2081 2583 2141 2605 opus

1303 2625 1449 2653 perfectionis
1460 2634 1482 2646 n.

1365 2671 1400 2694 Ad
1420 2671 1453 2693 17.
1473 2676 1534 2698 arg.,
1556 2670 1618 2699 quod
1641 2669 1747 2698 proponit
1768 2668 1837 2690 Eliam
1865 2670 1955 2695 pastum
1977 2673 1989 2689 a
2010 2667 2080 2689 vidua
2104 2667 2140 2688 Sa—

1302 2720 1408 2745 reptana,
1419 2717 1581 2745 respondetur:
1602 2725 1612 2736 α
1625 2717 1754 2738 Ridiculosa
1771 2714 1954 2741 argumentatio;
1974 2713 2060 2736 sciebat
2079 2712 2138 2734 enim

1302 2764 1372 2792 EliaS,
1394 2763 1457 2791 quod
1478 2769 1503 2785 ex
1525 2766 1647 2790 praecepto
1673 2761 1762 2784 Domini
1784 2760 1864 2782 mulier
1887 2760 1979 2781 volebat
2000 2762 2022 2781 et
2041 2758 2140 2781 debebat

1302 2816 1395 2838 pascere
1418 2810 1492 2831 illum:
1515 2815 1571 2836 ergo
1592 2815 1639 2831 non
1661 2807 1810 2833 mendicavit,
1833 2806 1874 2828 sed
1896 2805 1999 2828 debitum
2019 2805 2093 2832 exegit
2113 2810 2139 2827 ex

1301 2858 1424 2883 praecepto
1441 2854 1565 2877 Domini».

1362 2902 1397 2924 Ad
1415 2902 1450 2923 18.
1462 2902 1522 2929 πεί,
1535 2901 1563 2923 de
1575 2901 1680 2928 exemplo
1692 2899 1856 2926 discipulorum
1869 2898 1956 2920 loannis
1970 2898 2140 2925 Evangelistae‚

1301 2949 1340 2977 qui
1356 2948 1431 2970 omnia
1449 2947 1561 2969 dederunt
1577 2947 1657 2975 egenis
1673 2949 1727 2972 etc.‚
1744 2945 1811 2967 datur
1829 2945 1884 2966 haec
1896 2944 2025 2972 responsio:
2045 2952 2056 2963 ιι
2073 2943 2139 2965 Falla-

1300 2996 1334 3017 cia
1352 2994 1523 3022 consequente,
1540 2993 1644 3016 instantia
1661 2993 1719 3015 sicut
1734 2991 1810 3019 prius,
1828 2994 1849 3012 et
1866 2991 1924 3012 sicut
1940 2996 1993 3012 cum
2011 2989 2091 3019 furari
2106 2994 2138 3011 se·
