2285 3398
316 202 371 230 582
847 197 945 225 INDEX
968 197 1180 226 OPUSCULORL'

657 277 765 305 Quaesrto
783 276 805 297 ll.

637 323 669 346 De
683 323 830 351 paupertate.

314 373 368 394 Ακτ.
402 372 416 394 l.
436 371 468 393 De
485 373 619 398 paupertate
635 369 712 398 quoad
729 368 950 391 abrenuntiationem
984 384 990 389 .
1020 373 1077 397 paq.
1112 368 1154 390 125

394 419 416 441 ll.
434 419 466 440 De
483 420 618 451 paupertate
634 416 710 446 quoad
729 416 913 439 mendicitatem.
946 431 952 437 .
986 432 991 436 .
1025 432 1029 436 .
1063 423 1074 435 r>
1113 414 1154 437 134

387 466 419 487 lli.
437 466 515 488 Utrum
533 469 647 492 pauperes
658 463 740 491 validi,
752 466 774 485 et
785 463 883 485 maxime
900 463 1029 490 regulares,

453 511 481 533 ad
499 517 569 539 opera
586 511 700 532 manualia
718 510 875 532 universaliter
891 509 935 531 sint
946 509 1029 532 astricti
1063 517 1074 528 η
1113 508 1154 530 156

651 557 761 585 Ques-rio
778 558 810 579 lll.

636 604 669 627 De
686 603 834 626 continentia.

314 654 368 675 Anr.
401 653 416 674 l.
433 652 465 674 De
482 652 590 680 pudicitia
608 651 721 679 coniugali
750 667 1027 673 ........

1183 198 1206 225 Μ
1228 196 1514 225 THEOhOGlCORUM.

1209 275 1265 309 ᾼῆτ.
1283 275 1315 296 111.
1333 275 1364 296 De
1382 275 1529 297 sanctimonia
1547 275 1651 303 virginali
1685 291 1886 297 ......
1915 281 1972 305 pay.
2006 276 2049 298 175

1549 322 1658 350 Ουᾼεετιο
1675 322 1712 344 lV.

1537 369 1571 392 De
1587 368 1723 392 obedientia.

1211 416 1265 438 Aur.
1299 417 1312 437 l.
1331 416 1409 438 Utrum
1427 415 1455 437 sit
1466 421 1593 438 consonum
1606 416 1649 438 iuri
1660 417 1769 444 naturali,
1782 416 1845 445 quod
1857 417 1926 439 homo

1352 462 1483 485 obediendo
1499 461 1615 485 subiaceat
1631 463 1694 485 alteri
1727 481 1927 486 ......

1292 511 1316 533 ll.
1335 511 1414 532 Utrum
1432 510 1461 532 sit
1477 515 1604 532 consonum
1621 511 1768 538 evangelicae
1785 511 1925 539 perfectioni,

1352 556 1414 585 quod
1433 562 1491 578 unus
1508 561 1533 578 se
1552 555 1662 583 astringat
1687 560 1740 579 voto
1764 557 1793 579 ad
1819 556 1926 579 obedien-

1351 603 1407 625 dum
1425 602 1487 625 alleri
1491 619 1924 625 ............
1958 612 1969 623 ι)
2005 603 2050 625 183

1284 651 1315 673 111.
1333 651 1365 672 De
1382 649 1511 672 obedientia
1529 655 1620 672 summo
1638 650 1738 672 Pontifici
1756 649 1847 672 dehita.
1881 667 1887 672 .
1921 667 1926 672 .
1959 658 1970 669 x>
2006 650 2049 671 189

394 700 417 723 ll.
435 699 467 721 De
484 699 619 721 continentia
637 698 722 721 viduali
739 698 851 720 servanda
869 701 891 720 et
907 697 1028 719 vovenda.
1062 706 1073 716 u

1016 824 1354 869 BREVILOQUIUM.

1573 963 1631 986 Peru
1647 963 1688 986 111.

1484 1033 1516 1056 De
1533 1033 1669 1063 corruptela
1684 1033 1778 1063 peccati.

313 966 424 988 Pnomcus
436 981 987 988 ...............
1016 970 1073 993 pay.
1108 964 1147 986 201

313 1013 327 1041 S
344 1013 364 1035 1.
382 1013 413 1035 De
430 1013 548 1036 latitudine
564 1018 642 1035 sacrae
659 1013 790 1040 Scripturae
825 1029 1028 1034 ......
1061 1020 1072 1032 n
1108 1012 1152 1034 202

313 1069 325 1080 r>
345 1061 366 1083 2,
383 1060 416 1082 De
432 1060 575 1088 longitudine
591 1065 668 1082 sacrae
686 1059 817 1087 scripturae
827 1075 1028 1081 ......
1061 1067 1072 1078 11
1108 1059 1152 1081 203

314 1116 325 1127 r>
346 1107 366 1129 3.
384 1107 417 1129 De
433 1106 571 1129 sublimitate
588 1112 666 1129 sacrae
684 1106 815 1134 scripturae
828 1122 1028 1128 ......
1061 1114 1071 1126 n
1108 1105 1152 1128 204

314 1162 325 1173 n
346 1154 367 1176 4.
383 1153 417 1175 De
433 1153 587 1181 profunditate
604 1158 682 1175 sacrae
699 1152 829 1180 Scriptnrae
868 1168 1029 1174 .....
1061 1160 1073 1171 n
1109 1151 1154 1173 205

315 1209 326 1220 n
346 1200 368 1222 5.
384 1199 416 1222 De
433 1199 502 1222 modo
520 1199 658 1227 procedendi
677 1199 749 1227 ipsius
765 1204 843 1221 sacrae
860 1198 991 1226 Scripturae
1023 1215 1029 1220 .
1062 1207 1073 1217 ν)
1109 1198 1153 1220 206

315 1255 326 1267 ι,
346 1247 368 1269 6.
384 1247 417 1269 De
434 1246 503 1268 modo
520 1246 647 1274 exponendi
665 1251 752 1268 sacrani
771 1246 913 1274 §cripturam
946 1262 951 1267 .
985 1262 991 1267 .
1024 1262 1029 1267 .
1062 1253 1072 1265 n
1110 1245 1154 1267 207

688 1315 745 1338 Pars
761 1315 779 1338 1.

619 1386 651 1409 De
671 1385 783 1409 Trinitate
800 1385 847 1408 Dei.

315 1456 367 1479 Car.
422 1457 437 1479 l.
454 1456 486 1478 De
503 1456 545 1478 illis
561 1458 663 1484 septem,
680 1455 710 1478 de
726 1454 811 1484 quibus
826 1457 860 1477 est
872 1454 996 1482 theologia,
1009 1454 1029 1476 in

471 1509 561 1525 summa
593 1517 1029 1524 ............
1063 1509 1074 1520 η
1110 1501 1154 1522 210

414 1551 437 1573 ll.
455 1550 514 1579 Quid
531 1549 655 1572 tenendum
672 1552 706 1572 est
722 1549 752 1572 de
768 1548 866 1571 trinitate
878 1553 1028 1576 personarum

470 1600 492 1619 et
508 1597 593 1619 unitate
609 1596 719 1619 essentiae
751 1610 1029 1618 ........
1062 1603 1072 1614 u
1124 1593 1156 1616 ib.

403 1646 436 1668 ltl.
453 1645 486 1667 De
503 1645 566 1668 istius
582 1644 635 1667 fldei
653 1643 797 1671 intelligentia
815 1649 870 1666 sana
907 1660 913 1665 .
946 1659 951 1664 .
985 1660 990 1664 .
1025 1659 1030 1664 .
1063 1650 1074 1661 »
1110 1641 1150 1663 211

400 1692 438 1714 lV.
454 1691 487 1714 De
503 1692 567 1714 istius
584 1691 636 1714 fidei
654 1690 799 1719 expressione
816 1689 924 1712 catholica
947 1706 952 1711 .
985 1706 990 1711 .
1025 1706 1030 1710 .
1064 1697 1075 1708 »
1111 1689 1155 1710 212

409 1739 437 1761 V.
454 1739 487 1761 De
503 1738 589 1761 unitate
610 1738 703 1760 divinae
727 1740 821 1760 naturae
846 1737 869 1759 in
891 1736 1032 1759 multiformi-

472 1788 516 1808 tate
532 1785 701 1813 apparitionum
713 1800 1031 1807 .........
1064 1792 1075 1803 »
1111 1784 1155 1805 213

403 1833 438 1855 Vl.
456 1833 488 1855 De
505 1832 590 1855 unitate
605 1832 697 1855 divinae
714 1834 807 1854 naturae
824 1831 846 1853 in
869 1830 1032 1859 multiplicitate

472 1880 673 1908 appropriawrum
714 1895 1030 1901 .........
1065 1886 1075 1897 n
1112 1877 1156 1899 214

395 1927 441 1948 Vll.
458 1926 491 1948 De
507 1925 671 1954 omnipotentia
688 1925 727 1947 Dei
753 1940 1033 1947 ........
1065 1932 1076 1943 n
1112 1924 1157 1945 215

388 1972 444 1994 tht.
460 1972 492 1994 Dc
508 1972 548 1994 Dei
566 1971 690 1999 sapientia,
708 1970 914 1999 praedestinatione
931 1973 953 1992 ct
969 1976 1032 1997 prae-

473 2018 566 2041 scientia
600 2025 1077 2040 .............
1113 2017 1157 2038 210

401 2066 439 2088 tx.
457 2066 489 2087 De
505 2065 621 2087 voluntate
638 2064 677 2086 Dei
694 2066 717 2086 et
733 2064 876 2092 providentia
910 2072 1077 2085 .....
1114 2063 1158 2084 217

688 2133 745 2156 Pars
761 2133 791 2156 11.

606 2205 638 2228 De
654 2205 767 2227 creatura
783 2202 872 2226 mundi.

319 2276 373 2300 cip.
428 2277 443 2299 l.
460 2276 493 2298 De
509 2275 659 2304 productione
676 2274 755 2296 mundi
773 2274 845 2296 totalis
873 2291 878 2295 .
912 2290 918 2295 .
951 2290 957 2296 .
990 2290 996 2295 .
1029 2290 1034 2295 .
1068 2282 1079 2292 r»
1114 2273 1158 2294 219

419 2323 442 2345 ll.
459 2323 492 2345 De
508 2324 587 2344 natura
605 2320 717 2349 corporali
735 2322 845 2349 quantum
863 2319 891 2342 ad
908 2319 961 2349 fieri
989 2336 994 2340 .
1027 2336 1032 2341 .
1067 2327 1077 2338 n
1129 2317 1160 2341 ib.

409 2370 441 2392 lll.
459 2369 491 2392 De
507 2371 589 2391 natura
605 2367 718 2395 corporali
735 2369 846 2396 quantum
865 2366 894 2389 ad
910 2371 959 2389 esse
991 2382 996 2387 .
1031 2383 1035 2388 ,
1069 2374 1080 2385 r>
1116 2366 1160 2388 220

408 2415 445 2438 tv.
462 2415 494 2437 De
510 2417 589 2437 natura
606 2413 719 2442 corporali
736 2415 847 2442 quantum
866 2412 896 2435 ad
907 2411 1004 2441 operari
1014 2415 1036 2434 et

478 2461 1080 2491 influere............»
1116 2459 1155 2480 221

416 2509 443 2531 V.
461 2509 493 2531 De
517 2508 587 2530 modo
613 2507 757 2530 describendi
782 2506 898 2534 praedicta
923 2505 946 2527 in
972 2510 1035 2527 sacra

479 2554 610 2582 Scriptura.
643 2571 648 2575 .
681 2569 687 2575 .
720 2569 726 2575 .
759 2570 764 2574 .
798 2569 804 2574 .
837 2569 843 2575 .
877 2569 882 2574 .
915 2568 921 2574 .
954 2567 959 2573 .
992 2567 998 2573 .
1031 2567 1037 2572 .
1071 2560 1081 2570 n
1117 2552 1161 2573 222

409 2601 445 2623 Vl.
462 2601 494 2622 De
512 2600 662 2628 productione
679 2605 831 2626 supernorum
849 2598 970 2626 spirituum
993 2615 997 2619 .
1032 2614 1037 2619 .
1071 2607 1081 2617 u
1117 2598 1160 2620 224

403 2646 447 2668 Vll.
464 2646 496 2667 De
512 2645 625 2672 apostasia
642 2644 781 2666 daemonum
798 2661 803 2666 .
832 2659 835 2660 ν
837 2653 1080 2666 ........
1132 2643 1162 2666 ib.

394 2693 448 2715 Vlll.
465 2693 497 2714 De
513 2691 685 2714 confirmatione
701 2690 814 2713 bonorum
832 2691 971 2719 Angelorum
994 2707 999 2713 .
1033 2708 1038 2712 .
1071 2699 1081 2710 »
1117 2691 1162 2713 225

408 2740 446 2762 lx.
463 2739 494 2761 De
503 2738 654 2766 productione
662 2737 761 2760 hominis
770 2740 880 2766 quantum
892 2737 921 2759 ad
933 2737 1037 2764 spiritum
1071 2746 1081 2756 n
1118 2737 1161 2758 226

418 2787 447 2809 X.
464 2786 496 2808 De
512 2784 663 2813 productione
680 2783 778 2805 hominis
789 2785 901 2811 quantum
913 2783 942 2804 ad
954 2789 1038 2810 eorpus
1071 2792 1081 2802 ιι
1117 2783 1161 2805 227

412 2833 448 2855 Xl.
466 2832 498 2854 De
514 2830 664 2858 productione
681 2828 779 2851 hominis
790 2831 901 2857 quantuni
919 2828 948 2850 ad
965 2831 1037 2850 totum

481 2876 626 2900 coniunctum
645 2883 1081 2898 .............
1117 2875 1162 2896 229
1180 2867 1192 2875 ’“

371 2922 374 2923 ’
404 2926 451 2948 xn.
468 2926 501 2947 De
516 2923 666 2951 completione
683 2926 705 2945 et
721 2921 863 2944 ordinatione
878 2922 946 2943 totius
958 2922 1037 2943 mundi

483 2970 633 2993 consummati
644 2985 1037 2991 ...........
1071 2977 1081 2988 12
1117 2968 1162 2990 230

1210 1104 1262 1127 CAP.
1319 1105 1334 1127 1.
1351 1105 1383 1126 De
1400 1104 1488 1132 origine
1505 1104 1557 1126 mali
1575 1104 1596 1126 in
1613 1104 1730 1127 communi
1764 1121 1769 1126 .
1802 1120 1808 1126 .
1842 1121 1848 1126 .
1882 1121 1886 1126 .
1916 1110 1972 1133 pay.
2006 1103 2046 1126 231

1312 1151 1335 1173 ll.
1353 1151 1386 1172 De
1402 1151 1531 1178 primorum
1549 1155 1670 1179 parentum
1687 1152 1809 1174 tentatione
1842 1168 1847 1173 .
1881 1169 1886 1173 .
1919 1168 1926 1174 .
1958 1160 1969 1171 n
2021 1150 2051 1173 ib.

1305 1197 1338 1218 lll.
1355 1196 1386 1218 De
1404 1196 1531 1224 primorum
1549 1200 1669 1224 parentum
1686 1197 1866 1225 transgressione
1882 1214 1887 1219 .
1921 1214 1927 1220 .
1960 1206 1971 1217 n
2006 1197 2050 1219 232

1298 1243 1335 1265 lv.
1352 1243 1384 1265 De
1402 1243 1529 1270 primorum
1547 1246 1668 1271 parentum
1685 1243 1804 1271 punitione
1843 1261 1848 1266 .
1882 1260 1888 1266 .
1921 1261 1927 1266 .
1959 1252 1970 1264 n
2006 1243 2050 1266 233

1306 1290 1333 1312 V.
1351 1290 1383 1312 De
1400 1290 1516 1317 originalis
1533 1290 1619 1318 peccati
1637 1290 1783 1318 corruptione
1805 1308 1810 1312 .
1843 1308 1848 1312 .
1882 1307 1887 1312 .
1921 1307 1927 1312 .
1959 1299 1970 1310 n
2006 1290 2051 1313 234

1298 1337 1335 1359 Vl.
1354 1337 1387 1359 De
1403 1337 1519 1365 originalis
1535 1338 1622 1365 peccati
1640 1338 1792 1360 transfusione
1805 1355 1810 1360 .
1844 1354 1849 1360 .
1883 1354 1888 1360 .
1922 1355 1927 1360 .
1960 1346 1971 1357 υ
2006 1337 2051 1359 235

1290 1384 1335 1406 Vll.
1354 1384 1385 1406 De
1401 1384 1518 1412 originalis
1535 1385 1620 1412 peccati
1638 1385 1753 1407 curatione
1766 1402 1927 1407 .....
1959 1393 1971 1405 ι»
2006 1384 2050 1407 236

1284 1430 1337 1452 Vlll.
1354 1430 1387 1452 Dc
1403 1430 1493 1458 origIne
1510 1434 1657 1458 peccatorum
1674 1431 1810 1453 actualium.
1842 1448 1848 1453 .
1882 1448 1887 1453 .
1921 1448 1926 1453 .
1958 1440 1970 1451 ι»
2022 1430 2052 1453 ib.

1297 1477 1336 1499 lX.
1352 1477 1385 1499 De
1402 1476 1491 1505 origine
1507 1480 1529 1499 et
1551 1477 1696 1499 distinctione
1721 1477 1852 1505 capitalium
1877 1483 1928 1505 pec·

1368 1527 1471 1546 catorum
1494 1541 1928 1547 ............
1960 1533 1971 1544 n
2007 1524 2052 1546 237

1305 1571 1334 1593 X.
1352 1571 1384 1593 De
1408 1570 1496 1598 origine
1522 1573 1544 1592 et
1568 1571 1676 1598 qualitate
1701 1573 1847 1598 peccatorum
1876 1577 1928 1599 poe-

1368 1617 1454 1639 nalium
1491 1634 1496 1639 .
1534 1634 1929 1640 ...........
1962 1627 1973 1638 n
2008 1618 2053 1640 238

1299 1664 1337 1686 Xl.
1354 1664 1385 1686 De
1402 1664 1490 1692 origine
1507 1666 1654 1692 pcccatorum
1667 1664 1781 1692 finalium,
1799 1670 1859 1693 quae
1876 1667 1929 1687 sunt

1366 1714 1456 1738 peccata
1474 1711 1496 1733 in
1515 1711 1623 1739 spiritum
1641 1714 1745 1733 sanctuni
1768 1721 1973 1734 ......
2009 1711 2053 1734 240

1578 1772 1634 1796 Pars
1650 1772 1688 1796 w.

1478 1836 1510 1858 De
1527 1835 1689 1859 incarnatione
1709 1835 1784 1859 Verbi.

1213 1897 1265 1920 CM».
1322 1899 1335 1920 l.
1353 1898 1385 1920 De
1402 1899 1501 1925 ratione,
1518 1905 1563 1927 qua
1582 1898 1685 1921 Verbum
1707 1898 1745 1920 Dei
1763 1898 1844 1921 debuit
1861 1898 1930 1920 incar-

1372 1945 1420 1967 nari
1438 1945 1473 1967 vel
1491 1945 1567 1967 decuit
1575 1962 1931 1968 ..........
1963 1954 1974 1965 π
2010 1945 2050 1967 241

1316 1992 1337 2014 il.
1357 1992 1388 2014 De
1406 1992 1558 2014 incarnatione
1574 1996 1684 2021 quantuni
1710 1992 1739 2014 ad
1766 1992 1873 2014 unionem
1895 1998 1931 2014 na-

1371 2043 1473 2061 turarum
1496 2055 1929 2062 ............
1963 2048 1974 2059 n
2010 2038 2054 2061 242

1309 2086 1340 2107 111.
1358 2086 1389 2107 Dc
1407 2086 1561 2108 incarnatione
1578 2089 1688 2114 quantum
1706 2086 1735 2107 ad
1754 2085 1848 2108 modum
1887 2103 1892 2107 .
1926 2103 1930 2107 .
1964 2094 1974 2105 r»
2010 2085 2054 2107 243

1301 2131 1338 2153 IV.
1356 2131 1387 2153 De
1405 2132 1556 2154 incarnatione
1581 2135 1692 2160 quantum
1717 2132 1745 2154 ad
1767 2131 1930 2159 plenitudinem

1372 2182 1502 2205 temporum
1537 2188 1969 2201 ............
1969 2187 1974 2198 2
2010 2178 2055 2201 244

1311 2224 1338 2245 V.
1355 2224 1387 2245 De
1405 2224 1545 2251 plenitudine
1570 2225 1656 2252 gratiae
1673 2224 1756 2247 Chi-isti
1772 2228 1884 2253 quantum
1901 2225 1930 2247 ad

1373 2270 1508 2292 charismata
1527 2271 1548 2292 in
1565 2264 1659 2293 aflectu]
1693 2287 1931 2293 .......
1964 2279 1975 2290 n
2011 2270 2056 2293 245

1303 2316 1339 2338 Vl.
1357 2316 1389 2338 De
1406 2316 1546 2343 plenitudine
1562 2317 1686 2344 sapientiae
1704 2317 1726 2339 in
1743 2317 1855 2339 intellectu
1887 2334 1893 2339 .
1926 2334 1932 2339 .
1964 2326 1975 2337 n
2011 2316 2055 2338 246

1296 2363 1340 2385 Vll.
1357 2363 1389 2385 De
1407 2363 1545 2390 perfectione
1563 2364 1636 2385 meriti
1653 2364 1676 2385 in
1694 2365 1774 2386 ellectu
1808 2380 1814 2386 .
1847 2380 1853 2386 .
1886 2380 1891 2385 .
1925 2380 1931 2386 .
1964 2372 1975 2383 r>
2011 2363 2055 2385 247

1288 2409 1341 2431 Vlll.
1358 2409 1390 2431 De
1408 2409 1514 2437 passione
1531 2409 1612 2432 Christi
1630 2413 1741 2438 quantum
1754 2409 1782 2431 ad
1795 2412 1878 2431 statum
1891 2415 1931 2437 pa-

1374 2456 1448 2479 tientis
1459 2465 1975 2479 ...............
2011 2456 2055 2479 248

1304 2503 1341 2525 lX.
1359 2502 1390 2524 De
1411 2502 1516 2530 passione
1540 2502 1621 2525 Christi
1645 2506 1756 2531 quantum
1781 2503 1809 2524 ad
1836 2502 1931 2524 modum

1375 2550 1474 2577 patiendi
1499 2565 1931 2571 ............
1965 2557 1976 2568 1>
2011 2548 2056 2570 249

1311 2597 1344 2619 X.
1357 2596 1389 2618 De
1406 2596 1510 2623 passione
1522 2595 1601 2618 Christi
1614 2598 1725 2624 quantum
1736 2595 1764 2617 ad
1783 2595 1866 2617 exitum
1883 2600 1932 2622 pas-

1374 2642 1443 2663 sionis
1461 2656 1932 2663 .............
1965 2648 1975 2659 n
2012 2639 2051 2661 251

1587 2701 1644 2724 Pars
1660 2702 1687 2725 V.

1464 2765 1495 2787 De
1512 2764 1589 2793 θνητὰ]
1608 2763 1711 2793 Spiritus
1728 2763 1810 2786 sancti.

1218 2827 1271 2850 Cn».
1326 2829 1340 2850 l.
1358 2828 1389 2849 De
1406 2826 1491 2855 gratia,
1508 2826 1530 2848 in
1548 2829 1658 2854 quantum
1676 2828 1709 2848 est
1724 2825 1810 2847 donum
1823 2824 1932 2847 divinitus

1374 2874 1452 2896 (latum
1461 2888 1930 2896 .............
1965 2879 1975 2890 ι)
2011 2870 2054 2892 252

1320 2921 1343 2942 ll.
1361 2921 1393 2942 De
1410 2920 1493 2947 gratia,
1512 2919 1532 2941 in
1550 2923 1661 2947 quantum
1675 2919 1736 2941 iuvat
1747 2918 1776 2940 ad
1790 2917 1874 2940 bonum
1888 2923 1931 2939 me-

1375 2966 1477 2988 ritorium
1501 2980 1932 2988 ............
1964 2972 1975 2983 12
2011 2963 2054 2985 253
