2285 3398
346 163 403 191 402
758 204 764 208 .
954 162 985 191 {N
1005 156 1226 206 ΗΕᾉΑΕΜΕΒΟΝ
1246 162 1409 192 coemite
1431 163 1485 190 xv.

344 240 534 269 subintraret.
557 239 588 270 Et
611 240 664 281 hoc
683 240 801 269 ostendit
830 240 930 269 lsaias:
968 240 1090 270 Verbum.
1117 241 1198 270 misit

348 287 489 315 Dominus
511 286 542 314 in
562 285 646 315 Iacob
661 290 687 314 et
701 286 803 315 cecidit
818 286 849 315 in
863 287 967 316 Israel.
990 288 1113 316 Verbum
1127 288 1197 316 mis-

345 342 412 362 sum
434 334 465 362 in
485 333 590 366 Iacob,-
612 333 697 361 Iacob
719 336 761 362 est
782 341 882 362 nomen
904 337 1037 369 naturae,
1060 335 1127 372 quia
1145 335 1197 363 suit

345 381 378 410 de
399 381 459 410 eius
480 380 599 414 semine,
621 380 668 409 sed
686 380 788 409 cecidit
802 380 834 409 in
848 381 963 415 lsrael;
978 381 1081 416 Israel,
1097 389 1196 410 nomen

344 428 519 465 spiritmaele:
541 436 590 456 nos
611 435 710 457 sumus
729 427 787 464 filii
808 428 900 457 lsrael
928 432 955 458 ct
979 428 1036 466 lilii
1058 428 1197 457 Abi-aliae

345 475 497 504 secundum
531 475 788 512 repromissionem,
821 475 888 512 quia
919 483 1017 504 sumus
1045 475 1197 504 imitatores

346 522 406 551 tidei
429 522 562 551 Abrahae.
585 521 660 550 Unde
682 521 763 551 lsaias
776 524 805 550 ¹:
830 522 969 560 Coynouit
991 522 1040 550 bos
1052 529 1198 559 possesso-

346 578 403 597 rem
426 577 532 602 suum,
554 572 580 597 et
600 568 706 597 asinus
724 578 864 607 praesepe
882 569 995 598 domini
1012 569 1062 597 sui
1072 579 1081 602 ‚·
1106 567 1198 596 lsrael

344 620 441 644 autem
462 624 506 644 me
521 624 579 644 non
593 615 739 653 eoynovzt,
761 620 786 645 et
806 616 934 653 populus
948 616 1029 644 meus
1044 624 1102 644 non
1117 614 1196 643 intel-

344 663 418 691 lexit.
443 663 513 696 Bos,
535 658 814 700 ordo‘apostolicus,
844 663 917 692 unde
946 663 1047 703 l‘aulns
1074 662 1140 691 dicit
1168 669 1197 690 se

344 710 496 739 Hebraeum
519 718 554 738 ex
577 710 726 744 Hebraeis;
748 710 799 747 ipsi
822 710 937 742 luerunt
964 710 1045 738 bores
1074 709 1196 746 proscin—
1225 721 1227 725 ·

342 757 437 786 dentes
459 760 580 790 terram;
604 757 709 785 asinus
730 757 783 786 fuit
803 757 1068 794 populus-gentili&
1096 756 1194 785 lsaias:

350 804 451 837 Venite,
473 808 498 832 et
519 804 716 833 ascendamus
744 805 784 832 αα
812 808 936 833 viantem
958 804 1078 832 Domini
1104 807 1129 832 et
1156 803 1196 831 acl

342 852 462 880 (tomum
483 851 537 880 Dei
557 850 653 880 Iacob.
676 851 708 879 Et
729 851 875 888 sequitur:
906 851 970 879 Non
996 851 1099 879 levabit
1124 859 1195 888 qens

342 902 446 927 contra
465 902 577 936 gyentem
596 897 749 935 pladiani,
770 906 821 926 nee
835 898 1045 926 exercebuntur
1060 897 1141 926 ultra
1155 897 1196 926 acl

201 945 494 983 contradicamproelium..
512 962 548 966 ——
567 945 766 974 Contradicunt
788 945 893 979 ludaei,
916 945 1046 982 quoniam
1072 944 1194 973 nondum

233 975 302 994 ludaei,

260 1281 330 1299 Tertio.

344 993 395 1022 hoc
406 993 552 1029 impletum
563 996 620 1026 est;
634 992 680 1021 sed
693 993 826 1029 Propheta
839 1001 893 1021 non
906 992 1031 1029 loquitur
1043 1001 1094 1030 pro
1105 993 1195 1029 primo

342 1040 479 1073 adventu,
502 1040 544 1069 vel
566 1048 617 1076 pro
640 1040 728 1076 prima
755 1040 912 1073 vocatione,
935 1039 982 1068 sed
1005 1047 1056 1077 pro
1081 1040 1205 1078 ultima,n
1224 1039 1225 1047 ¹

343 1087 454 1124 quando
475 1087 535 1115 dies
559 1086 676 1115 Domini
689 1087 742 1115 crit
755 1096 844 1124 super
860 1096 972 1119 omnem
986 1091 1194 1125 arroyantem;

343 1141 393 1162 nec
414 1137 456 1162 est
478 1133 700 1171 intelligendum,
729 1134 801 1171 quod
832 1134 892 1162 illos
915 1143 1015 1162 ramos
1037 1134 1074 1163 sic
1103 1134 1195 1163 dinnt-
1223 1153 1225 1177 l

345 1184 383 1209 tat
403 1181 486 1209 Deus.

407 1229 469 1256 26.
493 1228 513 1256 T
515 1228 585 1256 ertia.
605 1228 774 1265 comparatio
796 1228 896 1257 veteris
911 1232 938 1257 et
960 1228 1023 1257 novi
1040 1229 1193 1258 testamenti

344 1278 386 1304 est
406 1275 558 1304 secundum
588 1268 722 1304 rationem
752 1275 893 1304 ternarii:
923 1276 989 1312 quia
1017 1278 1059 1304 est
1084 1279 1194 1313 tempus

346 1323 502 1359 synagogae
524 1322 667 1356 initiatae,
684 1327 845 1360 promotae,
867 1322 1032 1359 deficientis.
1049 1339 1085 1344 —
1101 1323 1144 1352 Sic
1166 1324 1193 1352 in

345 1378 416 1398 novo
442 1372 604 1398 testamento
625 1373 667 1398 est
688 1370 823 1399 Ecclesiae
855 1370 1005 1403 initiatae,
1035 1370 1193 1404 dilatatae,

343 1420 569 1444 eon-summalae.
593 1416 668 1445 Unde
690 1416 717 1444 in
739 1416 872 1445 Cantic0²
892 1420 933 1446 ter
956 1417 1086 1446 landatur
1104 1417 1193 1446 Eccle-

343 1463 397 1495 sia,
426 1470 497 1499 quae.
518 1463 601 1491 unica
624 1466 730 1491 tantum
752 1467 809 1495 est,
831 1471 881 1492 nec
906 1466 973 1492 sunt
998 1471 1048 1492 nec
1078 1467 1195 1500 possunt

343 1518 402 1539 esse
422 1510 525 1546 plures.
543 1510 613 1538 Laus
636 1510 769 1538 Ecclesiae
790 1510 940 1538 initiatae:
958 1511 1039 1546 Quae
1060 1514 1100 1538 est
1122 1510 1193 1545 ista,

342 1565 416 1595 quae
443 1556 573 1585 aseendit
595 1565 649 1594 per
677 1557 823 1585 desertum
843 1557 920 1585 sieut
942 1557 1061 1594 uiryala
1091 1556 1194 1594 fumi?

342 1603 477 1638 Secundo,
489 1603 624 1632 Ecclesiae
639 1603 794 1632 dilatatae:
809 1603 889 1639 Quae
904 1607 943 1632 est
958 1603 1026 1637 ista,
1038 1612 1113 1641 quae
1124 1613 1194 1641 pro-

341 1650 476 1687 9reditur
491 1650 580 1688 quasi
600 1658 717 1678 aurora
731 1658 924 1687 consummem,
936 1649 1045 1687 pulcra
1060 1653 1093 1678 ut
1108 1649 1194 1684 luna,

343 1697 428 1725 electa
449 1701 482 1725 ut
502 1696 566 1725 sol?
582 1696 690 1730 Tertio,
706 1696 841 1726 Ecclesiae
862 1700 1096 1739 consummatae:
1114 1698 1195 1733 Quae

343 1748 383 1772 est
404 1744 479 1777 ista,
501 1752 576 1782 quae
590 1744 720 1772 ascendit
734 1744 768 1772 ‹te
782 1744 905 1778 deserto,
927 1744 1039 1773 deliciis
1053 1744 1194 1781 affluens,

346 1789 449 1819 innixa
463 1799 553 1828 super
567 1790 703 1819 dilectum
717 1790 825 1819 suum?
840 1791 955 1820 Necesse
969 1794 1011 1820 est
1021 1791 1105 1825 enim,
1120 1791 1194 1828 quod

344 1837 442 1866 Rachel
471 1838 560 1875 pariat
588 1838 658 1867 tilios
686 1846 751 1867 suos
770 1835 799 1867 in
821 1838 896 1867 finali
916 1838 1043 1868 Ecclesia.
1067 1839 1142 1867 Unde
1167 1839 1194 1867 in

345 1885 501 1922 Apocalypsi
511 1885 522 1902 ³
536 1886 672 1914 Manasses
689 1885 801 1922 ponitur
820 1888 882 1914 ante
898 1888 1018 1922 patrem,
1033 1886 1100 1923 quia
1114 1890 1195 1915 sexto

1256 241 1327 273 loco,
1348 242 1375 269 et
1398 240 1493 276 loseph
1516 239 1678 273 undecimo,
1701 240 1798 269 ultimo
1821 242 1975 276 Beniamin,
2000 246 2027 271 et
2049 251 2102 272 non

1256 287 1314 316 sine
1336 294 1426 315 causa.

1335 335 1380 361 27.
1398 333 1503 369 Quarta
1517 333 1685 370 comparatio
1700 334 1801 363 veteris
1823 338 1850 363 et
1871 335 1932 363 novi
1950 337 2103 365 testamenti
2118 345 2195 367 enarm-

1255 380 1409 409 secundum
1431 380 1627 417 coaptatiorws
1642 385 1815 418 temporum·
1826 384 1883 413 est,
1899 382 1965 418 quia
1986 387 2107 419 quatuor

1256 430 1382 463 tempora
1403 426 1430 455 in
1450 427 1535 456 veteri
1552 430 1715 456 testamento
1737 428 1905 465 respondent
1919 431 2041 465 quatuor
2062 437 2107 458 or-

1255 473 1367 502 dinibus
1388 473 1462 502 circa
1483 468 1693 503 tabernaculum
1715 474 1859 504 duodecim
1883 475 2008 504 tribuum
2021 476 2041 509 4,
2064 484 2108 505 re-

1255 520 1390 557 spondent
1418 524 1539 558 quatuor
1571 521 1704 551 lateribus
1732 522 1849 551 civitatis
1878 523 2052 560 apocalypsis
2080 526 2108 552 et

1255 571 1377 605 quatuor
1398 567 1564 597 animalibus
1581 569 1655 597 circa
1676 569 1777 598 sedem.
1795 570 1918 598 Primum
1940 573 2052 607 tempus
2066 574 2107 599 est

1256 615 1415 643 uocationis
1440 614 1689 644 Patriarcliartmn
1699 626 1710 649 ‚·
1724 616 1892 650 secundum,
1914 617 2107 646 ‘institutionis

1255 661 1406 695 iudicum,-
1421 662 1550 696 tertium,
1572 663 1751 692 inunctionis
1773 672 1892 701 requam
1907 666 2057 701 quartum,
2074 664 2106 692 il—

1255 708 1441 737 lustrationis
1463 708 1689 746 Prophetarum.
1714 727 1750 731 —
1773 711 1818 739 His
1843 714 1965 748 quatuor
1986 711 2013 739 in
2036 719 2107 740 novo

1254 759 1418 785 testamento
1447 756 1594 793 respondet
1615 761 1724 795 tempus
1747 757 1971 795 Apostolorum,
1993 761 2106 796 marty-

1254 812 1340 837 rum,
1358 803 1549 840 pontificum,
1572 804 1731 842 eirgyinmn.

1298 872 1299 875 ,
1332 852 1378 879 28.
1404 851 1506 887 Quinta
1533 853 1701 889 comparatio
1722 856 1763 881 est
1791 852 1945 881 secundum
1971 853 2106 882 rationem
2119 858 2196 882 Quium·

1253 898 1397 936 quinarii,
1410 901 1441 926 ut
1453 898 1488 927 sit
1498 906 1597 927 manus
1611 899 1727 928 dextera
1738 903 1765 928 et
1780 899 1892 928 sinistra
1906 900 2011 929 liabens
2025 900 2107 938 quin,-

1252 953 1307 982 que
1329 945 1436 982 digitos.
1460 945 1584 974 Primum
1600 949 1708 983 tempus
1729 950 1770 975 est
1785 946 1959 975 emulationis
1980 951 2107 976 natura-

1252 1000 1337 1025 rum,-
1352 992 1521 1026 secundum,
1541 993 1746 1030 inspirationis
1764 993 2036 1028 Patriareharuni;
2052 997 2107 1023 ter-

1253 1039 1337 1073 tium,
1354 1039 1545 1068 institutionis
1561 1039 1713 1077 legyalium;
1735 1043 1882 1078 quartum,
1898 1040 2107 1069 illustrationis

1255 1084 1490 1123 Prophetarum
1511 1087 1656 1124 quintum,
1678 1088 1908 1117 restaurationis
1933 1088 2105 1117 ruinarum.

1254 1149 1290 1154 —-
1306 1133 1334 1161 ln
1350 1141 1421 1162 novo
1436 1137 1599 1163 testamento
1621 1135 1768 1172 respondet
1788 1144 1884 1169 inane,
1901 1135 1996 1169 tertia,
2011 1139 2105 1169 semla,

1254 1189 1349 1214 nona,
1373 1180 1527 1209 amleeima
1538 1182 1557 1209 ⁵.
1581 1182 1665 1210 Mane
1686 1182 1834 1219 respondet
1855 1182 2002 1211 conditioni
2025 1185 2120 1217 natur

1253 1236 1316 1261 rae,
1339 1227 1450 1265 quando
1474 1229 1574 1265 posuit
1599 1229 1674 1257 Deus
1703 1230 1801 1258 siclam
1825 1229 1854 1257 in
1882 1229 2045 1267 paradiso,
2073 1233 2107 1258 ut

1253 1278 1427 1312 operaretur
1448 1279 1473 1303 et
1494 1275 1651 1304 custodiret
1674 1276 1764 1304 illum.
1789 1277 1913 1305 Primum
1936 1279 2047 1313 tempus
2078 1276 2105 1305 in

1252 1330 1324 1350 novo
1347 1324 1510 1350 testamento
1525 1325 1566 1351 est
1587 1321 1755 1360 diffusionis
1774 1322 2009 1357 charismatum,
2031 1322 2105 1360 quod

1253 1369 1401 1405 respondet
1415 1378 1474 1397 esse
1489 1373 1650 1404 creaturae;
1672 1369 1842 1403 secundum,
1866 1369 2025 1398 vocationis
2038 1378 2105 1407 yen-

1252 1416 1342 1450 tium,
1365 1415 1439 1452 quod
1462 1415 1609 1452 respondet
1630 1416 1767 1450 secundm
1791 1416 1919 1450 tertium,
1949 1415 2106 1444 institutio-

1252 1463 1299 1491 nis
1327 1463 1527 1492 Ecclesiarum
1558 1463 1711 1492 secundum
1745 1464 1833 1500 leges,
1858 1463 1933 1500 quod
1959 1463 2106 1500 respondet

1253 1510 1350 1544 tertio3
1373 1505 1521 1547 quartum,
1543 1510 1718 1548 reliyionum
1737 1510 2009 1547 multiplicationis,
2032 1510 2106 1547 quod

1253 1557 1401 1594 respondet
1421 1561 1538 1594 quarto,
1561 1557 1684 1586 maxime
1699 1557 1871 1591 Recliabitis,
1893 1557 1940 1595 qui
1960 1557 2106 1586 moraban-

1253 1607 1300 1632 tur
1322 1604 1396 1632 circa
1416 1604 1575 1637 Iordanem,
1597 1604 1644 1641 qui
1661 1613 1799 1641 pauperes
1819 1605 1935 1638 erant⁶;
1958 1604 2106 1642 quintum,

1254 1650 1281 1679 in
1310 1651 1364 1679 tine
1396 1651 1624 1679 restaurationis·
1652 1651 1862 1689 collapsorum,
1888 1651 1955 1689 quia
1981 1653 2105 1689 oportet,

1253 1697 1328 1735 quod
1349 1697 1442 1726 veniat
1464 1697 1562 1732 Elias,
1584 1698 1632 1735 qui
1647 1698 1777 1727 restituet
1798 1699 1899 1727 omnia
1906 1709 1915 1731 ,·
1937 1707 2000 1727 cum
2026 1706 2059 1727 eo
2080 1701 2107 1727 et

1254 1744 1346 1773 veniet
1367 1744 1486 1773 Henocli.
1504 1741 1605 1773 Bestia
1616 1748 1710 1774 autem
1727 1745 1817 1774 vincet
1838 1745 1902 1774 illos
1923 1746 1997 1775 duos
2016 1749 2105 1774 testes.

1253 1792 1329 1821 Unde
1350 1799 1462 1821 necesse
1484 1795 1538 1825 est,
1560 1795 1592 1820 ut
1613 1791 1693 1829 prius
1720 1795 1827 1826 ruant,
1849 1795 1876 1821 et
1897 1793 1945 1821 liat
1966 1792 2059 1821 ruina
2080 1796 2107 1822 et

1253 1842 1347 1876 postea
1369 1839 1569 1871 restauratio;
1592 1841 1667 1867 tanta
1687 1839 1741 1868 erit
1762 1839 1931 1873 tribulatio,
1954 1843 1986 1868 ut
2010 1839 2042 1868 in
2062 1848 2107 1868 er-

1253 1894 1351 1915 rorem
1373 1885 1566 1919 inducantur,
1588 1886 1616 1914 si
1634 1885 1702 1923 (ieri
1720 1889 1828 1923 potest,
1850 1886 1939 1914 etiam
1960 1886 2039 1915 clceti
2050 1886 2069 1915 ⁷.

409 2394 415 2407 ¹
435 2394 491 2423 Cap.
510 2395 530 2421 vl,
548 2395 574 2422 3;
593 2395 634 2416 etr.
652 2394 743 2417 Hieron.
761 2395 782 2417 in
806 2397 867 2418 hunc
891 2396 976 2419 locum.
992 2407 1024 2412 —
1041 2395 1145 2418 Subinde
1163 2402 1196 2418 re-

346 2434 441 2463 spicitur
458 2434 515 2457 Phil.
532 2435 557 2460 3,
576 2434 602 2456 5:
619 2434 738 2457 Hebraeus
755 2441 782 2457 ex
799 2434 921 2463 llebraeis3
938 2436 1050 2463 allegatur
1067 2431 1116 2458 isai.
1130 2437 1155 2463 2,
1174 2436 1195 2458 3.

346 2477 368 2496 et
380 2473 400 2496 h.
413 2480 440 2496 ac
452 2473 506 2496 dein
518 2480 540 2496 v.
555 2473 596 2495 ⁴2:
608 2473 666 2502 Quia
679 2473 728 2496 dies
745 2473 835 2497 Domini
853 2474 995 2497 exercituum
1013 2480 1084 2503 super
1100 2481 1194 2497 omnem

345 2512 473 2542 superbum
491 2515 514 2535 et
530 2513 646 2535 excelsum
668 2515 691 2534 et.
707 2519 777 2541 super
794 2520 888 2536 omnem
906 2517 1067 2542 arrogantem,
1084 2516 1107 2537 et
1123 2514 1196 2537 humi-

347 2552 445 2576 liabitur.
456 2565 487 2569 —
500 2553 567 2575 Rom.
585 2552 622 2579 ll,
641 2552 662 2574 l.
679 2558 745 2581 seqq.
762 2553 898 2579 ostenditur,
915 2554 979 2582 quod
996 2554 1059 2577 Deus
1077 2553 1195 2576 ludaieum

346 2593 459 2633 puppium
475 2584 532 2615 'non
557 2591 653 2614 omnino
678 2591 774 2619 repulit,
792 2591 871 2620 ib‘quo
887 2599 910 2614 x.
931 2593 965 2616 16.
983 2599 1049 2622 seqq.
1072 2593 1195 2622 Apostolus

347 2631 416 2654 utitur
433 2631 540 2660 exemplo
557 2630 646 2654 radicis
663 2633 686 2653 et
702 2636 837 2653 ramorum.

408 2669 417 2682 ²
435 2670 492 2698 Cap.
509 2671 536 2697 3,
554 2670 580 2697 6;
598 2670 624 2695 fi,
642 2669 663 2691 9.
680 2672 703 2691 et
720 2669 747 2694 8,
765 2668 788 2691 5.
804 2669 850 2691 Cfr.
867 2676 936 2697 supra
955 2671 1029 2692 conat.
1046 2671 1068 2692 2.
1085 2677 1108 2692 ιι.
1129 2670 1162 2692 lai.

408 2707 418 2721 ³
435 2708 492 2737 Cap.
508 2708 536 2735 7,
554 2709 576 2730 6.
593 2714 659 2737 seqq.
676 2708 733 2730 Gen.
751 2708 788 2735 til,
806 2708 847 2730 512
866 2708 1009 2737 Vocavitque
1026 2708 1138 2739 [loseph]
1158 2715 1196 2731 no-

347 2755 400 2770 men
418 2747 566 2777 primogeniti
583 2747 714 2771 Manasses.
731 2746 778 2770 Csr.
790 2747 850 2769 Beda
860 2764 865 2773 ,
877 2748 892 2770 1.
905 2748 1037 2775 Explanatio
1049 2749 1121 2777 Apoc.
1134 2749 1160 2775 7,
1173 2749 1194 2771 5.

346 2793 425 2816 seqq„
443 2786 482 2809 nbi
500 2787 568 2809 etium
586 2786 643 2809 tatio
660 2787 753 2809 affertur
770 2792 812 2814 pro
834 2786 979 2808 ordinatione.
1001 2787 1115 2810 tribuum:
1137 2788 1195 2816 Quia

346 2833 392 2849 non
411 2826 517 2849 ordinem
535 2829 640 2849 terrenae
658 2825 824 2852 generationis,
842 2825 883 2847 sed
901 2825 960 2847 iuxta
985 2826 1195 2854 interpretationem

347 2865 467 2888 nominum
485 2864 582 2887 xii-tutes
600 2864 714 2887 Ecclesiae
731 2864 834 2886 decrevit
852 2863 975 2893 [loannes]
993 2870 1122 2892 exponere,
1134 2871 1196 2894 quae

346 2910 358 2925 a
376 2902 521 2932 consessio-tw
537 2903 559 2926 el
581 2901 651 2925 laude
675 2901 790 2930 praesenti
816 2901 845 2924 ad
871 2901 996 2924 ‹liutternm
1021 2902 1081 2924 vitae
1106 2903 1196 2926 festinet

347 2945 461 2964 aeternae.
486 2942 534 2965 Hoc
556 2941 617 2964 enim
641 2947 724 2963 nomen
749 2940 830 2966 ludae,
847 2940 886 2968 qui
905 2940 1007 2967 primus,
1024 2943 1047 2963 et
1063 2942 1194 2969 Beniamin,

347 2981 385 3009 qui
404 2981 498 3003 ultimus
515 2980 616 3009 ponitur,
633 2982 699 3002 sonat
716 2982 759 3002 ete.

1316 2395 1326 2408 ⁴
1343 2395 1389 2419 Csr.
1407 2396 1474 2418 Num.
1496 2397 1522 2423 2,
1541 2397 1563 2419 3.
1584 2402 1650 2425 seqq.
1667 2408 1698 2412 —
1716 2396 1766 2419 Mox
1783 2395 1905 2424 respicitur
1923 2395 1995 2423 Aper.
2013 2395 2050 2422 2⁴,
2069 2396 2106 2417 16·

1254 2435 1304 2464 (etr.
1326 2442 1397 2464 supra
1417 2442 1473 2464 pag.
1490 2436 1548 2462 363,
1566 2438 1619 2458 nota
1639 2436 1659 2464 4,
1684 2434 1725 2458 ubi
1746 2435 1815 2458 etiam
1839 2435 1869 2457 de
1892 2435 1921 2458 sl‘z
1945 2434 2062 2464 tribubus)
2085 2440 2107 2458 et

1254 2474 1280 2501 4,
1298 2475 1321 2497 8.
1338 2474 1403 2503 (vide
1419 2481 1490 2503 supra
1508 2481 1562 2504 pag.
1580 2475 1710 2503 368‚4nota
1727 2474 1769 2503 7.).

1316 2512 1326 2525 ⁶
1343 2513 1473 2542 llespicitur
1490 2514 1567 2536 maun.
1584 2514 1627 2540 ⁴20,
1648 2514 1667 2536 l.
1684 2520 1763 2543 seqq.;
1781 2515 1823 2536 etr.
1839 2519 1910 2541 supra
1928 2519 1950 2535 n.
1963 2514 2000 2535 49.
2012 2525 2043 2530 —
2055 2513 2106 2536 Mox

1253 2553 1365 2581 allegatur
1381 2553 1439 2575 Gen.
1456 2554 1482 2579 2,
1503 2553 1538 2575 ¹5.
1549 2565 1581 2569 —
1596 2553 1708 2581 Superius
1720 2559 1763 2581 pro
1777 2554 1802 2575 ut
1817 2552 1848 2576 sit
1865 2559 1952 2575 manus
1968 2552 2067 2576 dexteru
2085 2554 2107 2576 et

1252 2591 1352 2616 sinistra
1369 2592 1386 2614 B
1407 2594 1433 2615 vnl
1455 2592 1587 2615 sectantum
1609 2591 1656 2618 duo
1681 2593 1820 2615 testamenta
1846 2591 1894 2615 sint
1918 2591 1981 2615 ditae
2005 2598 2105 2619 manus,

1253 2631 1353 2654 dextera
1370 2632 1393 2654 et
1407 2631 1520 2659 sinistra,
1538 2630 1661 2661 quaelibet.

1316 2669 1327 2682 ⁹
1344 2671 1404 2700 Vide
1421 2672 1500 2693 lerem.
1519 2671 1561 2697 35,
1578 2672 1600 2693 -2,
1618 2677 1683 2699 seqq.
1701 2670 1807 2697 Hieron„
1825 2670 1896 2699 Epist.
1913 2670 1951 2692 58.
1974 2670 2039 2698 (alias
2058 2670 2104 2697 ⁴3.)

1254 2717 1277 2733 n.
1294 2709 1316 2732 5.
1335 2710 1393 2732 inter
1410 2709 1528 2738 principes
1550 2710 1718 2732 monachorum
1741 2712 1846 2732 recenset
1867 2709 1936 2731 etiam
1959 2708 2104 2731 Reelinbitas.

1253 2760 1284 2765 —
1297 2749 1350 2777 Seq.
1367 2749 1432 2771 locus
1448 2751 1483 2770 est
1499 2748 1576 2771 Manli.
1595 2748 1636 2775 Π,
1657 2748 1695 2770 ll:
1714 2748 1772 2770 Elias
1790 2748 1885 2778 quidem
1903 2750 2016 2770 venturus
2032 2750 2072 2769 cst-
2083 2750 2103 2769 et

1253 2787 1357 2810 restituet
1379 2787 1464 2809 omnia.
1483 2787 1515 2809 De
1531 2787 1626 2809 llenoeli
1644 2788 1686 2809 ct‘r.
1703 2787 1759 2809 Gen.
1778 2786 1805 2813 5,
1822 2786 1864 2813 255
1882 2785 1948 2809 Eceli.
1967 2785 2009 2813 44,
2029 2786 2066 2808 16.
2083 2790 2105 2807 et

1253 2825 1322 2849 chr.
1342 2826 1378 2853 tt,
1395 2826 1419 2848 5.
1436 2825 1540 2848 Subinde
1556 2826 1668 2853 allegatur
1685 2826 1758 2854 Apoc.
1776 2825 1812 2851 11¹,
1829 2824 1852 2848 7.
1869 2827 1892 2847 et
1912 2825 1989 2847 Mattn.
2006 2823 2049 2850 24,
2067 2824 2105 2846 2¹.

1253 2870 1280 2887 ac
1297 2865 1336 2887 22.
1351 2876 1383 2882 —-
1399 2865 1417 2887 Α
1428 2865 1471 2888 DE
1489 2865 1584 2888 inferius
1600 2864 1709 2887 omittunt
1726 2870 1781 2887 cum
1797 2870 1824 2887 eo
1840 2865 1862 2887 et
1880 2863 1953 2887 veniet
1969 2861 2072 2886 Jlenoeli.

1316 2902 1324 2916 ⁷
1342 2903 1489 2932 Comparatio
1506 2903 1590 2926 veteris
1606 2906 1629 2926 ct
1644 2903 1699 2927 noxi
1712 2903 1839 2926 testamenti
1854 2902 1999 2926 continuatur
2016 2901 2038 2924 in
2055 2907 2104 2929 seq.

1252 2943 1370 2965 collatione
1386 2943 1463 2972 quoad
1481 2943 1596 2966 senarium
1614 2946 1636 2965 et
1653 2942 1818 2971 septenarium.
