2285 3398
209 926 239 946 Ad
244 927 325 970 ἐξηρώ-

344 137 381 165 84
982 135 1206 172 QUAESTIONES
1227 134 1425 164 DISPUTATAE

338 218 393 244 est:
415 214 477 243 hinc
491 217 544 247 est,
566 214 638 251 quod
659 214 796 251 cognoscit
810 214 900 251 ipsum
921 214 1008 248 finite,
1023 217 1049 242 et
1070 221 1106 242 ex
1120 214 1172 242 hoc

340 262 398 299 ipso
418 262 445 290 in
466 261 524 298 ipso
552 261 699 290 beatificari
721 261 811 290 habet.
832 262 885 291 Nec
906 264 997 290 tamen
1023 261 1073 289 iste
1094 260 1173 289 intel-

340 310 426 338 lectus
440 309 523 337 falsus
543 312 599 342 est,
620 308 685 346 quia
697 308 809 338 modum
823 309 934 338 finitatis
955 308 1030 346 ponit
1051 307 1131 336 circa
1145 315 1174 335 se

1233 213 1305 241 circa
1328 214 1419 242 Deum
1444 212 1606 250 coynz'cmn,
1627 220 1691 241 cum
1712 213 1803 249 Ipsum
1831 213 1963 251 intelllgat
1983 214 2073 243 infini-

1234 263 1308 294 tum,
1330 260 1392 289 licet
1414 259 1526 289 minime
1546 259 1778 296 comprehendere
1800 260 1887 288 valeat
1912 260 2073 291 infinitatem

1231 307 1331 343 11151115,
1346 307 1418 336 sicut
1432 307 1460 335 111
1475 306 1634 343 quaestione
1655 305 1688 334 de
1703 306 1945 342 comprehensione
1967 308 2072 337 animae

336 359 543 393 cognoscentem
564 358 590 384 et
611 355 684 384 cuca
697 363 775 384 suam
796 355 992 393 cognitfflnem,
1007 363 1061 383 non
1081 356 1173 383 autem
1229 353 1329 382 Christi
1342 354 1352 370 ¹
1373 353 1480 390 plenius
1501 353 1552 382 fuit
1569 356 1717 381 ostensum.

1087 488 1265 517 ARTICULUS
1287 488 1315 516 II.

806 588 909 617 [stram
928 587 1039 625 pos-sinc
1058 590 1137 615 stare
1156 586 1244 615 simut
1265 586 1383 615 crinitas
1404 590 1429 615 ec
1449 586 1587 623 infinitas.

414 725 515 754 Deinde
545 724 702 762 quaeritur,
735 727 831 752 utrum
862 722 966 760 possint
990 722 1071 764 simul
1102 725 1175 750 stare

337 772 444 801 trinitas
463 775 489 801 et
520 771 639 800 infinitas
667 771 723 800 sive
744 770 911 799 immensitas
923 769 941 798 ².
964 770 995 798 Et
1023 769 1096 807 quod
1121 769 1175 798 sint

335 819 578 857 incompossibiles,
600 818 709 848 videtur
730 818 776 847 sic.

416 868 439 896 1.
462 867 532 906 Quia
551 869 679 895 creatura
699 868 740 895 est
761 865 849 899 finita,
871 864 1005 902 quidquid
1026 867 1067 893 est
1088 864 1115 892 in
1139 872 1177 899 “ea

337 918 378 944 est
398 914 521 943 finitum:
543 921 609 951 ergo
630 921 694 942 cum
714 912 837 941 divinum
858 921 916 941 esse
936 912 971 940 sit
995 911 1175 945 immensum,

338 961 471 999 quidquid
491 964 533 990 est
552 961 579 989 in
606 969 638 990 6ο
664 963 706 989 est
729 962 793 989 actu
814 959 966 994 infinitum;
988 959 1035 988 sed
1060 959 1087 987 in
1108 958 1176 987 divi-

337 1009 380 1037 nis
400 1011 441 1037 est
461 1015 593 1037 numerus
620 1007 678 1036 sive
708 1007 851 1044 pluralitas
881 1013 1077 1043 personarum:
1110 1013 1176 1043 ergo

339 1063 448 1085 necesse
468 1058 523 1090 est,
545 1055 618 1092 quod
639 1063 668 1084 se
687 1054 832 1092 protendat
855 1054 889 1082 ad
918 1053 1095 1082 infinitatem:
1121 1061 1176 1081 non

340 1112 406 1141 ergo
426 1106 479 1132 stat
500 1103 526 1131 in
547 1102 677 1131 trinitate.

415 1151 441 1179 2.
465 1150 544 1183 Item,
565 1157 628 1178 cum
650 1149 685 1177 sit
704 1148 808 1185 duplex
829 1148 960 1182 infinitas,
988 1147 1090 1176 scilicet
1116 1146 1176 1175 vir-

339 1197 427 1225 tualis
447 1200 474 1226 et
494 1196 654 1225 numeralis
665 1196 687 1230 ⁸,
708 1196 872 1232 impossibile
893 1198 946 1230 est,
971 1195 1094 1224 divinum
1119 1202 1177 1223 esse

340 1252 434 1273 carere
462 1244 594 1272 infinitate
618 1243 749 1272 virtutis:
777 1251 843 1280 ergo
870 1243 928 1279 pari
957 1242 1077 1276 ratione,
1099 1241 1120 1270 si
1150 1241 1177 1269 In

340 1291 396 1319 Deo
426 1290 553 1328 ponimus
584 1297 676 1318 veram
706 1289 903 1326 pluralitatem,
935 1288 1005 1317 sicut
1032 1291 1059 1317 et
1085 1295 1178 1328 veram

342 1336 487 1370 virtutem;
503 1344 568 1372 ergo
588 1343 698 1364 necesse
712 1338 765 1369 est,
784 1335 869 1372 ipsam
890 1335 991 1364 habere
1006 1335 1176 1363 Infinitatem.

418 1382 444 1411 3.
467 1383 545 1416 Item,
560 1382 648 1411 virtus
662 1382 772 1411 omnino
793 1382 912 1419 infinita,
931 1390 994 1410 cum
1015 1384 1123 1410 emanat
1136 1389 1178 1410 se-

342 1429 463 1458 cundum
484 1437 593 1458 omnem
606 1429 719 1458 modum
739 1437 804 1458 suae
817 1428 958 1466 potestatis
976 1432 1003 1458 et
1024 1428 1177 1462 infinitatis,

341 1478 449 1505 emanat
469 1475 574 1504 infinite
594 1483 643 1512 per
660 1483 769 1504 omnem
783 1471 894 1504 modum
906 1476 930 1509 4;
951 1475 998 1504 sed
1018 1475 1110 1503 dIvina
1124 1474 1178 1503 vir-

341 1526 385 1552 tus
405 1525 447 1552 est
467 1523 505 1551 sic
525 1522 631 1551 infinita
652 1525 678 1551 et
699 1522 850 1551 secundum
864 1530 972 1551 omnem
986 1521 1097 1550 modum
1113 1530 1179 1551 suae

340 1570 480 1599 infinitatis
500 1573 607 1599 emanat
634 1570 661 1598 in
683 1569 861 1607 productione
888 1577 1085 1606 personarum:
1113 1576 1179 1606 ergo

342 1618 413 1647 idem
433 1617 506 1655 quod
527 1617 613 1654 prius.

417 1665 443 1694 [1.
476 1665 557 1699 Item,
589 1673 706 1702 persona
728 1664 883 1702 producens
913 1664 982 1693 duas
1012 1666 1060 1692 aut
1088 1666 1179 1701 potest

341 1713 434 1750 plures
449 1712 614 1750 producere,
635 1715 684 1741 aut
697 1721 755 1741 mm
768 1715 865 1750 potest.
882 1712 907 1740 Si
925 1720 984 1740 non
994 1714 1097 1749 potest.-
1113 1719 1179 1748 ergo

340 1759 516 1796 producendo
536 1759 635 1788 amittit
651 1768 751 1797 posse;
772 1759 793 1788 si
821 1767 887 1788 vero
905 1762 1012 1797 potest:
1037 1766 1103 1795 ergo
1130 1760 1179 1786 aut

341 1815 394 1835 non
415 1810 456 1836 est
477 1815 599 1836 summae
621 1806 805 1840 liberalitatis,
826 1809 874 1835 aut
888 1813 997 1835 necesse
1015 1808 1056 1834 est
1077 1805 1179 1842 produ-

341 1862 404 1883 cere
424 1854 474 1888 ita,
495 1854 568 1891 quod
589 1862 643 1882 non
664 1854 699 1882 sit
719 1856 799 1882 stare.

420 1902 445 1929 5.
468 1901 548 1934 Item,
570 1900 590 1930 si
613 1901 663 1929 lux
684 1900 748 1929 solis
768 1903 839 1929 esset
860 1900 1007 1934 Immensa,
1035 1901 1180 1936 generaret

343 1956 379 1976 ex
403 1955 432 1976 se
459 1947 579 1976 infinitos
610 1947 782 1985 splendores:
814 1955 880 1984 ergo
903 1955 966 1977 cum
988 1947 1037 1976 lux
1068 1949 1180 1976 aeterna

345 1993 379 2022 sit
400 1994 542 2028 immensa,
564 1998 591 2023 et
616 1994 743 2031 splendor
764 2002 800 2023 ex
814 1994 873 2031 Ipsa
892 1994 1041 2031 procedens
1062 1993 1097 2022 sit
1114 2001 1180 2022 vera

341 2041 493 2077 persona⁵;
516 2049 624 2070 necesse
648 2044 705 2075 est,
731 2041 767 2070 1111
794 2049 853 2070 6556
881 2049 1061 2078 personarum
1090 2040 1179 2079 Infini-

344 2090 440 2117 tatem:
462 2085 528 2125 ergo
548 2096 602 2117 non
623 2091 695 2117 stant
715 2088 796 2118 simul
817 2089 924 2118 trinitas
945 2091 972 2117 et
992 2088 1119 2117 infinitas.

421 2135 445 2163 6.
469 2135 550 2169 Item,
575 2138 623 2164 aut
650 2135 794 2172 productio
820 2144 1001 2172 personarum
1026 2139 1180 2164 attestatur

344 2182 462 2215 virtuti,
484 2185 532 2210 aut
551 2191 616 2210 non.
645 2182 669 2210 Si
691 2191 764 2211 non:
786 2190 852 2220 ergo
879 2191 932 2211 non
953 2182 1033 2211 dehet
1061 2183 1123 2219 poni
1152 2182 1179 2210 in

345 2236 450 2257 summe
471 2228 607 2269 virtuoso;
630 2229 650 2258 si
672 2230 730 2258 sic:
752 2238 818 2267 ergo
837 2230 924 2258 maior
944 2229 1108 2266 plurificatio
1122 2237 1179 2258 ma-

344 2275 395 2304 iori
416 2275 525 2309 virtuti,
546 2278 573 2303 et
592 2275 713 2304 maxima
738 2276 889 2310 maximae,
910 2279 937 2304 et
958 2276 1064 2304 infinita
1090 2275 1179 2303 infini-

346 2325 402 2351 tae:
424 2331 478 2351 non
499 2330 564 2359 ergo
584 2325 636 2350 stat
657 2322 764 2351 trinitas
784 2331 847 2351 cum
868 2322 1008 2351 infinitate.

421 2370 446 2398 7.
468 2368 550 2402 Item,
571 2368 592 2396 si
607 2368 699 2396 divina
719 2368 807 2397 virtus
819 2371 890 2397 esset
911 2368 938 2396 in
956 2376 1007 2396 sua
1026 2367 1180 2396 omnimoda

342 2415 498 2444 actualitate
513 2417 639 2451 respectu
654 2414 839 2450 productionis
852 2416 1056 2448 creaturarum,
1071 2421 1180 2442 necesse

346 2464 431 2495 esset,
446 2462 532 2498 ipsam
546 2460 698 2497 producere
719 2460 837 2489 infinitas
856 2464 1013 2489 creaturas:
1034 2468 1100 2497 ergo
1117 2468 1181 2489 cum

347 2508 385 2536 sic
405 2508 440 2536 sit
460 2509 588 2544 respectu
602 2514 794 2543 personarum,
816 2515 924 2536 necesse
945 2510 1000 2541 est,
1022 2507 1044 2535 si
1059 2509 1100 2536 est
1120 2507 1181 2535 infi-

346 2554 417 2588 nita,
438 2553 511 2591 quod
532 2553 664 2590 producat
685 2553 804 2582 infinitas
822 2561 958 2591 personas.

408 2732 415 2745 ¹
433 2734 525 2762 Quaest.
540 2733 570 2755 de
585 2732 678 2755 scientia
694 2731 788 2759 Christi,
805 2738 828 2761 q.
843 2732 865 2754 6.

408 2770 417 2783 ²
434 2772 466 2794 De
483 2772 525 2794 hac
541 2774 628 2800 quaest.
645 2772 686 2793 cfr.
702 2771 717 2793 I.
735 2771 795 2794 Sem.
812 2771 835 2793 d.
852 2772 873 2793 2.
890 2778 913 2800 q.
930 2773 952 2794 3.
968 2775 990 2795 et
1006 2773 1027 2795 4.

410 2808 419 2822 ¹³
437 2810 495 2832 Vide
511 2816 580 2838 supra
596 2816 650 2838 pag.
667 2810 709 2837 35,
725 2812 778 2833 nota
795 2808 816 2832 2.

408 2848 419 2861 ⁴
435 2850 459 2871 ln
475 2849 490 2872 1.
507 2849 568 2872 Sent.
585 2849 608 2872 d.
624 2850 647 2872 2.
662 2856 686 2878 q.
703 2850 725 2872 3.
741 2855 789 2877 arg.
812 2849 834 2871 3.
858 2849 887 2872 ad
911 2856 993 2878 oppos.
1017 2851 1113 2874 dicitur:
1131 2858 1178 2874 non

349 2891 436 2912 tantum
451 2888 559 2917 producit
584 2888 696 2912 infinitum
720 2888 844 2916 intensive,
859 2890 899 2912 sed
925 2890 992 2912 etiam
1007 2890 1131 2913 emen-swa.
1147 2903 1178 2907 —

349 2928 392 2950 I'ro
405 2926 525 2957 potestatis
542 2927 560 2949 G
576 2926 746 2957 possibilitatis,
764 2928 849 2951 omisso
865 2930 887 2951 et
903 2928 1031 2959 infinitatis.

1310 722 1336 750 8.
1359 722 1441 756 Item,
1462 722 1527 759 quIa
1553 722 1662 751 divinus
1690 722 1845 751 intellectus
1865 725 1906 752 est
1935 723 2074 758 infinitus,

1231 777 1341 798 necesse
1361 772 1418 803 est,
1442 769 1532 806 Ipsum
1553 769 1704 806 intelligere
1726 769 1845 798 infinita:
1868 777 1933 807 ergo
1954 778 2018 799 cum
2035 770 2076 799 di-

1234 816 1328 845 vinum
1348 816 1441 845 dicere
1462 816 1496 845 sit
1518 816 1668 851 infinitum,
1690 824 1800 846 necesse
1821 819 1878 851 est,
1906 817 1980 854 quod
2004 817 2076 846 dicat

1234 863 1354 897 infinita;
1376 863 1424 892 sed
1444 865 1512 900 quot
1533 866 1597 892 sunt
1617 863 1704 898 dicta,
1731 866 1770 892 tot
1798 866 1863 892 sunt
1891 864 1987 899 verha;
2009 867 2076 902 quot

1234 910 1334 945 verba,
1356 913 1396 944 tot
1416 918 1559 947 personae:
1581 918 1647 948 ergo
1668 910 1797 939 infinitae.

1313 958 1338 985 9.
1361 957 1443 991 Item,
1463 957 1498 986 ad
1519 957 1570 987 1100
1590 957 1665 995 quod
1685 957 1840 986 Intellectus
1867 958 1902 986 sit
1922 958 2076 995 perfectus,

1235 1012 1289 1033 non
1310 1004 1424 1039 sufficit,
1445 1004 1519 1042 quod
1540 1004 1671 1042 Intelligat
1692 1012 1736 1039 se,
1758 1004 1805 1033 sed
1829 1004 1927 1039 etiam,
1948 1005 2076 1042 (111011111-

1235 1051 1338 1088 telligat
1358 1059 1387 1080 se
1407 1051 1574 1089 intelligere:
1595 1053 1662 1089 ergo
1679 1051 1716 1080 'ad
1736 1052 1802 1086 hoc,
1827 1051 1901 1089 quod
1922 1052 2076 1081 intellectus

1234 1097 1269 1127 sit
1290 1098 1411 1127 infinitae
1431 1098 1634 1136 completionis;
1656 1106 1766 1128 necesse
1787 1101 1843 1133 est,
1858 1099 1932 1136 quod
1950 1107 2033 1136 super
2048 1107 2077 1129 se

1234 1145 1393 1174 reflectatur
1414 1145 1527 1174 infinitis
1548 1146 1761 1180 reflexionibus;
1783 1145 1831 1175 sed
1851 1145 2025 1183 Intelligendo
2049 1154 2079 1176 se

1234 1194 1347 1229 generat
1366 1192 1498 1221 verbum:
1519 1192 1726 1230 ergo'secunda
1746 1193 1898 1222 reflexione
1924 1193 2077 1222 secundum

1236 1239 1369 1273 verbum,
1384 1242 1411 1268 et
1425 1239 1464 1268 sic
1477 1239 1506 1268 in
1520 1239 1673 1268 infinitum:
1688 1247 1754 1277 ergo
1768 1240 1791 1268 si
1809 1242 1850 1269 est
1864 1248 1965 1277 ponere
1979 1240 2006 1269 in
2021 1241 2077 1270 Deo

1235 1286 1409 1328 infinitatem,
1430 1294 1486 1314 non
1505 1283 1571 1323 ergo'
1591 1286 1749 1315 trinitatem.

1318 1335 1360 1362 10.
1383 1334 1463 1367 Item,
1485 1336 1533 1362 aut
1553 1334 1627 1362 1)6115
1639 1324 1735 1370 potest
1755 1333 1849 1371 plures
1875 1334 1963 1363 tribus
1984 1342 2077 1371 perso-

1235 1379 1278 1408 nis
1299 1379 1463 1417 intelligere,
1485 1383 1533 1409 aut
1553 1389 1611 1408 non
1628 1384 1726 1417 potest.
1749 1381 1775 1409 Si
1796 1389 1855 1409 non
1877 1384 1983 1418 potest:
2012 1389 2078 1418 ergo

1235 1426 1389 1455 intellectus
1409 1427 1469 1455 eius
1490 1427 1584 1455 finitus
1604 1430 1645 1455 est
1665 1430 1692 1455 et
1714 1427 1857 1462 limitatus;
1879 1428 1901 1457 si
1913 1431 2004 1465 potest
2017 1428 2078 1465 plu-

1236 1482 1280 1503 res
1308 1474 1473 1511 intelligere;
1495 1474 1543 1503 sed
1570 1474 1638 1502 nihil
1661 1474 1837 1512 iutelligitur,
1867 1475 1940 1512 quod
1961 1484 2015 1504 non
2043 1475 2078 1504 sit

1235 1521 1332 1558 aliquo'
1348 1521 1428 1550 modo
1448 1522 1491 1550 vel
1511 1521 1538 1550 in
1560 1529 1588 1550 56
1609 1521 1652 1550 vel
1673 1521 1700 1549 In
1722 1530 1773 1550 suo
1795 1522 1929 1559 principio
1949 1522 2077 1560 proximo

1238 1568 1421 1599 velremoto:
1443 1577 1508 1606 ergo
1538 1576 1648 1598 necesse
1669 1572 1722 1603 est,
1750 1573 1798 1598 aut
1825 1569 1949 1598 divinum
1976 1569 2077 1598 intelli-

1235 1623 1303 1652 9ere
1324 1615 1469 1644 limitatum
1490 1623 1561 1649 esse,
1582 1618 1630 1644 aut
1650 1615 1744 1652 plures
1765 1616 1854 1645 tribus
1881 1617 2005 1653 personis
2030 1624 2077 1653 po-

1236 1670 1303 1691 nere
1324 1661 1397 1690 circa
1424 1662 1548 1690 divinum
1568 1671 1643 1695 esse,
1658 1660 1714 1691 'vel
1734 1663 1886 1696 actualiter,
1916 1663 1958 1692 vel
1982 1666 2077 1700 poten-

1237 1709 1345 1737 tlaliter.

1315 1756 1443 1784 CONTRA:
1469 1757 1492 1783 1.
1515 1756 1626 1784 Summa
1646 1756 1814 1785 immensitas
1837 1765 1891 1785 non
1912 1757 1981 1786 tollit
2002 1765 2216 1789 sum—rnamenta.

1238 1813 1311 1834 mam
1333 1804 1526 1841 perfectionem
1549 1805 1660 1834 virtutis
1678 1805 1866 1842 producentis,
1888 1814 1937 1835 nec
1950 1814 2000 1843 per
2020 1814 2078 1835 mo-

1236 1851 1303 1880 dum
1324 1855 1453 1886 naturae,
1475 1860 1525 1881 nec
1548 1860 1597 1889 per
1611 1852 1723 1881 modum
1744 1853 1892 1882 voluntatis
1909 1861 1958 1883 seu
1979 1854 2077 1883 libera-

1237 1899 1347 1933 11161156,
1362 1899 1446 1936 Igitur
1458 1907 1508 1928 nec
1524 1907 1659 1928 summam
1673 1900 1865 1936 perfectionem
1877 1901 2075 1938 productionis;

1238 1946 1286 1975 sed
1312 1947 1443 1983 perfecti0
1464 1946 1650 1984 productionis
1671 1948 1824 1976 necessario
1838 1948 1955 1985 requIrit
1975 1951 2076 1977 statum

1237 1993 1308 2022 sicut
1328 2002 1344 2022 a
1364 1996 1442 2031 parte
1463 1994 1602 2031 principii,
1624 1994 1661 2022 ita
1680 2002 1696 2022 a
1716 1997 1794 2031 parte
1815 1995 1939 2029 termini;
1955 1995 2001 2024 sed
2022 2003 2076 2023 non

1236 2044 1308 2070 esset
1329 2044 1432 2076 status,
1453 2041 1475 2070 si
1489 2041 1650 2078 procederet
1670 2041 1697 2070 in
1718 2042 1867 2070 infinitum:
1889 2050 1955 2079 ergo
1969 2050 2076 2071 summa

1238 2088 1357 2117 infinitas
1371 2097 1429 2118 esse
1449 2089 1533 2117 divini
1554 2097 1608 2117 non
1622 2089 1699 2125 ponit
1712 2088 1872 2117 infinitatem
1894 2089 1921 2117 in
1943 2088 2074 2125 personis.

1314 2137 1341 2164 2.
1364 2136 1445 2170 Item,
1467 2136 1586 2164 infinitas
1607 2136 1633 2164 in
1648 2136 1704 2164 Deo
1724 2143 1778 2163 non
1799 2135 1868 2163 tollit
1883 2135 2075 2171 perfectionem

1233 2182 1340 2211 ordinis
1356 2199 1391 2203 —
1407 2191 1460 2210 non
1481 2182 1554 2211 enim
1581 2182 1716 2218 sequitur,
1737 2181 1832 2218 quodsi
1861 2182 1934 2210 Deus
1954 2185 1995 2210 est
2016 2182 2076 2210 infi-

1238 2229 1328 2262 nitus,
1350 2228 1425 2265 quod
1444 2231 1556 2264 propter
1578 2228 1629 2256 hoc
1651 2227 1685 2256 sit
1706 2227 1876 2256 inordinatus
1892 2244 1927 2248 -
1942 2228 1989 2256 sed
2009 2228 2076 2257 ordo

1237 2274 1411 2311 perfectionis
1442 2274 1595 2302 necessario
1626 2273 1701 2310 ponit
1731 2273 1867 2310 primum,
1898 2274 2018 2303 medium
2049 2278 2076 2304 et

1238 2321 1366 2349 ultImum
1378 2320 1401 2354 ⁷;
1423 2320 1470 2348 ubi
1491 2323 1583 2349 antem
1604 2321 1674 2360 haec
1691 2323 1767 2355 sunt,
1789 2329 1841 2349 non
1857 2324 1898 2350 est
1918 2322 2075 2351 Innumera-

1236 2367 1341 2400 bilitas,
1363 2366 1410 2395 sed
1431 2369 1537 2395 tantum
1559 2367 1680 2396 trinitas:
1701 2376 1766 2405 ergo
1786 2371 1836 2401 etc.

1314 2413 1340 2441 3.
1362 2413 1441 2447 Item,
1461 2413 1580 2443 infinitas
1600 2414 1627 2443 in
1648 2415 1704 2444 Deo
1724 2424 1776 2444 non
1798 2416 1866 2444 tollit
1881 2416 2074 2452 perfectionem

1236 2460 1429 2494 connexionis,
1451 2461 1503 2490 hoc
1523 2462 1595 2490 enim
1615 2462 1678 2492 facit
1691 2463 1725 2492 ad
1740 2471 1874 2492 summam
1888 2463 2073 2497 dilectionem;

1236 2507 1283 2536 sed
1303 2507 1437 2536 connexio
1457 2508 1577 2545 perfecta
1598 2518 1652 2538 non
1672 2512 1761 2547 potest
1782 2517 1855 2543 esse,
1877 2509 1928 2538 nisi
1943 2517 1998 2538 una
2012 2517 2074 2546 per-

1238 2562 1306 2583 sona
1336 2554 1488 2584 immediate
1515 2557 1643 2594 procedat
1670 2557 1705 2585 ab
1729 2557 1796 2590 alia,
1816 2556 1937 2593 alioquin
1958 2564 2012 2584 non
2033 2559 2074 2585 est

1297 2732 1306 2745 ⁶
1321 2734 1391 2757 Hebr.
1403 2735 1424 2762 l,
1436 2735 1465 2757 3:
1478 2734 1530 2764 [Qui
1547 2734 1624 2764 Filius]
1637 2740 1690 2756 cum
1701 2734 1729 2756 sit
1745 2733 1852 2762 splendor
1868 2733 1953 2760 gloriae
1966 2736 1987 2756 et
1998 2734 2073 2762 figura

1233 2771 1372 2795 substantiae
1388 2773 1437 2796 eius
1453 2776 1496 2796 ete.

1296 2810 1306 2824 θ
1327 2812 1360 2834 De
1376 2813 1420 2835 hoc
1436 2812 1522 2840 dupIIci
1539 2811 1608 2836 modo
1625 2811 1781 2840 productionis
1797 2812 1839 2833 cfr.
1855 2813 1911 2833 tom.
1927 2811 1942 2833 I.
1959 2817 2014 2840 pag.
2030 2811 2072 2839 56,

1235 2854 1288 2874 nota
1305 2852 1327 2879 6,
1345 2854 1368 2873 et
1383 2851 1413 2874 de
1428 2853 1494 2875 statu
1511 2852 1532 2874 in
1552 2851 1704 2880 productmne
1714 2851 1767 2873 vide
1784 2856 1853 2878 supra
1871 2856 1925 2878 pag.
1938 2851 1974 2878 42,
1985 2853 2039 2873 nota
2051 2851 2073 2874 9.

1295 2888 1304 2902 '¹
1323 2890 1369 2913 Cfr.
1387 2891 1457 2918 supra·
1473 2891 1565 2919 Quaest.
1583 2890 1612 2913 de
1629 2890 1721 2912 scientia
1738 2888 1832 2916 cni-isti,
1849 2895 1871 2917 q.
1886 2889 1906 2911 l.
1918 2889 1948 2912 ad
1965 2889 1986 2911 6.
1998 2900 2029 2906 -
2040 2889 2072 2912 De

1239 2929 1326 2952 ratione
1342 2929 1419 2952 addita
1436 2929 1523 2952 maiori
1538 2930 1592 2952 vide
1608 2935 1678 2957 supra
1694 2934 1747 2957 pag.
1764 2927 1806 2955 82,
1824 2930 1876 2950 notu
1893 2928 1915 2950 5.
