2285 3398
224 864 340 886 Notandum.

207 2078 282 2134 buplseex
295 2095 337 2115 pos-

358 124 394 153 62
1013 122 1238 159 QUAESTIONES
1259 122 1460 151 DISPUTATAE

356 202 435 237 deos;
458 202 511 230 iam
532 205 608 239 patet-
628 201 785 238 responsio:
808 201 874 238 quia
894 201 973 230 aliter
999 204 1119 230 utuntur
1140 209 1205 237 sup-

356 250 444 287 posito
465 253 491 278 et
513 249 664 285 significato
686 248 771 277 huius
796 248 906 276 termini
929 248 1022 282 Deus,
1044 256 1127 285 quam
1157 248 1205 275 ha—

356 297 401 326 bet
422 296 481 325 eius
510 295 658 329 instituti0;
680 298 707 324 et
735 294 795 323 ideo
815 303 869 323 non
898 298 940 324 est
960 295 997 323 ibi
1017 294 1204 323 contradictio.

355 343 430 372 Unde
452 343 522 371 sicut
544 343 596 370 hoc
617 350 717 371 nomen
739 342 816 370 Deus
834 342 987 371 secundum
1009 341 1149 379 propriam
1165 341 1206 369 in-

355 390 525 419 stitutionem
540 397 594 417 non
610 389 693 418 habet
707 389 827 426 plurale,
843 388 906 417 licet
921 388 1034 422 habeat,
1054 387 1206 416 secundum

355 437 429 475 quod
450 437 585 473 accipitur
603 436 791 473 nuncupative
804 435 830 469 ¹3
852 435 891 464 sic
912 435 981 464 etin
1003 434 1144 471 proposito
1166 434 1207 462 in-

355 483 533 521 telligendum
554 486 612 517 est;
634 486 661 512 et
682 483 749 520 quia
770 485 883 519 propter
908 482 1008 510 mentis
1036 481 1207 510 excaecatio-

354 539 418 560 nem
439 530 538 559 falsum
566 530 727 567 frequenter
748 529 935 566 accipiebatur
963 537 1015 565 pro
1044 536 1124 561 vero,
1148 527 1207 556 ideo

354 578 406 607 fuit
421 577 576 607 necessaria
597 577 661 606 fidei
676 577 848 605 illuminatio.
866 593 901 597 —
919 576 1011 605 Posset
1032 578 1122 604 tamen
1137 575 1206 608 dici,

355 625 430 662 quod
450 625 539 653 Deum
561 632 621 653 esse
642 632 731 653 unum
752 624 836 652 habet
856 623 968 660 probari
987 631 1037 660 per
1059 623 1206 656 rationem,

354 672 383 700 in
404 674 541 708 quantum
569 671 629 699 eius
657 671 749 699 unitas
770 671 961 699 consideratur
987 670 1131 703 absolut&
1160 669 1207 699 sed

354 718 510 747 necessaria
531 720 571 746 est
586 717 649 746 fidei
671 717 848 751 illuminatiO,
871 718 898 746 in
913 720 1048 754 quantum
1064 725 1207 754 compara-

357 768 402 794 tur
424 765 457 793 ad
478 773 661 802 personarum
683 765 879 802 pluralitatem.

434 814 459 841 Ξ.
483 812 521 841 Ad
535 812 603 841 illud
618 812 692 849 quod
707 812 846 846 obiicitur,
862 812 936 849 quod
951 812 1077 841 similiter
1095 815 1207 849 possent

354 859 519 888 concludere
540 859 573 888 de
594 860 736 896 personis;
759 859 921 894 dicendum,
944 859 1018 897 quod
1039 868 1093 888 non
1115 860 1207 888 65151-

354 907 433 936 mile:
456 907 522 944 quia
536 907 564 935 in
578 907 707 936 omnibus
722 907 848 944 personis
869 915 925 936 una
939 910 981 936 est
1002 910 1103 936 natura
1117 910 1144 936 et
1159 915 1206 944 po-

353 954 438 983 tentia
459 956 485 983 et
507 954 640 991 sapientia
660 957 687 983 et
708 954 816 982 bonitas
837 957 863 982 et
885 955 1029 983 influentia
1042 959 1069 983 et
1091 954 1207 983 causali-

354 1004 409 1036 tas;
432 1010 486 1030 non
509 1001 547 1030 sic
568 1004 661 1030 autem
683 1004 770 1035 esset,
793 1001 814 1030 si
837 1005 928 1030 essent
942 1001 1067 1031 diversae
1090 1005 1206 1030 naturae

351 1048 474 1083 divinae3
497 1052 524 1077 et
546 1049 606 1077 ideo
628 1049 696 1078 nihil
717 1052 873 1086 repugnant
894 1049 926 1077 iis
947 1049 1043 1086 plures
1063 1056 1205 1086 personae.

433 1096 458 1125 3.
481 1096 518 1125 Ad
540 1097 608 1125 illud
623 1096 697 1134 quod
718 1096 864 1130 obiicitur,
881 1096 955 1134 quod
976 1099 1129 1125 evacuatur
1144 1095 1207 1124 fidei

353 1144 498 1178 meritum3
513 1143 676 1177 dicendum,
692 1144 767 1181 quod
789 1144 841 1172 hoc
856 1152 954 1172 verum
977 1146 1060 1177 esset,
1080 1143 1102 1171 si
1117 1142 1207 1171 solum

353 1194 468 1228 propter
482 1191 604 1219 rationes
618 1190 683 1219 huic
706 1199 771 1219 vere
787 1191 987 1224 assentiretur;
1006 1198 1079 1219 nunc
1101 1192 1207 1223 autem,

353 1237 420 1266 dum
441 1246 495 1266 non
510 1237 661 1266 assentitur
677 1241 791 1274 propter
806 1237 927 1265 rationes
942 1236 1145 1273 principaliter,
1161 1236 1208 1265 sed

352 1288 467 1322 propter
489 1284 576 1321 ipsam
592 1285 750 1318 veritatem,
772 1284 833 1312 ideo
848 1286 937 1320 potest
958 1284 1061 1312 habere
1076 1283 1207 1312 meritum

352 1335 467 1369 propter
492 1332 600 1361 fidelem
626 1339 777 1360 assensum.
807 1331 878 1359 Nihil
899 1331 973 1360 enim
994 1331 1136 1368 prohibet,
1165 1339 1207 1360 se-

353 1379 476 1408 cundum
497 1379 582 1407 alium
610 1382 636 1407 et
657 1379 741 1407 alium
774 1382 931 1415 respectum
952 1382 980 1407 et
1011 1379 1207 1407 consideratio-

352 1434 416 1455 nem
438 1425 510 1455 idem
531 1433 591 1454 esse
613 1425 761 1454 scitum'et
782 1425 919 1454 creditum
931 1426 950 1453 ².

424 1473 458 1510 ,[1.
481 1473 519 1501 Ad
541 1473 609 1501 illud
630 1472 705 1510 quod
723 1472 854 1501 obiicitur
875 1473 908 1501 de
930 1473 1099 1501 sublimitate
1114 1481 1206 1509 respe-

352 1523 399 1558 ctu
419 1529 584 1558 magnorum
606 1523 632 1549 et
654 1520 854 1553 consimilium;
882 1520 1046 1553 dicendum,
1079 1519 1153 1555 quod
1174 1519 1206 1547 il-

352 1568 399 1597 lud
421 1568 536 1597 haberet
551 1568 658 1601 locum,
681 1567 702 1596 si
724 1567 832 1596 divinae
851 1566 1014 1595 sublimitati
1036 1568 1206 1594 accresceret

350 1614 455 1652 aliquid
476 1623 513 1644 ex
534 1615 653 1643 alioruin
674 1614 863 1645 subiectione;
886 1613 937 1641 hoc
959 1616 1051 1641 autem
1080 1620 1135 1639 non
1157 1612 1205 1639 ha-

350 1662 396 1691 bet
417 1662 578 1696 veritatem,
600 1662 666 1699 quia
688 1661 726 1690 ita
747 1660 873 1690 sublimis
895 1662 936 1688 est
958 1659 1031 1687 Deus
1054 1658 1124 1687 inse
1146 1658 1205 1694 ipso

350 1712 377 1739 et
398 1710 473 1738 solus
488 1709 626 1743 existens,
649 1709 721 1738 sicut
736 1709 757 1737 si
780 1707 972 1736 dominaretur
986 1706 1061 1735 mille
1084 1705 1203 1734 mundis.

351 1772 388 1777 -
406 1756 582 1790 Praeterea,
605 1756 658 1784 hoc
680 1763 734 1783 non
756 1757 828 1783 esset
849 1753 873 1782 ei
895 1753 929 1784 ad
951 1753 1162 1786 sublimitatem,
1182 1752 1204 1781 si

349 1803 454 1840 aliquid
474 1803 624 1831 consimilis
646 1806 762 1830 naturae
778 1801 893 1830 haberet
911 1800 1095 1829 conditionem
1117 1800 1203 1830 servi-

350 1849 419 1883 lem;
447 1849 520 1878 unde
548 1849 597 1877 etsi
628 1849 690 1877 talis
706 1848 867 1883 „sublimitas
888 1848 981 1885 aliquo
1002 1848 1084 1876 modo
1112 1848 1202 1877 videa—

350 1899 397 1925 tur
418 1896 508 1925 facere
529 1897 563 1925 ad
581 1897 790 1931 exaltationem,
814 1899 904 1925 tamen
927 1896 1080 1925 secundum
1102 1897 1203 1925 verita-

351 1946 406 1972 tem
427 1942 491 1972 facit
511 1943 545 1972 ad
566 1943 780 1980 depressionem.
975 1949 977 1951 “

430 1992 455 2019 5.
478 1991 516 2019 Α(1
537 1991 606 2020 11111(1
627 1991 701 2028 quod
729 1991 859 2020 obiicitur
883 1991 916 2020 de
938 1995 1088 2028 potestate,
1110 1991 1202 2020 dicen-

349 2038 431 2073 dum,
454 2038 528 2076 quod
549 2041 702 2076 utrumque
725 2039 842 2067 verbum
864 2041 953 2076 potest
975 2039 1089 2076 intelligi
1110 2039 1144 2067 de
1170 2046 1202 2067 eo

349 2086 424 2123 quod
441 2086 553 2124 quidem
565 2094 649 2123 posse
663 2089 704 2115 est
719 2086 865 2123 potentiae.
881 2087 947 2115 Nam
968 2086 1106 2124 quoddam
1118 2093 1203 2123 posse

348 2133 441 2170 potius
461 2136 503 2162 est
523 2133 691 2162 infirmitatis
712 2141 796 2171 quam
812 2133 1005 2167 sublimitatis;
1022 2128 1107 2170 posse
1125 2139 1202 2160 nam-

349 2189 404 2218 que
424 2181 528 2210 habere
548 2184 677 2209 naturam
696 2181 839 2218 aequalem
861 2189 877 2209 a
897 2188 926 2209 se
948 2180 1134 2213 differentem,
1149 2179 1202 2207 hoc

322 2238 327 2245 ¹
348 2228 488 2265 dignitatis
509 2230 550 2257 est
571 2228 707 2265 potentiae
734 2228 892 2263 limitatae,
914 2235 945 2255 ac
967 2234 1016 2263 per
1044 2227 1097 2254 hoc
1118 2234 1202 2262 repu-

348 2278 413 2313 gnat
434 2275 663 2312 omuipotentiae;
686 2275 762 2307 ideo,
785 2274 848 2302 licet
869 2274 955 2310 possit
983 2276 1110 2301 sermone
1131 2272 1201 2306 dici,

347 2331 402 2351 non
426 2326 515 2351 tamen
538 2323 594 2351 Deo
615 2321 746 2355 attribui;
770 2328 821 2349 nec
842 2319 996 2349 secundum
1018 2319 1201 2356 quantitatem

347 2369 433 2398 huius
453 2368 592 2406 possibilis
612 2367 765 2396 attenditur
786 2366 927 2403 quantitas
944 2365 1053 2394 divinae
1075 2365 1201 2400 virtutis,

349 2416 396 2444 scd
417 2416 571 2444 secundum
592 2414 753 2451 dignitatem
773 2416 852 2442 actus
873 2410 998 2450 proprii,
1020 2413 1068 2450 qui
1090 2416 1132 2442 est
1150 2413 1201 2441 im-

348 2460 475 2496 mensus,
497 2461 650 2491 secundum
671 2460 746 2498 quod
766 2460 889 2497 potentia
909 2463 950 2489 est
971 2460 1105 2489 immensa
1116 2460 1135 2488 ³.

412 2606 419 2620 ¹
438 2608 556 2635 Bernard„
573 2607 657 2630 Homil.
676 2607 696 2629 1.
709 2613 779 2635 super
792 2606 880 2630 Missus
892 2608 938 2636 est,
956 2614 978 2630 n.
991 2608 1017 2630 2:
1029 2608 1099 2630 Aliter
1111 2608 1200 2637 quippe

350 2647 453 2670 Christus
469 2646 583 2677 fortitudo
601 2647 638 2668 vel
656 2645 733 2670 virtus
757 2646 797 2668 Dei
824 2646 919 2674 dicitur,
944 2647 1008 2669 aliter
1025 2648 1128 2676 Angelus
1146 2647 1200 2677 [Ga-

350 2686 406 2709 briel
425 2687 438 2710 i.
456 2693 476 2709 e.
493 2687 604 2709 fortitudo
622 2685 680 2716 Dei].
705 2686 807 2714 Angelus
833 2686 893 2708 enim
920 2689 1008 2710 tantum
1024 2687 1198 2718 nuncupative,

348 2724 451 2748 Christus
468 2729 545 2749 autem
563 2726 631 2748 etiam
656 2724 809 2748 substantive.
834 2725 937 2748 Christus
954 2726 994 2749 Dei
1012 2726 1086 2749 virtus
1105 2726 1129 2757 [l.
1146 2726 1199 2750 Cor.

353 2765 375 2791 t,
393 2764 439 2794 24]
458 2768 479 2787 et
496 2765 583 2789 dicitur
601 2768 623 2787 et
639 2766 697 2788 esc...
715 2764 817 2792 Angelus
834 2771 890 2787 vero
909 2766 1018 2789 fortitudo
1038 2766 1079 2789 Dei
1095 2765 1199 2796 appella-

349 2804 387 2826 tus
403 2805 449 2829 est,
467 2805 504 2826 vel
522 2805 587 2834 quod
604 2804 738 2827 huiusmodi
764 2804 874 2827 meruerit
900 2806 1088 2833 praerogativam
1106 2805 1199 2828 officii...

348 2843 385 2864 vel
403 2843 455 2871 quia
474 2844 589 2872 virginem
607 2847 689 2866 natura
706 2843 841 2872 pavidam...
859 2845 989 2867 confortare
1001 2845 1097 2868 deberet
1114 2848 1156 2868 ete.
1167 2847 1199 2862 '—

347 2880 393 2904 cfr.
410 2882 424 2904 l.
443 2882 503 2905 Sent.
521 2884 544 2906 d.
563 2884 583 2906 4.
601 2891 624 2913 q.
642 2885 663 2906 3.
682 2886 704 2905 et
721 2883 743 2906 d.
761 2884 798 2906 23.
816 2890 836 2905 a.
853 2884 875 2906 2.
893 2890 917 2912 q.
938 2885 959 2907 3.

410 2918 420 2932 ²
438 2921 465 2943 Ut
482 2923 609 2945 ostenditur
626 2923 658 2945 111.
677 2923 738 2945 Seni..
755 2922 778 2944 (1.
796 2922 832 2945 24.
850 2929 871 2945 a.
888 2924 910 2945 2.
927 2930 951 2952 q.
969 2924 991 2945 3.

1344 202 1368 229 6.
1391 201 1428 229 Ad
1457 200 1525 229 illud
1547 200 1621 238 quod
1649 201 1779 230 obiicitur
1803 202 1837 231 de
1865 203 2014 239 sapientia,
2040 204 2114 240 quod

1264 248 1403 285 cognoscit
1423 247 1516 282 aliud;
1537 248 1700 283 dicendum,
1722 248 1796 285 quod
1818 249 1881 278 licet
1908 250 1982 279 Deus
2002 250 2076 279 aliud
2098 253 2124 278 a'

1264 302 1293 324 se
1314 298 1460 332 cognoscat
1480 295 1672 329 aeternaliter,
1700 298 1728 324 et
1749 295 1801 324 hoc
1829 300 1965 333 competat
1991 305 2114 326 summae

1264 342 1428 378 sapientiae;
1460 350 1514 370 non
1537 345 1627 370 tamen
1659 342 1789 379 competit
1810 343 1834 371 ei
1866 343 1936 372 scire
1961 344 2036 373 aliud
2061 353 2114 381 per
2135 349 2251 376 nescienti-2
2283 360 2284 364 =

1264 388 1348 416 aliud
1355 412 1364 423 ,
1387 389 1434 417 sed
1463 398 1516 426 per
1537 398 1583 422 se;
1605 392 1632 417 et
1663 389 1714 418 hoc
1736 397 1791 418 non
1818 393 1908 426 potest
1929 391 1980 420 nisi
2001 373 2251 426 aliud4‚31⁰=31-'²⁰‘³¹¹'

1264 436 1338 472 quod
1359 439 1455 465 natum
1476 440 1517 465 est
1538 437 1572 465 ab
1594 437 1653 473 ipso
1674 437 1730 465 Deo
1752 437 1917 474 procedere,
1939 438 2014 475 quod
2032 439 2115 468 estin

1264 481 1323 518 ipso
1345 482 1416 511 sicut
1436 483 1463 511 in
1478 483 1615 520 principio
1636 486 1774 512 causante.
1797 484 1863 512 Nam
1882 484 1932 513 etsi
1952 485 2056 514 malum
2071 494 2115 514 co-

1264 531 1413 565 gnoscatur
1434 538 1450 557 a
1470 530 1542 564 Deo,
1565 531 1617 559 hoc
1638 534 1679 559 est
1694 538 1743 567 per
1766 530 1853 559 ideam
1876 531 1939 559 boni
1959 531 2010 560 sibi
2031 540 2115 569 oppo-

1265 575 1339 604 siti5.
1362 576 1437 605 Unde
1458 576 1492 605 ad
1520 578 1716 614 perfectionem
1741 577 1850 606 divinae
1871 578 2034 615 cognitionis
2061 588 2115 608 non

1264 622 1429 659 requiritur,
1451 624 1524 661 quod
1553 625 1734 662 cognoscibile
1756 625 1791 654 sit
1818 634 1868 653 em
1889 629 1975 659 (κως
2000 633 2051 654 nec
2072 634 2116 655 re-

1264 670 1397 707 quiritur,
1419 671 1494 707 quod
1508 672 1542 700 sit
1563 681 1612 700 ens
1626 681 1792 707 ciminium,
1815 681 1878 701 cum
1901 676 2046 710 cognoscat
2061 676 2116 702 ter-

1264 725 1332 746 rena
1346 717 1515 747 nobilissime
1536 722 1562 747 et
1577 720 1679 756 optime
1700 728 1750 757 per
1765 728 1793 749 se
1816 720 1915 757 ipsum.
1933 720 2002 749 Illud
2023 724 2115 749 autem

1264 765 1356 793 locum
1378 764 1461 793 habet
1482 765 1510 793 in
1532 766 1657 801 scientia,
1679 775 1751 804 quae
1772 771 1865 796 ortum
1888 767 2001 796 habeta
2015 767 2115 801 rebus,

1265 812 1375 849 qualem
1397 812 1539 840 scientiam
1560 813 1634 842 Deus
1655 823 1708 842 non
1732 815 1822 843 habet.

1344 860 1369 887 7.
1393 859 1430 887 Ad
1452 859 1520 888 illud
1541 860 1615 897 quod
1642 861 1788 896 obiicitur,
1814 862 1888 899 quod
1910 870 2020 891 summo
2044 861 2116 890 bono

1264 906 1395 943 competit
1416 914 1525 934 summa
1545 907 1655 936 diffusio
1676 911 1702 937 et
1723 909 1860 938 bonorum
1889 908 2054 943 multitudo;
2076 909 2116 936 ‹li-

1265 954 1399 988 cendum,
1422 954 1496 991 quod
1517 962 1626 983 summa
1646 955 1756 984 diffusio
1777 956 1804 984 in
1825 957 1930 993 aliquid
1951 960 2036 985 extra
2062 965 2116 984 non

1264 1001 1409 1037 competit,
1432 1001 1583 1030 secundum
1610 1002 1684 1038 quod
1705 1011 1854 1031 summum
1878 1004 1980 1032 dicitur
2005 1002 2116 1040 simpli—

1265 1047 1350 1081 citer‚·
1371 1048 1418 1077 sed
1441 1049 1521 1077 (Ρηίνα
1543 1049 1673 1085 competit
1688 1057 1796 1078 summa
1817 1050 2037 1079 communicatio.
2058 1050 2115 1078 Non

1264 1095 1338 1123 enim
1359 1095 1439 1124 debet
1460 1104 1520 1125 esse
1542 1096 1592 1125 nisi
1615 1104 1703 1125 unuin
1725 1104 1865 1125 summum
1894 1097 2013 1130 bonum⁷
2042 1095 2117 1133 quod

1265 1142 1377 1180 quidem
1398 1152 1451 1172 non
1480 1146 1570 1180 potest
1590 1151 1748 1172 accrescere
1776 1152 1811 1172 ex
1833 1143 2010 1172 multitudine
2031 1142 2116 1171 bono-

1265 1197 1337 1218 rum.
1360 1190 1434 1219 Unde
1456 1190 1530 1227 quod
1551 1190 1662 1224 dicitur,
1684 1190 1758 1227 quod
1783 1198 1923 1218 summum
1951 1189 2055 1218 bonum
2075 1192 2117 1218 est
2131 1196 2247 1216 Notandum.

1265 1245 1372 1266 summe
1397 1237 1572 1271 diffusivum;
1595 1237 1802 1274 intelligendum
1824 1239 1880 1270 est,
1912 1236 1986 1273 quod
2016 1236 2116 1265 verita<

1265 1287 1319 1313 tem
1342 1284 1440 1318 habet,
1463 1284 1615 1313 secundum
1637 1284 1712 1320 quod
1733 1283 1801 1312 illud
1821 1292 1934 1311 summe
1951 1283 2116 1312 determinat

1264 1331 1425 1360 diffusivum
1447 1332 1553 1359 ratione
1570 1331 1731 1367 potentiae,
1747 1339 1801 1359 non
1817 1330 1924 1359 ratione
1945 1334 2029 1359 actus
2040 1331 2060 1359 θ.
2084 1331 2115 1359 Et

1264 1379 1338 1416 quod
1359 1379 1474 1412 dicitur,
1496 1378 1570 1415 quod
1598 1378 1680 1413 plura
1701 1377 1773 1406 bona
1801 1378 1888 1415 inagis
1913 1378 2038 1415 eligenda
2046 1389 2052 1413 ;
2075 1378 2115 1407 di-

1264 1426 1399 1459 cendum,
1421 1425 1495 1461 quod
1517 1424 1600 1453 habet
1616 1424 1760 1453 veritatem
1782 1425 1809 1454 in
1831 1425 1910 1454 bonis
1925 1425 2023 1460 finitis,
2045 1434 2114 1463 quo—

1264 1481 1328 1501 rum
1349 1480 1438 1500 unum
1459 1471 1534 1500 addit
1548 1471 1582 1499 ad
1602 1471 1692 1505 aliud,
1715 1476 1741 1501 et
1756 1481 1878 1510 quorum
1901 1474 2052 1511 unicuique
2067 1473 2115 1502 ali-

1263 1519 1330 1556 quid
1361 1519 1453 1547 deticit
1483 1518 1517 1547 de
1538 1518 1625 1552 bono,
1654 1519 1729 1556 quod
1760 1521 1907 1557 suppletur
1939 1529 1988 1558 per
2010 1521 2114 1549 bonum

1263 1565 1434 1594 adiunctum.

1342 1613 1368 1640 8.
1392 1612 1430 1641 Ad
1451 1612 1519 1642 illud
1540 1614 1614 1650 quod
1642 1614 1772 1643 obiicitur
1793 1615 1827 1643 ‹le
1854 1615 2015 1649 influentia,
2041 1614 2115 1652 quod

1263 1667 1317 1688 non
1340 1662 1429 1696 potest
1449 1668 1509 1689 esse
1530 1660 1588 1690 sine
1609 1662 1679 1696 Deo⁷
1700 1670 1767 1699 ergo
1787 1670 1838 1690 nec
1858 1662 2053 1698 multiplicari3
2075 1662 2115 1690 di-

1262 1707 1395 1742 cendum,
1419 1708 1493 1745 quod
1514 1708 1583 1737 illud
1603 1717 1658 1737 non
1686 1709 1759 1738 valet
1780 1717 1831 1737 nec
1852 1712 1894 1737 est
1923 1708 2026 1737 simile:
2049 1709 2115 1746 quia

1261 1754 1295 1783 de
1316 1755 1483 1792 perfectione
1504 1757 1609 1793 agentis
1631 1760 1687 1791 est,
1710 1756 1785 1793 quod
1806 1764 1860 1784 non
1886 1755 1972 1792 possit
2000 1756 2114 1785 effectus

1261 1809 1321 1831 esse
1349 1802 1407 1831 sine
1427 1803 1488 1832 eius
1512 1803 1683 1841 praesentia,
1709 1803 1776 1836 quia
1803 1802 1924 1831 totaliter
1952 1802 2052 1839 pendet
2079 1803 2114 1832 ab

1261 1849 1323 1885 illo,
1345 1853 1372 1880 et
1393 1858 1476 1888 agens
1497 1851 1618 1879 nobilius
1638 1850 1694 1887 agit
1715 1849 1871 1880 immediate
1898 1849 2003 1887 agendo
2028 1859 2113 1887 quam

1260 1905 1310 1934 per
1332 1897 1455 1926 inedium
1467 1897 1492 1931 7;
1509 1905 1564 1925 11011
1586 1897 1625 1925 sic
1639 1899 1732 1924 autem
1754 1899 1795 1924 est
1816 1896 1849 1924 de
1864 1904 1982 1925 numero
2000 1900 2027 1925 et
2041 1897 2113 1925 mul-

1261 1944 1386 1973 titudine.
1409 1944 1463 1972 Hoc
1484 1944 1558 1972 enim
1573 1951 1627 1971 non
1649 1946 1690 1971 est
1711 1942 1745 1971 de
1759 1942 1927 1979 perfectione
1948 1944 2066 1981 agentis,
2083 1947 2114 1972 ut

1237 2023 1247 2026 ,
1259 1991 1461 2028 multiplicetur
1482 1990 1636 2018 secundum
1657 1989 1863 2019 multitudinem
1884 1991 2049 2025 effectuum,
2065 1991 2113 2020 sed

1259 2038 1352 2074 potius
1380 2037 1440 2065 eius
1467 2036 1655 2070 contrarium,
1677 2033 1780 2065 scilicet
1808 2037 1882 2075 quod
1910 2046 1999 2066 unum
2027 2038 2055 2066 in
2083 2045 2112 2066 56

1259 2092 1374 2113 manens
1395 2084 1430 2112 sit
1451 2091 1534 2112 causa
1554 2083 1738 2113 diversorum.

1339 2132 1364 2159 9.
1387 2130 1425 2159 Ad
1446 2130 1514 2158 illud
1536 2131 1608 2167 quod
1631 2131 1761 2161 obiicitur
1781 2132 1815 2161 de
1836 2140 1920 2161 causa
1940 2131 2071 2168 proxima
2084 2132 2111 2157 et

1258 2177 1428 2211 immediata,
1443 2177 1519 2215 quod
1532 2178 1746 2216 multiplicatum
1768 2179 1931 2212 dicendum,
1947 2177 2020 2215 quod
2041 2175 2110 2204 illud
2122 2181 2238 2201 flor-andum.

1258 2224 1342 2253 habet
1357 2224 1501 2253 veritatem
1515 2226 1543 2254 in
1565 2234 1648 2255 causa
1662 2230 1759 2264 agente
1779 2234 1830 2263 per
1844 2225 1957 2254 modum
1979 2226 2107 2257 naturae,

1258 2271 1442 2301 cuiusetiam
1463 2272 1553 2302 virtus
1573 2277 1615 2303 est
1635 2277 1756 2308 arctata,
1777 2276 1804 2302 et
1825 2273 1864 2302 sic
1885 2274 1926 2300 est
1940 2278 2024 2300 causa
2044 2278 2108 2307 pro-

1258 2318 1331 2355 pria,
1353 2319 1428 2356 quod
1449 2328 1503 2348 non
1523 2321 1697 2351 universalis.
1720 2321 1810 2349 Prima
1834 2321 1927 2347 autem
1949 2325 2033 2346 causa
2052 2317 2108 2354 agit

1258 2373 1308 2402 per
1328 2366 1442 2395 modum
1463 2368 1531 2397 artis
1551 2371 1579 2397 et
1601 2367 1751 2397 voluntatis
1771 2366 1799 2395 in
1827 2367 2022 2394 creaturarum
2043 2372 2108 2401 pro-

1258 2412 1402 2449 ductione;
1424 2418 1573 2452 propterea
1592 2419 1634 2445 est
1661 2422 1744 2444 causa
1768 2412 1910 2441 liberrima
1930 2414 1957 2439 et
1983 2407 2018 2439 ad
2038 2411 2108 2440 nihil

1258 2462 1364 2489 arctata
1384 2464 1411 2490 et
1439 2462 1522 2491 simul
1542 2462 1708 2492 universalis
1735 2463 1762 2489 et
1783 2458 1908 2496 propria,
1938 2457 2004 2494 quia
2028 2457 2108 2495 quid—

1319 2606 1328 2620 ³
1345 2608 1391 2632 cfr.
1408 2610 1517 2632 Richard.
1534 2616 1555 2632 a.
1573 2609 1596 2632 S.
1621 2608 1687 2634 Vict.,
1704 2606 1721 2628 1.
1737 2605 1766 2628 de
1784 2603 1847 2626 Trin.
1864 2609 1885 2625 c.
1903 2603 1945 2630 2t;
1968 2603 2022 2626 vide
2038 2603 2107 2626 etiam

1256 2647 1272 2670 l.
1290 2648 1351 2671 sent.
1368 2649 1391 2672 d.
1409 2649 1446 2672 42.
1464 2656 1488 2678 q.
1506 2650 1528 2671 2.
1544 2660 1577 2665 —
1593 2648 1646 2670 Post
1661 2643 1792 2669 secundum
1810 2643 1829 2665 G
1851 2642 1915 2665 addit
1931 2642 1995 2673 quod
2011 2642 2108 2667 dicitur.

1318 2686 1328 2699 ⁴
1344 2688 1460 2717 Intellige:
1477 2688 1521 2711 uisi
1538 2686 1600 2711 illud
1617 2685 1680 2715 (tale)
1698 2683 1773 2710 aliud,
1791 2682 1856 2711 quod
1872 2685 1916 2705 etc.

1319 2725 1328 2738 ¹⁵
1346 2727 1405 2750 Vide
1418 2728 1433 2751 1.
1446 2728 1508 2750 Sent.
1520 2727 1544 2749 d.
1556 2726 1593 2749 36.
1610 2731 1631 2747 a.
1644 2725 1666 2747 3.
1679 2730 1702 2752 q.
1715 2723 1736 2745 t.
1749 2721 1801 2751 (pro
1817 2721 1874 2750 sibi,
1892 2722 1957 2751 quod
1969 2722 2066 2751 praebet
2081 2723 2106 2750 B,

1255 2765 1326 2788 AEG
1343 2766 1409 2796 sive).
1426 2779 1458 2784 —
1474 2767 1507 2789 De
1523 2771 1590 2793 seqq.
1606 2764 1648 2786 cfr.
1666 2762 1721 2785 ibid.
1738 2761 1761 2784 d.
1778 2761 1816 2784 39.
1832 2767 1854 2784 a.
1872 2762 1894 2784 2.
1911 2768 1935 2791 q.
1953 2763 1974 2785 2.

1317 2803 1327 2817 ⁰
1344 2805 1389 2828 Csr.
1407 2806 1422 2828 1.
1440 2806 1501 2828 Sent.
1519 2804 1542 2827 d.
1560 2803 1597 2826 43.
1614 2810 1638 2832 q.
1656 2803 1678 2825 3.
1695 2802 1725 2824 ad
1743 2802 1764 2824 3.

1318 2843 1326 2857 ⁷
1346 2846 1405 2868 Vide
1422 2846 1438 2868 1.
1456 2845 1516 2867 Sent.
1534 2843 1557 2866 d.
1575 2842 1613 2866 37.
1630 2849 1654 2871 p.
1670 2843 1686 2865 1.
1703 2848 1723 2865 a.
1744 2842 1762 2865 ¹.
1780 2848 1803 2871 q.
1825 2842 1843 2864 t.
1861 2845 1883 2865 et
1905 2843 1929 2865 11.
1947 2843 2009 2865 Sent.
2026 2842 2049 2873 d.
2067 2842 2103 2865 37.

1256 2890 1276 2907 a.
1296 2885 1316 2907 t.
1333 2891 1357 2913 q.
1375 2885 1396 2907 2.
1413 2880 1445 2901 ⁴¹*-
1462 2884 1505 2906 Pro
1522 2881 1552 2906 ab
1569 2881 1610 2912 illo
1627 2882 1671 2904 ΑΒ
1688 2880 1718 2905 ab
1734 2880 1785 2904 illa.
