2285 3398
329 84 384 111 592

580 118 639 141 ΕΧΤ

326 162 416 188 partem
435 158 477 186 OD
494 158 518 180 91
543 156 582 179 10*
601 168 632 173 -
653 162 701 178 11011
725 158 759 177 est
782 155 845 177 idem
866 161 893 177 ac

326 198 417 221 duratio
435 197 464 220 2⁴0.
481 209 512 213 —
529 196 603 224 prima
625 195 747 222 respicitur
765 197 852 216 tantum
870 193 892 215 in

327 237 473 265 compositis,
501 235 602 258 secunda
636 234 704 256 etiam
734 234 755 255 in
784 232 893 260 simplici-

329 276 373 299 bus
390 275 420 299 ib.

368 316 499 338 Bit-rueme
509 319 624 336 0110110105
637 318 796 336 SACMMENTCM
806 323 837 328 —-
846 317 891 340 qua

589 548 641 570 FAC

374 590 475 612 Fam-utu
487 601 518 605 —
530 588 571 610 Dei
587 588 665 610 vitiata
681 590 715 610 est
728 587 770 615 Ql)
786 587 825 608 123
839 586 854 609 0
868 586 893 608 5*

327 641 358 645 —
370 629 456 651 ratione
473 628 523 650 cius
539 634 555 650 a
572 633 619 656 quo
631 628 675 654 cst,
688 629 722 649 est
734 626 810 654 aliquo
823 626 893 648 modo

328 668 457 693 deiformis,
469 667 556 689 ratione
573 666 622 688 eius
639 665 666 688 de
683 671 729 695 quo
747 667 792 692 est,
812 668 846 687 est
858 665 894 686 ali-

329 713 375 736 quo
393 707 462 729 modo
478 705 620 732 defectibilis,
632 705 719 727 ratione
732 704 780 726 vitii
791 703 835 727 sub
848 710 894 733 quo

329 748 374 775 est,
392 749 426 769 est
442 746 519 774 aliquo
536 745 605 767 modo
622 745 732 767 deformis
749 743 779 766 it),

374 786 449 808 FAmes
464 797 495 801 —-
515 784 593 807 nullibi
607 784 701 811 legitur,
713 789 840 811 pauperem
854 789 893 805 vo-

329 825 451 847 luntarium
469 824 499 846 ob
517 824 632 846 defectum
650 822 694 845 0101
720 823 782 844 fame
799 822 894 850 periisse

331 864 371 892 OD
393 865 432 886 133
451 863 466 886 b
484 863 508 885 9*

376 904 452 925 FAT-ou
470 915 499 918 —
516 903 570 925 vide
582 902 688 931 Corpora
707 900 814 924 caelestia

376 943 512 965 Fecumms
523 943 609 964 Matuta
623 942 650 963 V.
661 953 691 958 —·
703 941 825 969 singularis
840 940 893 967 fuit,

330 988 370 1005 nec
388 982 417 1004 illi
429 981 585 1009 comparanda
598 981 725 1003 fecunditas
737 980 832 1002 aliarum
846 986 893 1002 mu-

330 1022 410 1044 lierum
430 1021 471 1049 (m
492 1022 532 1043 178
550 1027 561 1043 a
581 1021 605 1042 2*

378 1061 443 1083 Fines
458 1073 489 1077 —
506 1063 540 1083 est
564 1060 691 1082 necessaria
714 1059 743 1081 ad
770 1060 893 1087 intelligen—

331 1101 383 1122 tiam
405 1100 536 1128 Scripturae
559 1099 577 1121 B
600 1099 640 1121 201
667 1099 681 1121 0
702 1111 733 1115 -
756 1101 790 1121 cst
816 1099 893 1120 funda-

331 1142 433 1161 mentum
449 1138 576 1165 stabiliens,
595 1138 685 1160 lucerna
698 1138 808 1166 dirigens,
826 1138 891 1159 ianua

332 1178 477 1201 introducens
500 1177 529 1200 ib.
549 1190 579 1194 —
601 1181 635 1200 est
658 1177 797 1205 principium
819 1178 893 1199 cultus

333 1218 370 1239 Dei
386 1220 407 1239 et
424 1217 472 1239 eius
490 1217 665 1239 fundamentum
679 1217 718 1238 211
735 1223 747 1239 a
764 1228 796 1233 -
811 1216 893 1244 dictat,

330 1256 448 1285 quomodo
460 1256 488 1278 sit
500 1256 528 1278 de
542 1256 588 1278 Deo
604 1255 749 1278 sentiendum
763 1255 792 1278 ib.
804 1268 835 1272 —-
846 1255 893 1277 sola

331 1296 412 1318 dividit
428 1296 501 1318 lucem
514 1302 525 1317 a
539 1295 646 1322 tenebris,
663 1298 739 1323 sanat,
751 1295 861 1317 rectificat
873 1297 894 1316 et

377 1335 447 1357 Funus
470 1335 510 1356 Der
530 1346 560 1351 —-
578 1337 612 1356 est
634 1340 672 1356 ars
696 1334 762 1362 plena
789 1334 893 1356 omnium

330 1374 443 1395 rationum
461 1374 588 1395 viventium
611 1373 833 1395 incommutabilium
854 1372 895 1400 Ol)

331 1413 343 1434 6
356 1418 368 1434 a
386 1413 399 1434 7
412 1412 427 1434 b
439 1424 469 1428 —
481 1416 515 1434 est
532 1413 608 1440 imago
626 1416 648 1434 et
666 1411 764 1434 verbum
783 1413 799 1433 Β
817 1412 861 1434 212
881 1418 893 1434 a

330 1464 359 1467 —
376 1452 416 1473 cfr.
433 1450 541 1474 Christus

376 1491 434 1513 Finis
445 1503 476 1507 —
487 1491 544 1519 quid
562 1491 583 1512 in
600 1490 687 1512 ratione
701 1490 841 1512 aeternitatis
854 1489 895 1517 OD

328 1530 357 1551 «10
375 1530 400 1552 3”
417 1543 446 1545 -
463 1530 582 1558 quomodo
600 1530 661 1552 Deus
678 1530 706 1552 sit
718 1530 769 1551 linis
788 1533 893 1557 respectu

330 1575 407 1591 rerum
423 1572 492 1596 exn-a,
511 1569 564 1591 vide
582 1569 644 1592 Deus

375 1621 405 1624 —
423 1609 478 1630 dicit
495 1608 652 1630 limitationem
665 1614 718 1630 cum
736 1608 826 1630 defectu
840 1608 865 1630 91
880 1614 893 1630 a

334 1647 353 1669 i*
369 1660 400 1664 -
417 1647 510 1669 ultimus
527 1647 603 1670 omnis
622 1647 669 1669 veri
687 1650 709 1669 et
722 1647 775 1669 boni
793 1647 850 1675 quid
867 1647 895 1669 sit

329 1687 346 1709 B
363 1687 407 1709 202
426 1686 440 1708 b

586 1923 642 1944 (ΕΑΒ

377 1963 474 1984 1111111151.
492 1962 655 1990 (Axantust—
672 1962 738 1984 cuius
755 1962 842 1984 ordinis
859 1962 894 1983 vel

333 2002 472 2023 hierarchiae
482 2001 548 2023 fuerit.
558 2001 578 2023 H
588 2000 631 2023 434
642 2000 657 2022 0
668 2012 699 2017 —
710 2001 838 2023 admittitur
850 2001 895 2023 val-

331 2040 360 2062 110
377 2046 491 2068 congrue,
509 2040 572 2068 quod
588 2039 617 2061 ad
631 2039 730 2062 mediam
744 2040 855 2067 pertineat
867 2039 894 2062 ib.

378 2080 479 2102 Giuuiuu
498 2091 527 2095 —
553 2078 665 2100 fruitionis
689 2081 801 2106 quantum
827 2078 855 2100 sit
879 2079 895 2101 R

333 2119 372 2140 291
389 2125 400 2140 a
414 2131 443 2134 —-
455 2119 526 2140 oritur
538 2124 564 2140 ex
577 2124 656 2139 amore
665 2121 687 2140 et
699 2118 829 2145 cognitione
842 2117 870 2140 it).
881 2117 896 2139 b

378 2158 496 2180 Gustum
514 2170 541 2173 --
555 2164 600 2179 non
612 2160 706 2185 generat
717 2157 778 2179 aliud
791 2157 833 2179 nisi
846 2163 896 2184 pro-

332 2202 381 2225 pter
399 2197 515 2219 materiam
534 2196 576 2224 01)
593 2196 622 2218 64
640 2196 654 2218 b

378 2237 499 2258 timemus
519 2248 549 2252 —
566 2239 600 2258 est
616 2236 645 2258 de
668 2236 704 2258 sui
724 2228 851 2258 substantia
869 2236 895 2258 si-

333 2276 408 2298 milem
427 2275 555 2304 producere
573 2274 603 2298 ib.
620 2274 636 2297 0

379 2315 507 2337 Genusum
528 2326 559 2331 --
584 2314 606 2336 in
626 2314 711 2336 divinis
737 2317 811 2342 potest
834 2317 894 2336 stare

331 2360 384 2376 cum
406 2360 497 2376 stuuma
514 2354 659 2381 simplicitate
676 2353 719 2382 Ql)
735 2354 765 2376 75
782 2360 794 2376 11
814 2366 842 2369 ——
859 2360 894 2376 ae-

332 2398 394 2415 terna
413 2399 456 2415 non
476 2396 548 2421 potest
566 2399 606 2421 per
622 2393 711 2415 1101111111
725 2396 816 2421 tempus
833 2394 894 2416 susti·

331 2433 416 2454 vienter
433 2432 537 2460 explicari
556 2432 585 2454 9ss
608 2431 623 2454 b
644 2433 681 2454 il‘
700 2445 728 2448 —-
746 2432 855 2460 competit
871 2432 892 2454 ei

334 2472 481 2499 praeteritum
499 2471 585 2493 ratione
602 2471 768 2499 completionis,
785 2477 895 2499 praesens

333 2511 418 2532 ratione
435 2511 582 2537 actualitatis,
600 2511 702 2532 futurum
720 2510 809 2532 ratione
825 2510 894 2533 conti-

333 2550 446 2571 nuationis
463 2548 493 2572 ib.
515 2562 543 2565 —-
562 2550 642 2572 melius
667 2549 798 2577 intelligitur
823 2555 893 2578 quam

332 2589 428 2616 dicatur,
443 2591 465 2610 et
483 2588 562 2610 melius
579 2588 680 2610 creditur
697 2594 767 2616 quam
786 2588 895 2616 intelliga-

333 2632 368 2649 tur
386 2626 413 2649 ib.

378 2678 409 2682 —
426 2668 459 2687 est
475 2665 536 2688 datio
554 2666 588 2686 vel
606 2666 709 2692 acceptio
726 2672 775 2688 esre
788 2672 828 2694 per
844 2672 894 2688 con-

332 2704 546 2727 substantialitatem
564 2704 607 2726 105
625 2710 636 2726 a
656 2704 679 2726 3‘
696 2716 727 2721 —
745 2705 766 2726 in
789 2712 836 2733 quo
854 2705 894 2727 dif-

334 2746 388 2766 t'erat
405 2750 416 2765 a
435 2744 580 2771 corruptione
595 2742 623 2765 ίΙ).
637 2744 700 2765 —in
716 2744 849 2766 aeternitate
860 2747 895 2766 est

332 2783 424 2805 alterius
442 2783 503 2804 modi
521 2789 589 2811 quam
615 2783 635 2804 in
654 2785 757 2810 tempore
775 2782 804 2805 ib.
822 2782 846 2805 4*
864 2795 893 2799 —

331 2827 354 2844 ct
370 2822 464 2849 spiratio
490 2828 536 2844 non
558 2825 653 2850 possunt
669 2825 801 2849 competere
817 2822 892 2844 eidem

332 2867 444 2888 personae
461 2861 585 2889 0101111ωο
602 2860 630 2883 ib.
642 2860 667 2882 5·
678 2873 709 2878 —
722 2861 893 2883 immutabilitas

1025 75 1123 103 INDEX
1145 73 1393 103 ALPHABETICUS.

928 160 952 176 re
970 154 1098 176 institutum
1116 153 1134 176 B
1150 153 1195 176 277
1213 159 1225 174 a
1237 164 1268 168 —
1280 152 1330 174 eius
1347 152 1441 174 materia
1462 155 1496 174 est

927 193 1003 215 oleum
1021 193 1117 220 simplex
1134 195 1157 215 et
1173 195 1334 214 consecratum
1352 190 1423 213 ib.·—
1435 191 1495 213 valet

926 232 956 254 ad
979 231 1126 256 demtionem
1150 231 1308 257 excitandam,
1328 230 1428 252 venialia
1453 230 1493 252 de-

927 271 1007 299 lenda,
1031 273 1179 299 pcccatorum
1202 270 1301 293 scoriam
1325 269 1413 291 facilius
1439 268 1493 291 abo-

926 311 1017 333 lendam
1035 309 1065 332 ib.
1082 322 1113 326 —
1130 310 1154 332 111
1171 316 1212 338 per
1230 309 1386 332 inunctionem
1407 308 1491 330 inssrmi

1195 442 1232 488 F

927 586 1018 608 ordinat
1040 585 1062 607 H
1083 585 1127 607 367
1147 584 1161 606 0
1186 596 1217 600 -
1240 589 1335 606 vocatur
1359 584 1449 606 caelum
1472 585 1493 604 ct

928 631 1000 654 quare
1017 625 1061 646 369
1079 630 1091 646 a
1110 637 1138 640 --
1157 623 1225 645 babet
1242 630 1296 646 cum
1309 624 1395 645 lumine
1406 622 1493 644 nubem

929 664 957 687 ib.
971 677 1001 680 —
1021 667 1055 686 est
1072 664 1193 689 altissima,
1217 663 1358 690 firmissima,
1375 662 1493 690 speciosis·

929 704 985 726 sima
1004 702 1032 725 ili.
1050 715 1081 719 —
1098 702 1167 724 habet
1186 702 1327 724 altitudinem
1348 701 1493 724 sublimitatis

928 746 950 764 et
967 742 1128 770 profunditatis
1152 742 1195 764 370
1219 748 1231 763 a
1252 753 1283 758 ——
1302 748 1361 770 quae
1378 741 1423 763 sint
1444 741 1494 763 eius

928 782 988 804 duae
1005 782 1095 804 radices
1112 781 1142 804 11].

975 834 1005 838 -
1027 821 1079 843 tltlei
1097 821 1185 843 articuli
1207 820 1236 843 de
1252 821 1299 842 Deo
1323 827 1361 843 sex
1377 823 1399 842 et
1416 820 1445 842 de
1463 820 1494 842 in-

928 861 1057 883 rai-natione
1081 866 1118 882 sex
1144 860 1185 881 371
1215 866 1228 881 a
1254 859 1268 881 b
1288 871 1319 876 —
1335 859 1494 887 significantur

928 901 949 922 in
966 906 1005 922 sex
1022 900 1062 921 alis
1079 900 1179 922 duorum
1198 899 1318 926 Seraphim
1335 898 1363 922 ib.
1376 910 1407 915 —-
1420 899 1441 921 iu
1460 898 1494 920 bis

927 940 1051 962 duodecim
1069 942 1102 961 est
1128 939 1201 961 cultus
1224 939 1264 960 Dei
1283 940 1397 966 perfectus
1414 938 1444 961 it).
1462 950 1494 955 -

928 979 1075 1001 111-1113111101
1102 978 1184 1006 triplici
1210 978 1340 1000 testimonio
1366 977 1436 1000 Verbi
1464 978 1494 999 in-

927 1019 1009 1045 crcati,
1027 1018 1152 1044 incarnati,
1171 1017 1275 1045 inspirati
1301 1017 1344 1039 372
1370 1024 1382 1039 a
1408 1024 1442 1046 sq.
1464 1030 1494 1034 —

926 1058 975 1080 eius
987 1057 1111 1080 duodecim
1126 1057 1272 1079 fundamenta
1285 1063 1311 1079 cx
1324 1056 1406 1078 eadem
1424 1063 1493 1079 eausa

927 1100 949 1119 et
970 1097 1065 1119 totidem
1091 1096 1190 1118 rationes
1214 1096 1258 1118 373
1279 1095 1292 1117 b
1319 1108 1349 1111 —
1374 1095 1493 1124 quomodo

928 1137 990 1158 varie
1008 1139 1102 1158 vexetur
1121 1135 1150 1158 it).
1174 1148 1201 1151 -
1221 1135 1325 1157 firmatur
1343 1141 1384 1162 per
1403 1135 1493 1157 testium

927 1176 1029 1198 notitiam
1045 1179 1145 1203 certam,
1163 1181 1188 1197 cx
1211 1174 1293 1202 triplici
1318 1174 1405 1196 visione
1427 1174 1494 1202 origi-

927 1221 980 1237 nem
1006 1214 1130 1237 habentem
1156 1214 1201 1236 374
1226 1220 1239 1236 a
1266 1227 1294 1229 —
1322 1214 1372 1236 eius
1400 1214 1494 1236 firmitas

927 1261 953 1277 ex
975 1254 1144 1276 testificantium
1171 1255 1231 1276 falna
1254 1254 1384 1281 praeclara,
1402 1259 1494 1275 concor-

928 1294 965 1316 dia
983 1294 1062 1321 plena,
1074 1293 1184 1315 sententia
1203 1290 1268 1314 firma
1286 1292 1315 1315 it).
1332 1295 1355 1315 et
1372 1292 1417 1314 375
1434 1298 1447 1315 a
1464 1304 1495 1309 -—

928 1336 962 1356 est
978 1333 1082 1361 speciosa
1105 1333 1234 1355 secundum
1251 1332 1375 1354 (1001101110
1393 1333 1495 1360 specula-

929 1373 1001 1395 tiones
1019 1372 1063 1395 377
1082 1378 1094 1394 a

975 1412 1051 1434 Forum
1071 1424 1100 1427 ——-
1118 1412 1167 1433 cius
1185 1411 1307 1438 productio
1324 1411 1495 1433 (110111111101-011-

929 1451 982 1473 tiam
1008 1450 1181 1473 substantialem
1208 1451 1265 1472 inter
1282 1451 1450 1478 producentem
1473 1454 1495 1472 et

929 1490 1068 1518 productum
1088 1489 1129 1517 QI)
1151 1490 1191 1511 106
1210 1496 1221 1511 a
1248 1489 1285 1511 11*
1305 1502 1335 1506 -
1356 1490 1495 1518 apostolicae

928 1529 1106 1557 praedicationis
1123 1536 1167 1551 nou
1186 1530 1229 1551 suit
1243 1529 1342 1551 1115111010
1362 1532 1449 1551 tantum
1465 1530 1494 1552 ad

928 1572 1021 1596 tempus
1039 1568 1083 1590 150
1095 1575 1107 1591 a
1119 1581 1151 1585 --
1166 1575 1226 1597 quac.
1244 1570 1331 1590 formae
1348 1575 1425 1591 rerum
1444 1575 1495 1591 con-

929 1611 1015 1635 cretae,
1033 1607 1173 1634 abstractae,
1191 1611 1310 1635 separatae
1327 1608 1369 1631 DD
1382 1608 1426 1630 475
1438 1614 1449 1630 a
1464 1620 1495 1625 -

928 1653 987 1676 quas
1003 1654 1029 1669 ex
1048 1647 1082 1669 bis
1099 1647 1229 1669 consideret
1241 1647 1363 1675 physicus,
1378 1649 1495 1675 metaphy-

929 1686 1001 1713 sicus‚
1020 1686 1196 1709 mathematicus
1214 1686 1244 1709 ib.

1192 1819 1235 1866 G

929 1961 1002 1983 divini
1020 1967 1069 1984 esse
1084 1968 1136 1984 eam
1160 1968 1205 1984 nou
1227 1962 1326 1984 excludit
1344 1961 1371 1984 ib.
1391 1961 1405 1984 b
1423 1962 1448 1984 7·
1465 1974 1495 1978 —

929 2000 1003 2023 existit
1026 2001 1129 2029 Qthdffln
1155 2001 1225 2023 modo
1251 2002 1272 2023 in
1301 2004 1404 2023 creatura
1430 2001 1496 2028 spiri-

930 2040 984 2062 tuali
1001 2039 1030 2061 ad
1057 2040 1232 2062 similitudinem
1256 2040 1409 2068 generationis
1426 2043 1496 2062 aeter-

930 2084 973 2100 nae
990 2077 1020 2101 ib.

977 2130 1006 2133 —
1024 2118 1046 2140 in
1065 2118 1175 2140 creaturis
1192 2125 1236 2140 non
1255 2119 1343 2140 fltcum
1357 2118 1448 2140 datione
1467 2122 1496 2140 to-

930 2156 975 2178 tius
992 2156 1132 2179 substantiae
1149 2156 1178 2179 ib.
1196 2170 1225 2173 —-
1248 2158 1271 2179 in
1289 2157 1374 2180 divinis
1396 2158 1420 2179 111
1442 2164 1495 2179 cum

930 2195 1021 2218 datione
1039 2197 1108 2218 totius
1125 2197 1237 2218 esseutiae
1255 2196 1283 2219 ib.
1300 2208 1332 2213 —
1348 2201 1382 2219 est
1395 2197 1471 2225 potius
1483 2203 1495 2218 a

930 2235 1070 2263 perfectione
1081 2241 1181 2262 summa,
1191 2241 1261 2264 quam
1271 2236 1299 2258 sit
1308 2236 1337 2258 ad
1349 2237 1495 2264 supplemen-

930 2278 977 2297 tum
990 2275 1093 2297 defectus
1109 2275 1263 2302 corruptionis
1282 2275 1388 2303 principii
1401 2282 1496 2303 genera-

929 2310 975 2336 tivi'
985 2314 1014 2337 il).
1032 2314 1057 2336 8*
1070 2327 1099 2330 -—
1112 2314 1133 2336 in
1145 2317 1204 2337 statu
1217 2314 1361 2337 innocentiae
1378 2314 1495 2337 habuisset

928 2353 1003 2376 locum
1021 2354 1070 2376 sine
1087 2354 1233 2382 corruptione
1251 2353 1280 2377 ib.
1299 2367 1327 2370 —
1346 2355 1367 2376 111
1385 2355 1494 2376 creaturis

929 2392 953 2415 111
969 2392 1042 2414 tribus
1059 2393 1135 2415 modis
1153 2393 1175 2415 H
1195 2394 1239 2415 382
1257 2400 1268 2415 a
1288 2405 1318 2410 —
1335 2394 1494 2421 generationes

928 2432 950 2454 in
960 2432 1070 2454 creaturis
1083 2436 1135 2454 sunt
1147 2432 1280 2459 duodecim,
1289 2439 1349 2462 quae
1363 2433 1439 2455 unitae
1450 2434 1493 2455 for-

930 2474 992 2492 mant
1009 2472 1128 2499 speculum
1147 2472 1174 2494 ad
1201 2472 1358 2494 contuendum
1376 2473 1493 2500 exemplar

929 2510 1033 2532 divinum
1052 2510 1096 2532 383
1114 2517 1126 2532 a
1145 2517 1179 2539 sq.
1200 2523 1231 2527 —
1251 2511 1379 2539 figurantur
1398 2512 1418 2534 in
1436 2512 1493 2534 Scri-

929 2552 995 2576 ptura
1013 2548 1043 2571 it).

976 2588 1049 2610 Genus
1065 2600 1096 2605 —-
1113 2589 1134 2611 in
1153 2589 1257 2617 quolibet
1271 2596 1355 2617 genere
1372 2593 1490 2612 estonum

929 2626 1044 2655 primum,
1066 2633 1106 2655 per
1131 2628 1194 2656 quod
1218 2632 1379 2651 mensurantur
1401 2629 1491 2656 omnia,

929 2672 988 2694 quae
1005 2669 1058 2688 sunt
1074 2666 1097 2688 in
1115 2667 1151 2689 illo
1166 2667 1206 2694 ΩΙ)
1219 2667 1263 2689 192
1276 2667 1291 2690 0
1303 2679 1334 2684 -
1350 2668 1491 2690 demonstra-

929 2705 1015 2732 tivum,
1037 2705 1227 2734 deliberativum,
1250 2707 1355 2729 iudiciale
1381 2707 1436 2735 quid
1462 2707 1490 2729 511

930 2744 950 2767 H
966 2745 1011 2766 353
1028 2751 1039 2767 a
1054 2744 1068 2767 b

973 2785 1113 2807 ommium
1131 2798 1160 2801 —
1176 2788 1250 2812 terrac
1268 2789 1301 2808 est
1319 2786 1405 2813 tivido,
1424 2785 1488 2808 uber-

926 2822 996 2849 rima‚
1015 2827 1109 2846 venusta
1129 2824 1151 2846 H
1166 2825 1210 2846 393
1228 2831 1239 2846 a
1262 2837 1288 2840 —
1305 2825 1324 2846 ei
1342 2828 1490 2853 cotnparatur

926 2862 1061 2889 germinatio
1078 2863 1209 2891 scripturae
1227 2863 1256 2886 ib.

1782 110 1840 132 EXT

1529 152 1550 173 in
1574 153 1663 179 septem
1686 149 1791 178 partibus
1813 148 1970 171 determinatis
1987 148 2015 172 it».
2033 152 2055 172 et
2077 148 2093 170 b

1527 202 1559 207 —-
1576 196 1622 212 non
1640 189 1708 211 datur
1732 189 1774 211 nisi
1798 188 1881 210 adultis
1901 190 1923 210 et
1944 187 1968 210 in
1990 188 2092 216 periculo

1527 228 1655 252 constitutis
1675 228 1704 251 it).
1722 227 1737 250 b
1759 239 1790 244 —
1812 227 1985 249 administratur
2004 233 2017 249 a
2039 226 2092 250 solis

1527 267 1686 291 sacerdotibus
1708 267 1736 290 it).
1759 279 1790 284 -—
1813 266 1887 289 differt
1910 272 1922 287 a
1946 266 2096 288 sacramento

1526 307 1707 330 confirmationis
1724 307 1749 329 in
1766 306 1843 328 multis
1860 304 1890 328 ih.

1787 542 1842 564 FUT

1574 582 1700 604 fonnruoo
1719 595 1748 598 ——
1765 585 1799 604 est
1816 581 1876 604 circa
1903 581 1997 603 timores
2019 583 2041 603 et
2058 586 2096 602 au-

1527 621 1606 644 dacius
1623 621 1646 644 H
1660 621 1705 643 355
1722 628 1734 643 a
1752 633 1783 638 —-
1800 623 1834 643 est
1851 623 1928 643 contra
1943 620 1999 642 >duo
2017 620 2047 643 ib.
2066 633 2095 636 —

1527 663 1561 682 est
1579 661 1600 682 in
1618 660 1692 682 anima
1711 667 1755 683 nou
1773 661 1796 682 in
1810 666 1879 682 carne
1892 660 1920 682 il).
1934 672 1962 675 ——
1975 662 2095 688 051118105-

1528 700 1561 724 sio
1579 700 1734 728 periculorum
1756 703 1778 723 et
1799 700 1927 722 eorundem
1950 702 2057 722 constans
2073 703 2094 722 et

1528 739 1641 762 laboriosa
1660 739 1778 767 perpessio
1796 739 1840 761 363
1858 746 1871 761 a

1575 790 1606 795 —
1627 778 1732 807 (Donum
1757 778 1862 808 Spiritus
1888 778 1921 806 Sl)
1949 782 1983 800 est
2007 785 2019 800 a
2046 779 2093 800 Deo

1528 822 1674 847 protegente,
1687 818 1827 846 redimente,
1840 818 1980 840 inhabitante
1996 818 2037 841 Do
2049 818 2093 840 48ss

1528 864 1540 880 a
1560 870 1588 873 —
1606 858 1719 885 figuratur
1736 857 1758 880 in
1777 858 1887 880 Samsone
1905 856 1933 880 it).

1576 910 1605 912 ——
1623 897 1652 919 ad
1669 903 1720 919 cam
1739 897 1867 925 disponitur
1884 897 1967 923 anima,
1980 903 2020 925 per
2035 897 2096 919 inex·

1529 936 1654 964 pugnabile
1678 936 1730 959 fidei
1751 940 1854 963 scutum,
1877 942 1918 964 per
1944 936 2094 964 imperturba-

1529 975 1572 998 bile
1590 976 1639 1004 spei
1657 976 1774 1003 solatium,
1792 982 1833 1004 per
1851 975 2020 1003 inextinguibile
2040 976 2094 998 curi-

1528 1016 1579 1037 talis
1606 1015 1736 1038 incendium
1763 1015 1802 1037 481
1833 1021 1845 1037 a
1868 1021 1902 1044 sq*
1923 1028 1952 1031 -—-
1973 1016 2041 1037 datur
2066 1015 2092 1037 ad

1529 1055 1679 1083 perficiendas
1696 1055 1841 1083 operationes
1861 1055 1944 1081 virilcs,
1962 1055 1991 1077 ad
2017 1055 2095 1077 aereas

1529 1098 1651 1122 potestates
1673 1094 1864 1122 prosternendus,
1886 1094 1915 1116 ad
1938 1094 2095 1116 tribulationes

1528 1134 1676 1162 perferendas
1694 1133 1736 1156 482
1755 1140 1767 1155 a
1786 1133 1800 1155 0
1812 1146 1842 1150 -
1855 1134 1895 1156 fuit
1913 1134 2001 1156 initium
2014 1140 2095 1162 super-

1528 1174 1636 1195 naturalis
1654 1177 1780 1201 conceptus
1798 1174 1819 1196 in
1831 1173 1927 1201 Virgine
1944 1173 2011 1195 Maria
2025 1173 2069 1196 483
2082 1180 2093 1195 a

1576 1213 1708 1235 anctscus
1726 1213 1766 1241 (S.)
1786 1225 1814 1236 Ἵ-
1834 1213 1974 1235 mendicavit
1991 1215 2013 1235 et
2031 1219 2093 1235 men-

1528 1252 1667 1275 dicationem
1682 1258 1748 1274 suam
1765 1252 1881 1274 miraculis
1892 1252 2039 1274 confirmavit
2052 1251 2093 1280 OD

1529 1293 1573 1314 Ι138
1586 1292 1601 1314 0
1616 1304 1643 1308 —-
1656 1292 1678 1313 in
1690 1292 1769 1319 regula
1785 1292 1896 1319 praecipit
1911 1291 2019 1314 fratribus
2031 1292 2093 1319 suis,

1529 1334 1553 1354 ut
1570 1331 1655 1354 vadant
1672 1337 1713 1359 pro
1736 1331 1882 1358 eleemosyna
1901 1331 2042 1353 confidenter
2064 1330 2093 1353 ib.

1528 1382 1559 1387 —
1576 1374 1609 1393 cst
1626 1371 1770 1398 praedicator
1792 1370 1855 1398 pacis
1873 1370 1883 1392 Ι
1904 1371 1949 1393 295
1967 1377 1979 1392 a
1997 1383 2028 1387 —
2044 1371 2093 1393 eius

1529 1410 1587 1432 visio
1609 1411 1697 1438 seraph
1723 1409 1775 1431 alati
1797 1412 1819 1431 et
1844 1410 1947 1432 eiusdem
1973 1410 2092 1438 explicatio

1529 1449 1557 1472 it).
1576 1449 1590 1471 0
1608 1462 1636 1465 —
1654 1452 1688 1471 est
1704 1449 1835 1477 exemplum
1859 1450 1973 1477 perfectae
1991 1453 2093 1471 contem-

1529 1489 1634 1517 plationis
1652 1489 1695 1510 312
1715 1488 1729 1510 b

1575 1529 1665 1551 Fuarun
1683 1539 1713 1544 —
1730 1527 1786 1556 quid
1810 1527 1838 1550 sit
1859 1528 1882 1550 H
1901 1528 1946 1550 528
1964 1534 1976 1550 a
1994 1541 2024 1545 -
2041 1529 2091 1551 eius

1528 1575 1566 1591 sex
1584 1568 1672 1596 species
1690 1565 1718 1589 ib.
1736 1565 1751 1588 0

1574 1608 1679 1630 Furuauu
1691 1620 1722 1624 —
1738 1607 1869 1630 attribuitur
1886 1608 1953 1629 alicui
1970 1607 2091 1635 dupliciter

1530 1646 1572 1675 (Η)
1589 1648 1613 1669 91
1636 1654 1648 1669 a
1667 1647 1693 1670 5*

1784 1923 1841 1945 (ΒΚΑ

1574 1963 1671 1984 Gotttru
1699 1974 1728 1979 -
1756 1963 1862 1990 designat
1889 1962 2048 1985 antichristum
2073 1961 2094 1984 Η

1528 2001 1573 2023 399
1591 2007 1603 2023 a

1575 2041 1665 2063 Gnaeus
1682 2053 1713 2057 —
1730 2040 1869 2063 ascensionis
1889 2040 1919 2063 ad
1942 2041 2015 2063 Deum
2034 2040 2092 2069 prin-

1512 2103 1514 2106 ,
1529 2079 1614 2107 cipales
1631 2083 1684 2102 sunt
1701 2082 1746 2102 tres
1764 2080 1774 2102 Ι
1791 2080 1837 2102 297
1855 2086 1867 2101 a
1883 2092 1914 2097 -—
1929 2082 2093 2108 comparantur

1528 2119 1557 2141 nd
1575 2122 1673 2147 quatuor
1692 2120 1713 2141 111
1731 2119 1847 2147 Scriptura
1867 2120 1946 2142 tradita
1964 2119 1994 2143 it).
2009 2132 2040 2136 —
2055 2125 2093 2147 ge-

1529 2158 1644 2180 minantur
1656 2157 1685 2181 io.
1699 2158 1713 2180 b
1725 2170 1756 2175 -
1769 2160 1922 2186 potentiarum
1939 2162 1992 2181 sunt
2008 2166 2046 2182 sex
2063 2157 2092 2181 ib.

1574 2198 1657 2219 11111501
1675 2203 1809 2220 scitissime:
1827 2210 1857 2215 -
1876 2198 2046 2221 contendebant
2062 2198 2091 2220 de

1524 2236 1583 2265 pari
1598 2243 1651 2258 cum
1665 2237 1762 2259 Ecclesia
1780 2237 1882 2259 Romana
1896 2237 1916 2265 Ο
1926 2238 1945 2260 D
1967 2238 2007 2260 197
2024 2237 2039 2260 b
2053 2237 2091 2260 ⁴2*

1526 2288 1557 2293 —
1570 2276 1683 2298 excaecati
1701 2280 1766 2303 sunt,
1785 2280 1809 2299 111
1826 2277 1901 2300 minus
1918 2277 1976 2299 bene
1994 2277 2091 2300 sentiant

1526 2315 1555 2337 de
1573 2315 1657 2337 unitate
1675 2316 1773 2343 Spiritus
1790 2317 1812 2338 S.
1830 2315 1858 2338 ιἸ).

1574 2354 1720 2377 (1111111011101
1739 2367 1769 2372 ·—-
1786 2362 1798 2377 a
1816 2354 1885 2378 rebus
1898 2360 2002 2378 naturam
2024 2356 2090 2378 trahit

1529 2393 1549 2416 H
1566 2394 1610 2416 352
1629 2394 1644 2416 0

1572 2434 1732 2456 (minume-os
1744 2446 1774 2450 —
1787 2433 1861 2456 bonns
1877 2434 1959 2463 aliquis
1977 2441 2027 2457 esse
2042 2441 2089 2457 non

1526 2475 1612 2499 potest,
1630 2472 1671 2494 nisi
1689 2473 1745 2495 sciat
1761 2479 1798 2495 res
1813 2472 1834 2496 H
1845 2473 1889 2495 352
1903 2472 1917 2495 b
1935 2485 1965 2490 —
1982 2473 2088 2496 determi-

1525 2514 1563 2533 nat
1580 2511 1609 2533 de
1627 2511 1730 2539 partibus
1753 2512 1874 2540 orationis;
1892 2512 1920 2534 de
1943 2512 2028 2540 littera,
2046 2513 2087 2541 syl-

1508 2560 1510 2562 ·
1524 2550 1587 2577 laba,
1605 2550 1705 2573 dictione
1721 2555 1743 2573 et.
1760 2552 1863 2574 oratioue
1881 2551 1910 2574 ib.

1570 2591 1655 2612 tinnit
1665 2602 1692 2606 —
1700 2590 1788 2618 perficit
1798 2594 1902 2613 naturam
1913 2591 2030 2619 tripliciter
2041 2591 2061 2619 Q
2072 2592 2091 2614 D

1525 2629 1554 2651 57
1568 2628 1582 2650 b
1594 2628 1619 2650 6·
1628 2641 1658 2645 -
1670 2632 1704 2651 051
1720 2629 1808 2651 donum
1821 2630 1953 2652 immediate
1965 2636 1977 2652 a
1991 2631 2038 2652 Deo
2050 2630 2088 2653 do·

1525 2671 1603 2690 natum
1615 2671 1637 2690 et
1649 2668 1749 2690 infusum
1758 2687 1763 2696 ‚
1775 2675 1816 2696 per
1828 2669 1891 2697 quod
1903 2669 1978 2691 anima
1991 2669 2089 2692 eflicitur

1524 2708 1635 2735 templum
1651 2708 1748 2736 Spiritus
1765 2708 1794 2736 S„
1806 2714 1890 2736 sponsa
1906 2708 1988 2731 Christi
2006 2711 2027 2730 et
2043 2708 2088 2730 fllia

1524 2747 1610 2769 aeterni
1623 2747 1693 2769 Patris
1703 2747 1721 2770 Β
1733 2748 1778 2769 252
1794 2753 1806 2769 a
1824 2753 1859 2776 sq.
1868 2747 1971 2776 —quod
1986 2748 2087 2770 animam

1524 2788 1620 2813 purgat,
1637 2785 1720 2808 stabilit
1736 2789 1759 2808 et
1776 2787 1850 2808 elevat
1867 2792 1908 2814 per
1926 2787 2032 2814 vigorem
2042 2787 2088 2809 vir·

1524 2825 1590 2851 tutis,
1608 2825 1731 2851 illuminat,
1748 2826 1858 2847 reformat
1874 2828 1896 2847 et
1914 2825 1961 2847 Deo
1978 2825 2087 2847 assimilat

1524 2870 1565 2891 per
1582 2864 1730 2892 splendorem
1743 2864 1856 2891 veritatis,
1869 2864 1969 2892 perlicit,
1985 2864 2087 2887 viviticat
