2285 3398
320 237 376 265 468

880 235 922 262 DE
945 234 1042 263 DONIS
1063 235 1206 264 SPIRITUS
1227 236 1251 263 S.
1274 233 1433 262 COLLATlO
1456 234 1495 261 lll.

995 401 1258 451 GOLLATIO
1293 401 1375 449 ΠΙ.

1034 518 1080 552 De
1105 518 1186 552 dono
1211 518 1338 564 pietatis.

320 643 493 670 Summanum.
517 655 553 660 —-
575 638 775 672 Introductim
797 638 902 675 duplex
922 637 1107 671 exercitium,
1132 638 1155 666 1.
1177 654 1215 659 -
1243 638 1314 666 Tria
1328 637 1558 671 consideramla,
1574 638 1599 666 2.
1623 653 1658 658 ——
1681 638 1745 666 Pars
1761 637 1776 665 l.
1793 637 1832 665 De
1846 636 1955 673 pietatis
1973 644 2055 666 exer-

397 691 468 720 citio.
491 691 551 719 Hoc
572 690 702 719 consistit
723 690 752 718 in
775 689 885 723 tribus,
908 689 934 718 3.
958 705 993 709 -e
1016 688 1135 723 Primo,
1156 689 1188 717 in
1209 688 1368 718 reuerentia
1389 688 1581 716 venerationis
1602 688 1733 723 divinae,
1749 688 1775 717 [ι.
1800 689 1825 716 5.
1847 704 1886 708 -
1907 687 2054 722 Secundo,

397 743 428 771 in
449 742 582 771 custodia
602 740 844 778 sanctificationis
866 740 1055 774 intrinsecae,
1079 740 1104 768 6.
1127 741 1152 768 7.
1174 757 1213 762 —-
1240 740 1350 773 Tertio,
1373 739 1404 767 in
1424 738 1577 776 affluentia
1597 739 1793 769 miserationis
1814 739 1962 773 internae,
1978 739 2004 767 8.
2028 739 2053 767 9.

397 794 463 822 Pars
484 793 511 821 ll.
534 793 572 822 De
593 792 702 830 pietatis
722 791 848 829 originali
869 791 1013 828 principio.
1035 791 1096 819 Hoc
1116 794 1157 819 est
1171 791 1291 829 triplex,
1309 792 1352 819 10.
1369 806 1405 811 -
1423 790 1525 819 Oritur
1536 790 1634 828 primo
1649 799 1668 820 a
1689 791 1829 820 Trinitate
1845 790 1994 824 increata,
2012 791 2054 818 11.

397 861 436 866 —
457 844 603 878 Secundo,
626 852 645 872 a
666 843 817 880 Sapientia
838 842 1013 876 incarnata,
1038 843 1081 871 12.
1104 858 1140 863 —-
1169 842 1278 877 Tertio,
1300 844 1443 870 asancta
1463 844 1558 870 matre
1579 842 1721 877 Ecclesia,
1746 842 1840 871 13-15.
1865 858 1900 862 —
1922 841 1988 870 Pars
2016 841 2055 869 111.

397 896 436 925 De
457 895 565 933 pietatis
586 895 772 924 emolumento
792 894 850 922 sive
870 893 996 922 utilitate.
1024 893 1103 922 Valet
1122 893 1163 922 ud
1183 894 1259 928 tria,
1284 894 1326 922 16.
1350 909 1386 914 —
1409 893 1528 927 Primo,
1550 893 1590 921 ad
1615 902 1685 922 vera
1716 893 1928 931 cognoscenda,
1954 894 1996 921 17.
2019 909 2057 913 —

399 947 546 981 Secundo,
568 946 607 975 ad
628 945 709 975 mala
730 945 921 979 declinanda,
946 945 988 973 18.
1011 961 1047 966 —
1078 945 1188 980 Tertio,
1210 945 1250 974 ad
1271 944 1346 974 bona
1367 944 1581 982 consequenda,
1607 945 1648 973 19.

402 1074 425 1101 1.
449 1073 556 1101 Exerce
577 1070 755 1108 temetipsum
776 1069 817 1098 ad
833 1069 977 1107 pietatem.
1001 1069 1078 1098 Nam
1098 1077 1162 1098 cor-

188 1123 308 1143 ¹¹¹²r⁰du0¹=i⁰·
318 1120 434 1159 por-alis
460 1118 626 1148 exercitatio
647 1117 687 1145 ud
714 1117 861 1145 modicum
888 1116 969 1145 utilis
992 1119 1048 1151 est,
1067 1116 1161 1154 pietas

321 1171 418 1198 autem
439 1166 479 1195 ad
498 1165 597 1194 omnia
617 1164 704 1198 valet,
716 1163 940 1201 promissionem
954 1163 1061 1193 liabens
1074 1164 1160 1198 vitae,

321 1223 395 1255 quae
414 1222 493 1243 nunc
513 1216 553 1241 est
572 1216 597 1241 et
616 1211 746 1249 futili-ae.
769 1211 859 1240 Verba
879 1211 930 1239 ista
951 1213 1016 1240 sunt
1029 1211 1057 1239 in
1072 1210 1161 1247 prima

322 1262 440 1301 Epistola
454 1260 487 1290 ad
501 1260 675 1289 Timotheum
685 1260 703 1293 ¹,
719 1258 746 1287 in
760 1258 862 1295 quibus
876 1258 1019 1295 Apostolus
1033 1257 1160 1292 ostendit,

181 1313 312 1340 Duplawffl·
321 1310 425 1347 duplex
439 1315 499 1337 esse
512 1306 693 1339 exercitium,
708 1305 782 1342 quod
796 1304 926 1341 competit
939 1304 1058 1333 homini:
1073 1312 1160 1333 unum

212 1339 283 1356 cmm
322 1355 481 1395 corporale,
510 1357 536 1384 et
566 1353 640 1382 aliud
670 1351 842 1390 spiritual&
874 1354 901 1380 et
928 1351 1059 1385 ostendit,
1087 1352 1161 1388 quod

200 1406 310 1433 Praefers&
321 1403 486 1434 exercitium
519 1400 673 1439 spirituale
703 1399 914 1437 praeferendum
945 1400 987 1427 est
1013 1398 1162 1435 corporali

193 1430 455 1489 ffffl.⁵⁹¹‘¹'13nquam
481 1447 646 1478 exercitium
676 1446 802 1475 nobilius
829 1449 856 1474 et
884 1448 1017 1482 tanquam
1049 1445 1160 1473 utilius.

322 1496 478 1535 Corporalis
495 1495 568 1524 enim
583 1493 744 1523 exercitatio
758 1493 890 1522 modicam
905 1492 988 1521 habet
1002 1492 1161 1526 utilitatem3

323 1544 397 1574 unde
417 1543 497 1572 dicit:
521 1540 689 1579 Corporalis
709 1540 877 1568 exercitatio
891 1538 932 1567 ad
945 1537 1092 1566 modicum
1106 1538 1163 1566 uti-

323 1591 359 1621 lis
378 1594 435 1625 est,·
456 1589 606 1627 spiritualis
634 1596 700 1617 vero
726 1586 888 1616 exercitatio
909 1584 1060 1614 maximam
1081 1585 1164 1614 habet

322 1638 476 1668 utilitatem.
492 1636 566 1665 Unde
587 1634 737 1672 spiritualis
750 1633 912 1663 exercitatio
926 1630 1106 1668 praeferenda
1123 1633 1165 1659 est

323 1684 473 1723 corporali:
494 1685 629 1721 quantum
651 1681 804 1719 spiritualia
823 1678 1005 1717 praeferenda
1025 1681 1090 1707 sunt
1104 1685 1164 1706 cor-

322 1732 479 1771 poralibus,
500 1734 611 1760 aeterna
641 1727 855 1765 temporalibus,
877 1729 904 1755 et
925 1725 1071 1754 invisibilia
1101 1724 1164 1753 visi-

323 1779 439 1813 bilibus;
455 1781 561 1807 tantum
576 1777 622 1805 illa
636 1775 797 1805 exercitatio
818 1772 970 1811 spiritualis
987 1771 1165 1809 praeferenda

324 1830 365 1856 est
385 1825 530 1863 corporali.
553 1824 626 1857 Ideo,
649 1823 671 1852 si
692 1823 755 1860 quis
776 1822 886 1859 sapiens
906 1822 962 1854 est,
985 1818 1070 1857 magis
1084 1820 1165 1849 debet

324 1881 459 1911 quaerere
480 1871 704 1901 exercitationem
733 1868 905 1906 spiritualem
930 1875 1012 1903 quam
1037 1875 1164 1904 corpora-

325 1921 391 1954 lem,
413 1920 478 1957 quia
498 1917 660 1956 corporalis
681 1915 848 1945 exercitatio
870 1913 910 1941 ad
926 1914 1072 1942 modicum
1086 1915 1165 1944 utilis

326 1970 382 2000 est,
404 1966 469 2003 quia
490 1965 565 1994 utilis
586 1966 627 1993 est
647 1963 681 1992 ad
712 1961 932 1991 commoditatem
959 1961 1096 1997 corporis3
1118 1962 1165 1991 sed

327 2013 492 2050 quandoque
513 2014 554 2040 est
574 2018 656 2039 causa
675 2012 703 2038 et
723 2009 829 2038 occasio
850 2009 987 2036 contrarii.
1007 2008 1098 2037 Credit
1117 2009 1165 2037 ali-

326 2060 389 2098 quis
410 2060 450 2088 ire
470 2059 503 2087 ad
525 2058 632 2092 iocum,
654 2059 681 2086 et
701 2056 775 2085 vadit
795 2055 829 2084 ad
850 2054 970 2089 bellum3
996 2056 1105 2093 quaerit
1124 2056 1166 2085 iu—

330 2107 508 2140 cunditatem,
524 2108 550 2134 et
565 2104 667 2133 invenit
685 2103 832 2132 tristitiam.
850 2101 922 2131 Unde
943 2102 1007 2131 dicit
1027 2103 1127 2132 Seneca
1139 2104 1165 2131 2:

333 2154 459 2183 «Multos
480 2152 570 2181 inveni
591 2151 774 2181 exercitantes
795 2157 908 2186 corpus,
924 2158 1025 2186 paucos
1046 2158 1111 2179 vero
1126 2151 1166 2179 in-

328 2201 447 2240 genia».
476 2201 577 2229 Fatuus
604 2202 675 2228 esset
702 2198 749 2236 qui
781 2199 873 2234 posset
893 2196 984 2227 fodere
1011 2206 1112 2227 aurum
1140 2201 1167 2227 et

327 2249 408 2278 vellet
435 2248 527 2277 fodere
547 2248 646 2276 lutum.
676 2246 739 2275 Plus
764 2244 873 2274 excedit
900 2246 1060 2274 exercitatio
1087 2245 1166 2283 spiri-

327 2297 409 2326 tualis
423 2295 602 2332 corporalem,
614 2301 695 2331 quam
711 2300 813 2321 aurum
828 2292 1000 2321 transcendat
1014 2292 1112 2322 lutum.
1128 2293 1166 2322 De

327 2344 379 2373 ista
399 2342 594 2372 exercitatione
615 2340 766 2378 spirituali,
782 2339 810 2367 in
831 2342 965 2375 quantum
985 2340 1109 2369 ordinata
1126 2343 1167 2368 est

328 2390 362 2419 ad
382 2390 525 2427 pietatem,
544 2388 618 2425 loqui
639 2388 786 2419 debemus;
809 2388 870 2422 post
891 2385 1020 2415 timorem
1041 2388 1113 2416 enim
1129 2387 1167 2415 lo-

328 2438 376 2476 qui
397 2437 528 2466 debemus
549 2435 582 2464 de
600 2435 711 2472 pietate.
730 2449 766 2454 --
785 2431 837 2460 Sed
858 2432 936 2461 istam
957 2433 1166 2462 sacratissimam

329 2483 553 2514 exercitationem
585 2491 638 2511 non
670 2487 818 2518 possumus
848 2479 986 2516 explicare
1017 2481 1166 2509 sermone³

329 2540 378 2560 nec
399 2531 426 2559 in
447 2538 517 2567 opus
531 2537 632 2567 ponere
653 2529 703 2557 nisi
719 2535 768 2565 per
787 2525 953 2555 adiutorium
969 2528 1086 2564 Spiritus
1106 2535 1168 2555 san-

330 2578 373 2607 cti.
396 2578 456 2606 Ideo
484 2578 510 2605 in
538 2576 672 2613 principio
694 2573 882 2604 invocabimus
909 2575 1022 2609 gratiani
1051 2575 1168 2611 Spiritus

330 2625 414 2653 sancti
443 2628 470 2652 et
491 2624 648 2660 rogabimus
676 2621 838 2653 Dominum,
860 2620 933 2655 quod
960 2621 1004 2649 det
1026 2621 1092 2649 mihi
1120 2621 1168 2649 ali—

330 2671 395 2708 quid
416 2671 519 2704 dicere,
542 2670 614 2707 quod
629 2670 664 2698 sit
677 2669 710 2697 ad
731 2668 791 2697 eius
812 2666 943 2694 honorem
966 2672 992 2695 et
1012 2668 1045 2696 ad
1067 2668 1168 2696 utilita-

330 2721 384 2746 tem
405 2718 559 2746 animarum
580 2719 746 2745 nostrarum.

1236 1076 1249 1105 j
1296 1070 1322 1098 2.
1345 1069 1452 1097 Exeree
1473 1068 1651 1105 temetipsum
1671 1068 1712 1097 ad
1728 1068 1863 1105 pietatem
1878 1071 1928 1097 etc.
1947 1068 2058 1106 Aposto-

1218 1116 1262 1145 lus
1283 1116 1382 1144 Paulus
1403 1118 1533 1152 tanquam
1551 1115 1640 1144 bonus
1660 1115 1790 1152 magister
1804 1115 1907 1144 excitat
1928 1115 2059 1144 sollicitu-

1216 1163 1308 1191 dinem
1328 1162 1502 1200 ingeniorum
1522 1166 1550 1191 et
1570 1162 1703 1191 mentium
1720 1165 1880 1191 nostrarum
1900 1162 1934 1191 ad
1955 1162 2058 1191 bonum

1217 1218 1298 1239 usum
1320 1209 1404 1240 divini
1425 1209 1496 1238 doni.
1520 1210 1550 1238 Et
1571 1210 1713 1247 supposito
1736 1209 1844 1247 pietatis
1862 1208 1995 1246 influxu,
2016 1209 2058 1238 in-
2082 1212 2197 1257 nivffiioszrrij

1216 1257 1284 1285 vitat
1307 1264 1357 1285 nos
1377 1256 1411 1285 ad
1431 1257 1538 1294 pietatis
1565 1257 1735 1286 exercitium
1754 1259 1782 1286 et
1802 1256 1930 1294 proponit
1950 1256 2058 1293 pietatis
2070 1244 2159 1286 {fflffia

1217 1303 1447 1332 emolumentum.
1476 1304 1502 1332 Si
1530 1304 1657 1341 accepisti
1687 1303 1790 1333 donum
1818 1303 1882 1338 Dei,
1909 1312 2007 1332 exerce
2034 1307 2058 1332 te

1218 1351 1258 1380 ast
1276 1351 1424 1389 pietatem,
1445 1358 1479 1379 ne
1500 1351 1580 1380 cadas
1600 1359 1616 1380 a
1630 1351 1716 1386 dono;
1737 1351 1759 1380 si
1781 1360 1835 1380 non
1850 1351 1935 1380 habes
1955 1351 2058 1380 donum

1218 1398 1282 1432 Dei,
1310 1406 1408 1426 exerce
1436 1401 1460 1426 te
1480 1398 1521 1426 ad
1545 1398 1679 1434 pietatem
1706 1398 1889 1427 obtinendam.
1918 1398 2058 1426 Rationem

1218 1445 1303 1474 huius
1324 1445 1458 1482 assignat,
1481 1452 1543 1473 cum
1565 1444 1672 1473 subdit:
1695 1445 1794 1473 Pietas
1821 1444 1863 1473 ad
1888 1444 1988 1473 omnia
2007 1453 2059 1473 va-

1218 1492 1254 1520 let
1274 1494 1324 1520 etc.
1348 1491 1409 1520 ldeo
1429 1491 1562 1525 ostendit,
1583 1491 1657 1528 quod
1685 1491 1759 1520 circa
1785 1490 1859 1519 istud
1879 1490 1982 1519 donum
2003 1491 2060 1527 pie-

1219 1538 1282 1566 tatis
1303 1538 1356 1567 tria
1385 1541 1449 1567 sunt
1477 1538 1555 1567 nobis
1576 1537 1787 1572 consideranda,
1819 1538 1922 1567 scilicet
1952 1537 2060 1575 pietatis

1219 1585 1405 1619 exercitium,
1426 1585 1534 1622 pietatis
1554 1585 1776 1614 emolumentum
1793 1588 1820 1614 et
1840 1585 1949 1622 pietatis
1970 1585 2060 1623 oriyz'-

1220 1631 1285 1659 nale
1302 1631 1492 1668 principium.
1515 1632 1541 1661 Si
1562 1635 1603 1661 est
1623 1632 1748 1666 donum,
1764 1634 1830 1662 tunc
1851 1635 1959 1670 oportet
1976 1633 2059 1667 scire,

1220 1677 1339 1715 qualiter
1369 1678 1518 1713 donatum
1548 1679 1570 1707 si
1604 1683 1645 1708 est
1675 1679 1767 1708 nobile
1800 1680 1923 1714 donum,
1952 1682 2060 1717 oportet

1221 1724 1307 1759 scire,
1328 1725 1446 1762 qualiter
1467 1725 1493 1754 in
1516 1726 1574 1762 ipso
1595 1726 1789 1763 proficiamus
1813 1730 1840 1756 et
1860 1734 1910 1755 nos
1931 1734 2059 1756 exercea-

1220 1780 1298 1807 mus;
1320 1771 1342 1801 si
1364 1775 1405 1801 est
1425 1772 1534 1801 donum
1548 1773 1626 1808 utile,
1647 1773 1802 1808 videamus,
1823 1781 1906 1810 quem
1927 1772 2061 1810 fructum

1220 1819 1283 1848 inde
1303 1827 1515 1857 consequamur.
1529 1836 1565 1841 —-
1580 1820 1690 1855 Videte,
1712 1823 1769 1848 tota
1788 1820 1903 1848 intentio
1922 1828 1983 1849 mea
2003 1823 2151 1855 est,1ntenuq
2168 1830 2200 1843 au-

1220 1866 1294 1904 quod
1315 1867 1473 1904 concipiatis
1499 1867 1604 1896 donum
1628 1867 1736 1904 pietatis
1763 1866 1790 1895 in
1811 1866 1902 1895 anima
1928 1870 1956 1896 et
1975 1867 2061 1897 disca·
2105 1853 2166 1869 ΜΨ

1221 1914 1268 1948 tis,
1289 1914 1355 1951 quid
1377 1914 1411 1943 sit
1432 1923 1490 1943 esse
1508 1914 1600 1952 pium.

1299 1961 1325 1990 3.
1354 1961 1517 1998 Incipiamus
1544 1961 1578 1990 ab
1599 1961 1741 1989 exercitio.
1771 1961 1940 1990 Exercitium
1968 1964 2061 1991 autem
2082 1968 2133 1995 *Pars
2146 1967 2159 1985 1.
2172 1965 2199 1984 ue

1222 2008 1329 2045 pietatis
1343 2009 1370 2037 in
1385 2008 1485 2045 triplici
1505 2010 1569 2037 actu
1583 2007 1721 2042 consistit,
1744 2007 1869 2036 videlicet
1883 2008 1910 2036 in
1932 1993 2200 2037 i·everen-{'i¹t⁶i¹6².¹¹⁵⁸¹⁰¹‘

1223 2055 1264 2084 tia
1285 2056 1477 2085 venerationis
1498 2055 1631 2089 (livinae,
1654 2055 1681 2083 in
1702 2055 1835 2083 custodia
1855 2055 2060 2092 sanctificatio-
2073 2063 2105 2081 Est
2118 2061 2190 2085 triplex-

1222 2102 1268 2130 nis
1292 2103 1465 2132 intrinsecae
1491 2106 1518 2132 et
1546 2102 1573 2131 in
1598 2101 1841 2139 superaffluentia
1865 2102 2061 2131 miserationis

1223 2149 1359 2178 internae.
1383 2150 1463 2179 Primi
1484 2150 1540 2179 duo
1565 2149 1636 2178 modi
1657 2148 1766 2186 pietatis
1786 2151 1850 2177 sunt
1875 2149 1961 2186 magis
1989 2149 2060 2178 radi-

1223 2197 1294 2226 cales
1315 2205 1398 2234 quam
1420 2197 1526 2226 tertius.

1301 2244 1332 2274 lt..
1350 2244 1454 2278 Primo,
1476 2244 1550 2278 dico,
1573 2243 1695 2273 consistit
1715 2242 1879 2272 exercitium
1907 2236 2014 2279 pietatis
2033 2244 2061 2272 in
2074 2249 2185 2278 Exercitinm

1223 2291 1382 2320 reverentia
1412 2292 1604 2320 venerationis
1628 2291 1752 2320 divinae.
1775 2290 1850 2319 Unde
1877 2290 1905 2318 in
1934 2291 2062 2320 Ecclesia—
2086 2278 2170 2298 p‘mmm'

1223 2339 1313 2369 stico4
1334 2338 1434 2367 dicitur
1455 2338 1489 2367 de
1510 2339 1589 2373 losia,
1610 2338 1683 2376 quod
1703 2337 1821 2366 abstulit
1835 2336 2062 2366 abominationes

1223 2385 1379 2424 impietatis
1396 2389 1421 2414 et
1439 2385 1613 2423 gubernavit
1633 2386 1673 2414 ad
1692 2384 1848 2414 Dominum
1869 2392 1919 2412 cor
1939 2383 2017 2412 illius
2038 2388 2062 2413 et

1224 2435 1255 2463 in
1281 2433 1381 2462 (liebus
1402 2436 1588 2470 peccatoram
1609 2432 1808 2462 corroboravit
1833 2430 1976 2468 pietatem.
1998 2431 2062 2460 Cer-

1224 2485 1282 2511 tum
1304 2484 1357 2515 est,
1379 2480 1452 2518 quod
1467 2482 1529 2509 ante
1549 2480 1696 2509 adventum
1719 2479 1819 2508 Christi
1834 2478 1926 2507 cultus
1946 2478 1994 2506 Dei
2008 2486 2061 2507 non

1225 2529 1333 2565 vigebat
1353 2527 1403 2556 nisi
1432 2528 1460 2556 in
1486 2528 1588 2564 populo
1616 2527 1762 2556 israelitico
1790 2529 1816 2554 et
1840 2533 1893 2553 non
1922 2525 2009 2562 viguit
2034 2525 2061 2553 in

1225 2578 1281 2604 toto
1302 2575 1418 2611 populo,
1447 2574 1512 2611 quia
1535 2574 1628 2603 docem
1657 2574 1746 2602 tribus
1774 2575 1897 2608 tempore
1925 2571 2062 2600 leroboam

1224 2621 1374 2650 adorabant
1395 2621 1480 2655 idola,
1502 2621 1604 2649 scilicet
1626 2620 1742 2649 vitulum
1756 2626 1888 2652 aureum;
1910 2626 1959 2646 nec
1980 2618 2061 2646 etiam

1225 2668 1377 2697 secundum
1398 2670 1486 2696 totum
1509 2670 1617 2704 tempus
1638 2666 1724 2703 viguit
1745 2665 1836 2694 cultus
1850 2664 1898 2693 Dei
1913 2665 1940 2692 in
1954 2664 2062 2693 duabus

1225 2715 1367 2748 tribubus,
1389 2714 1454 2751 quia
1474 2714 1559 2742 David
1577 2713 1696 2751 optimus
1716 2712 1805 2740 cultor
1824 2711 1871 2740 Dei
1893 2711 1944 2740 fuit
1970 2714 2063 2749 postea

393 2885 401 2898 ¹
418 2886 474 2914 Cap.
492 2885 518 2912 4,
535 2885 557 2907 7.
575 2888 596 2907 et
613 2886 634 2907 8.
652 2886 694 2908 Pro
711 2884 743 2907 ad
759 2882 839 2907 omnia
856 2880 917 2904 valet
934 2882 1029 2910 Vulgata
1041 2883 1073 2906 ad
1090 2883 1168 2906 omnm

330 2924 394 2948 utilis
411 2926 451 2949 est.
468 2936 499 2941 —
516 2925 548 2947 De
565 2925 607 2946 hoc
624 2925 686 2947 dono
704 2925 743 2946 cfr.
760 2923 793 2945 ΙΙΙ,
810 2922 872 2943 sent.
890 2920 912 2942 d.
930 2920 967 2942 35.
983 2928 1005 2950 q.
1023 2923 1043 2944 6.

392 2962 402 2976 ²
419 2963 478 2986 Vide
494 2969 564 2992 supra
582 2969 635 2991 pag.
653 2963 709 2992 421,
727 2964 780 2985 nota
799 2962 821 2983 t.

393 3001 402 3015 ²³
418 3003 490 3025 Eccle.
510 3003 534 3029 l,
552 3003 577 3024 8:
595 3002 694 3025 Cunctae
711 3008 747 3024 res
765 2999 883 3025 difficiles,
900 3004 946 3020 non
963 3002 1037 3027 potest
1049 3006 1087 3022 eas
1099 3001 1169 3022 homo

332 3042 443 3075 explicare
459 3047 571 3064 sermone.

1288 2883 1297 2895 ⁴
1314 2883 1370 2912 Cap.
1387 2884 1428 2911 49,
1447 2885 1468 2906 3.
1485 2886 1507 2905 et
1525 2883 1549 2906 4:
1562 2884 1588 2905 Et
1600 2881 1648 2904 tulit
1664 2880 1844 2903 abominationes
1859 2883 1901 2903 etc.
1915 2894 1943 2896 —
1954 2881 1987 2902 De
2004 2881 2062 2902 lero-

1226 2922 1295 2945 boam
1320 2925 1360 2946 etr.
1385 2924 1418 2945 ill.
1443 2924 1498 2951 Reg.
1517 2923 1541 2944 ll
1553 2941 1558 2950 ,
1576 2922 1612 2944 31.
1630 2926 1695 2949 seqq.
1717 2922 1738 2942 et
1764 2921 1803 2948 12,
1822 2920 1859 2943 45.
1876 2926 1953 2948 seqq.;
1972 2919 2001 2941 de
2020 2919 2062 2940 Ma-

1227 2967 1292 2985 nasse
1314 2963 1367 2985 vide
1384 2962 1420 2984 lV.
1437 2963 1493 2990 Reg.
1511 2962 1547 2989 21,
1566 2961 1587 2983 1.
1604 2965 1681 2988 seqq,
1698 2959 1753 2982 ibid.
1771 2960 1807 2986 22,
1826 2960 1847 2981 1.
1864 2965 1928 2988 seqq.
1945 2959 1974 2981 de
1994 2957 2061 2983 losia,

1226 3000 1255 3022 de
1271 3007 1318 3029 quo
1335 3001 1431 3024 dicitur:
1448 3001 1504 3027 Octo
1523 3004 1637 3022 annorum
1659 3001 1707 3021 erat
1723 2998 1804 3026 iosias,
1821 3004 1875 3020 curn
1897 3003 1994 3025 regnare
2011 3001 2062 3018 coe-

1226 3042 1296 3066 pisset
1312 3042 1355 3062 etc.
