2285 3398
212 685 296 708 Quntuor
302 688 345 703 eon-

221 709 295 726 servant
314 707 346 726 de-

220 732 320 751 vononem.

231 1105 259 1125 De
271 1105 338 1129 primo.

210 1481 238 1500 De
250 1480 340 1501 secundo.

237 1808 264 1828 De
278 1808 340 1828 tertio.

227 1903 255 1922 De
268 1903 341 1927 quarto.

363 130 417 158 556

360 207 440 245 quia,
455 207 527 236 sicut
541 207 678 244 pinguedo
694 207 747 235 ioni
763 207 909 243 superfusa
928 207 1053 236 sublevat
1069 208 1206 238 flammam

360 255 386 283 in
407 255 507 288 altum,
529 254 568 283 sic
587 253 757 282 divinissima
778 253 960 287 eucharistia,
976 262 992 282 a
1005 253 1103 283 devoto
1124 255 1205 284 corde

360 304 502 338 suscepta,
524 300 596 338 rapit
616 300 707 338 ipsum
730 309 779 337 per
806 300 979 329 devotionem
1001 301 1034 329 ad
1055 301 1151 330 Deum.
1175 302 1206 330 Et

360 352 473 386 propter
496 349 546 377 hoc
567 347 668 377 dicitur
690 348 717 376 in
739 347 881 376 l'salmo¹:
904 347 938 376 In
963 347 1079 376 nomine
1099 351 1148 376 tuo
1169 348 1205 377 lc-

361 395 433 425 oabo
454 403 561 424 manus
582 403 670 423 meas.
693 395 776 423 Sicut
796 394 882 431 adipe
909 398 934 423 ct
955 394 1133 432 pinyuedine
1160 404 1204 424 re-

358 443 475 481 pleatur
495 442 598 471 anima
619 450 700 476 nica,
720 445 745 470 et
766 441 852 470 tabiis
873 441 1075 470 exsultationis
1100 441 1205 471 lauda-

361 490 399 519 bit
420 498 451 518 os
472 498 576 518 nwum.
599 489 675 518 Sicut
695 489 767 518 enim
791 497 838 518 vas
859 489 995 526 repletum
1010 488 1089 525 adipe
1104 491 1131 517 et
1145 489 1205 526 pin-

359 536 491 583 guedine,
523 545 577 565 non
609 536 703 565 valens
733 536 874 565 continere
909 536 1041 569 interius,
1070 535 1206 565 redundat

358 583 499 617 exterius;
521 583 560 612 sic
581 591 683 620 corpus
703 583 818 617 Christi,
833 591 897 611 cum
915 583 1035 612 animam
1058 583 1206 619 repleverit

358 630 698 668 pinguedine-devotionis,
713 632 821 659 eructat
835 630 961 659 exterius
976 630 1002 658 in
1019 629 1097 658 labiis
1110 629 1205 658 exsul-

358 678 475 707 tationis.
492 694 528 699 -
543 678 708 714 Tanguntur
728 680 821 706 autem
842 680 963 714 quatuor
985 676 1011 704 in
1034 676 1085 705 isto
1106 676 1204 710 verbo,

357 733 428 763 quae
449 725 537 753 solent
558 732 589 753 co
642 732 723 753 rvare
743 724 915 753 devotionem
936 723 970 752 ad
992 723 1089 757 Deum,
1111 723 1205 755 videli-

357 775 400 801 cet
420 771 561 800 rectitudo
583 771 766 804 intentionis,
787 770 963 799 consuetudo
984 770 1143 803 orationis,
1159 770 1205 798 de-

358 819 432 848 votio
444 817 657 847 communionis
669 820 696 846 et
709 817 871 846 consecutio
881 817 1057 854 yratz'arum
1072 816 1204 845 actionis.

358 865 390 894 Et
404 864 477 893 istud
492 864 573 893 debet
585 863 625 892 ita
640 863 769 892 ordinare
785 864 877 898 homo,
892 863 966 900 quod
982 863 1071 900 primo
1091 872 1205 901 praepa-

358 914 400 941 ret
413 915 524 940 rectam
545 910 745 944 intentionem,
767 913 862 947 postea
877 918 906 939 se
920 910 1010 947 ipsum
1032 910 1135 939 excitet
1156 919 1205 948 per

357 958 534 992 orationem,
556 962 583 987 et
604 966 639 987 ex
669 961 735 986 tunc
762 957 860 987 devote
890 957 1001 987 accedat
1021 958 1055 987 ad
1077 967 1205 987 commu-

355 1005 486 1040 nionmn,
501 1008 529 1034 et
540 1005 638 1034 ultimo
652 1005 772 1034 resolvat
785 1013 816 1034 os
830 1005 856 1033 in
870 1005 1041 1043 gratiarum
1054 1005 1210 1034 actionem:

435 1054 461 1081 7.
492 1052 582 1081 Primo
613 1052 694 1081 debet
726 1052 828 1081 habere
860 1056 970 1081 rectam
1000 1052 1204 1081 intentionem.-

355 1099 421 1138 quia
441 1108 495 1128 non
516 1099 597 1128 debet
618 1099 700 1128 homo
721 1099 821 1128 offerre
843 1099 895 1128 hoc
909 1099 1076 1128 sacrificium
1091 1103 1204 1136 propter

355 1147 477 1176 savorem
500 1146 660 1179 hominum,
682 1146 724 1174 vel
746 1148 860 1183 propter
891 1146 1000 1174 carnale
1028 1145 1204 1174 commodum

356 1194 412 1223 sive
433 1196 546 1230 propter
567 1193 678 1221 lucrum
699 1192 908 1229 temporalium
931 1193 977 1221 sed
999 1201 1069 1229 pure
1090 1197 1204 1230 propter

357 1241 489 1270 bonorem
510 1240 650 1273 divinum,
672 1243 786 1276 propter
808 1239 953 1268 utilitatem
969 1239 1162 1276 proximorum
1176 1242 1204 1268 et

356 1291 469 1325 propter
490 1290 669 1325 augmentum
691 1295 806 1315 suorum
838 1286 1011 1315 meritorum.
1038 1287 1069 1315 Et
1089 1290 1203 1324 propter

358 1335 408 1363 hoo
429 1334 530 1363 dicitur
552 1334 611 1362 hic:
634 1334 669 1362 In
696 1333 811 1361 nomine
841 1337 908 1367 tuo,
930 1333 1009 1361 iuxta
1040 1333 1108 1362 illud
1134 1334 1202 1370 Apo-

357 1381 418 1410 stoli
430 1381 456 1409 2:
481 1380 578 1414 Omne,
600 1380 800 1418 quodcumque
819 1378 972 1419 facitis-in
991 1380 1076 1409 verbo
1097 1384 1151 1409 aut
1171 1381 1203 1409 in

356 1437 455 1465 opcre,
477 1428 577 1456 onznia
598 1427 629 1455 iu
649 1427 764 1455 nomine
787 1427 904 1455 Domini
933 1428 1015 1455 Iesu·
1032 1426 1141 1456 Christi
1164 1428 1202 1456 sa-

356 1475 416 1504 cite.
439 1490 476 1495 —-
498 1474 584 1502 Debet
604 1473 685 1502 etiam
707 1473 839 1502 accedens
858 1473 892 1501 ad
915 1472 966 1501 hoc
994 1474 1200 1502 Sacramentum

356 1529 415 1551 esse
436 1521 574 1550 excitatus
595 1520 628 1549 ad
650 1520 826 1553 orationem;
840 1527 894 1548 non
916 1519 989 1548 enim
1012 1519 1102 1556 tepido
1116 1520 1202 1549 'corde

356 1568 437 1597 debet
457 1567 557 1605 aliquis
577 1567 723 1601 accedere,
745 1566 811 1604 quia
831 1566 870 1595 sic
890 1566 991 1595 mereri
1013 1569 1105 1602 posset
1119 1566 1202 1595 obsti-

356 1614 503 1644 nationem.
526 1615 557 1643 Et
578 1617 692 1651 propter
724 1614 776 1642 boc
800 1613 902 1642 dicitur
923 1613 987 1642 hic:
1009 1612 1119 1641 Leoabo
1137 1621 1202 1641 -ma-

356 1669 413 1689 nus
433 1668 529 1694 meas,
552 1660 678 1689 videlicet
698 1668 747 1697 per
768 1659 937 1693 orationem,
958 1659 1039 1687 iuxta
1053 1658 1121 1687 illud
1135 1660 1203 1695 Apo-

358 1708 419 1738 stoli
449 1708 484 1736 ad
514 1707 730 1736 Timotheum³t
760 1706 840 1740 Volo,
871 1706 951 1734 viros
978 1706 1010 1734 in
1037 1706 1117 1734 omni
1144 1706 1203 1735 loco

358 1763 462 1789 orare,
484 1754 608 1783 levantes
625 1762 723 1791 puras
737 1762 859 1787 mitum,
880 1753 983 1782 scilicet
996 1753 1030 1781 ad
1045 1753 1202 1782 Dominum.

357 1817 396 1821 —
417 1801 449 1830 Et
469 1801 508 1830 sic
529 1800 611 1829 tertio
630 1800 747 1828 devotus
770 1799 851 1828 debet
870 1799 1001 1828 accedere
1021 1799 1055 1827 ad
1076 1807 1204 1828 commu-

358 1848 490 1881 nionem,·
512 1847 584 1876 unde
606 1846 750 1875 subditur:
773 1846 855 1875 Sicut
879 1846 1010 1883 adiperet
1027 1846 1204 1886 pinguedine

358 1894 506 1932 repleatur
520 1893 623 1922 anima
636 1901 709 1921 mea.
726 1908 762 1913 —-
779 1893 809 1921 Et
823 1892 934 1926 ultim0‚
949 1892 1137 1929 impinguatus
1154 1900 1204 1929 per

1148 131 1257 160 SERMO
1280 131 1327 159 ΠΙ.ι

1262 209 1459 237 deootimiem‘²
1480 213 1507 238 et
1528 210 1715 240 inflammatus
1743 219 1791 248 per
1812 211 2004 246 ditectionem,
2026 213 2107 242 debet

1262 263 1410 292 erumpere
1430 256 1457 285 in
1476 257 1648 294 prunarum
1667 258 1825 291 actionem.-
1839 257 1899 286 ideo
1913 259 2106 297 subiungitur:

1264 303 1297 331 Et
1312 302 1397 330 tabiis
1411 303 1613 332 exsultationis
1634 304 1766 333 laudabit
1788 313 1819 332 os
1839 313 1944 333 meum.
1961 322 1996 326 —
2014 306 2106 343 Confi,-

1262 353 1379 378 leantur
1400 357 1467 386 ergo
1488 350 1610 379 Domino
1625 351 1843 379 misericordiae
1858 351 1934 385 eius,
1949 353 2014 389 quia
2029 361 2107 390 prae-

1262 396 1392 433 figuravit
1416 396 1494 425 nobis
1516 397 1604 433 primo
1629 406 1730 435 corpus
1751 406 1833 427 suum
1858 398 1911 427 sub
1932 399 2021 436 figura
2042 400 2106 436 pin-

1259 442 1403 480 guedinis.

1340 491 1366 517 8.
1396 489 1522 518 Secundo
1553 491 1748 528 praefiguravit
1777 492 1855 520 nobis
1886 492 1937 520 hoc
1969 492 2106 521 sanctissi-
2123 499 2151 518 ne
2170 500 2248 531 seeundwa

1262 545 1338 566 mum
1360 544 1462 573 corpus
1483 544 1566 565 suum
1587 536 1614 565 in
1635 537 1722 566 forma
1733 540 1837 575 panis,
1851 538 1885 567 de
1899 547 1955 575 quo
1970 539 2028 575 ipse
2041 539 2107 567 dicit
2135 522 2196 570 ggii?-
2211 527 2248 541 ⁵⁰¹*

1262 584 1368 612 loannis
1389 583 1506 612 sext05:
1531 583 1589 620 Eyo
1610 592 1677 612 suni
1694 585 1782 621 panis
1798 586 1890 619 uiuus,
1906 585 1958 623 qui
1977 586 2011 613 (Ie
2030 585 2107 614 caelo

1261 630 1394 659 descendi
1401 641 1410 663 ‚·
1421 633 1449 659 et
1463 629 1579 659 ibidem:
1593 630 1695 665 Panis,
1707 640 1790 669 quem
1800 641 1850 669 eyo
1861 632 1945 666 dabo,
1958 641 2028 661 caro
2042 640 2107 660 mea

1261 681 1301 706 est
1322 686 1376 711 pro
1398 676 1502 705 muniti
1522 677 1591 705 vitu.
1612 693 1648 698 —
1669 677 1719 706 iste
1740 682 1780 707 est
1801 687 1824 716 p·
1837 679 1894 712 nis,
1910 687 1992 716 quem
2015 679 2107 708 attulit
2134 686 2200 713 Figura
2213 689 2238 713 esi

1262 725 1380 762 Angelus
1392 724 1476 757 Eliae,
1491 724 1563 752 sicut
1583 724 1684 753 dicitur
1700 725 1771 754 tertii
1787 726 1890 763 Regum
1901 726 2006 755 decimo
2018 734 2105 755 nono:
2122 715 2176 734 ΡΜ
2192 710 2248 729 anae.

1263 772 1396 809 Respexit
1416 771 1503 805 Elias,
1525 775 1550 800 et
1573 780 1647 805 ecce,
1669 772 1709 800 alt
1736 777 1824 810 caput
1853 774 1915 801 eius
1945 773 2105 802 subcineri-

1261 819 1325 848 cius
1344 818 1433 856 panis
1453 821 1478 847 et
1506 827 1558 846 uas
1589 827 1691 856 aquae.
1717 820 1808 848 Panis
1829 820 2041 848 subcinericius
2065 822 2106 849 est

1262 873 1363 902 corpus
1384 864 1501 898 Christi,
1523 865 1570 902 qui
1593 865 1661 894 bene
1682 865 1891 894 subcinericius
1912 866 2022 900 dicitur,
2041 866 2106 903 quia

1262 912 1369 941 velatur
1391 911 1592 945 accidentibus3
1616 920 1664 949 per
1690 912 1797 940 cineres
1825 913 2015 949 significantur
2036 913 2106 942 acci-

1261 958 1367 993 dentia,
1390 961 1417 987 et
1438 958 1489 987 sub
1511 958 1563 987 illis
1584 959 1723 987 cineribus
1747 958 1928 988 accidentium
1951 958 2014 987 latet
2036 959 2106 987 ret'e-

1262 1006 1315 1034 ctio
1336 1009 1493 1034 nostrarum
1516 1006 1659 1034 mentium.
1682 1006 1758 1042 Quod
1780 1010 1871 1034 autem
1899 1005 2009 1039 dicitur,
2031 1005 2106 1042 quod

1261 1056 1321 1082 erat
1343 1053 1378 1081 ibi
1401 1061 1452 1081 vas
1474 1061 1578 1090 aquae,
1602 1053 1652 1081 hoc
1673 1053 1804 1081 ailditur⁶
1827 1054 1939 1089 propter
1965 1052 2105 1089 sanguinis

1261 1100 1361 1128 Christi
1383 1100 1554 1136 mysterium.
1570 1100 1648 1136 Quod
1669 1104 1760 1129 autem
1783 1100 1860 1137 panis
1875 1100 1925 1128 iste
1944 1100 2044 1128 allatus
2064 1102 2105 1128 est

1260 1155 1310 1183 per
1324 1147 1478 1183 angelicum
1493 1147 1692 1181 ministerium,
1708 1147 1855 1184 significat,
1871 1147 1945 1184 qnod
1959 1154 2023 1175 cum
2042 1154 2105 1175 con-

1260 1193 1353 1221 ficitur
1375 1193 1425 1221 hoc
1448 1193 1672 1227 Sacramentum,
1688 1193 1723 1222 ibi
1745 1193 1822 1222 adest
1837 1192 1976 1221 maximus
1996 1192 2104 1221 exerci-

1261 1243 1305 1268 tus
1326 1240 1500 1276 Angelorum.
1516 1240 1665 1277 Gregorius
1680 1240 1706 1268 in
1722 1240 1867 1276 Dialogo⁷t
1889 1239 1961 1268 «Cui
1983 1239 2104 1268 fidelium

1259 1287 1375 1315 dubium
1397 1290 1451 1321 est,
1474 1287 1500 1315 in
1523 1287 1581 1323 ipsa
1602 1287 1793 1315 immolationis
1816 1287 1883 1315 hora
1904 1286 1936 1314 ad
1953 1294 2046 1315 vocem
2062 1294 2104 1314 sa-

1259 1334 1378 1363 cerdotis
1399 1335 1488 1363 caelos
1508 1334 1622 1371 aperiri,
1646 1334 1698 1362 ima
1719 1334 1834 1362 summis
1855 1333 1969 1367 sociari,
1993 1337 2102 1362 terrena

1259 1381 1423 1410 caelestibus
1445 1381 1536 1418 iungi,
1558 1389 1701 1418 unumque
1722 1389 1757 1409 ex
1785 1380 1938 1409 visibilibus
1958 1382 2041 1416 atque
2063 1380 2104 1408 in-

1259 1428 1413 1456 visibilibus
1434 1428 1513 1457 fieri?
1535 1428 1585 1456 Sed
1606 1436 1669 1456 cum
1693 1428 1758 1456 haer
1780 1427 1900 1463 agimus,
1916 1434 2025 1455 necesse
2046 1428 2103 1460 est,

1259 1477 1291 1503 ut
1311 1475 1390 1512 prius
1411 1483 1502 1503 coram
1526 1471 1590 1503 ‘Deo
1615 1474 1796 1510 nosmetipsos
1823 1474 1879 1502 Deo
1910 1473 1935 1501 in
1968 1481 2102 1510 compun-

1259 1521 1348 1550 ctione
1369 1521 1460 1549 cordis
1480 1520 1506 1549 in
1528 1529 1577 1549 ara
1597 1524 1785 1550 mactemus».

1338 1568 1388 1596 Sed
1420 1567 1582 1604 priusquam
1610 1567 1680 1595 Elias
1711 1570 1822 1595 venerat
1849 1566 1882 1595 ad
1911 1566 1995 1595 liuius
2026 1566 2103 1603 panis
2119 1573 2241 1600 Quatuoyfa-

1260 1615 1451 1648 resectionem,
1472 1617 1592 1651 quatuor
1621 1614 1720 1650 legitur
1749 1613 1877 1642 fccisse⁸:
1900 1613 1965 1650 quia
1992 1613 2103 1650 reliquit
2129 1599 2159 1634 ⁰¹?
2171 1597 2229 1616 ΕΜ

1260 1669 1391 1698 puerum,
1407 1661 1481 1689 venit
1496 1661 1522 1689 in
1537 1661 1691 1695 desertum,
1706 1660 1775 1689 sedit
1789 1660 1885 1689 subter
1900 1660 2059 1697 iuniperum
2076 1663 2103 1688 et

1260 1707 1358 1736 habuit
1379 1707 1570 1736 suscitatorem
1585 1707 1731 1744 Angelum3
1747 1707 1780 1735 ad
1795 1707 2014 1744 significandum,
2029 1706 2104 1744 quod

1260 1756 1380 1790 quatuor
1401 1753 1482 1782 debet
1503 1754 1604 1782 habere
1631 1754 1679 1790 qui
1707 1754 1788 1791 digne
1815 1753 1848 1782 ad
1870 1753 1922 1782 hoc
1944 1754 2103 1782 Sacramen-

1261 1804 1319 1829 tum
1335 1800 1394 1829 vult
1408 1800 1545 1829 accedere.
1559 1816 1594 1821 -
1607 1800 1697 1829 Primo
1712 1800 1792 1829 debet
1806 1800 1902 1836 sugere
1922 1800 2017 1828 mundi
2039 1807 2246 1833 con-Haeefluatuffl

1261 1847 1435 1881 solationem3
1456 1846 1537 1875 debet
1563 1846 1666 1875 intrare
1695 1847 1866 1883 religionem;
1887 1846 1969 1875 debet
1990 1846 2026 1874 ibi
2055 1846 2103 1874 ha-
2112 1835 2146 1872 02¹2
2157 1830 2244 1880 ’ἒῖῗέἷξὲἑι

1260 1892 1327 1922 here
1348 1896 1475 1930 respectu
1490 1893 1602 1930 praelati
1618 1893 1830 1927 subiectionem;
1845 1892 1926 1921 debet
1946 1892 2049 1921 habere
2069 1891 2103 1921 ad
2133 1878 2221 1896 mmm*

2124 312 2218 337 Epilogus.

2122 826 2235 850 Explicatur.

424 2102 431 2116 ¹
450 2103 531 2125 Psalm.
548 2103 590 2129 62,
608 2102 629 2124 5.
647 2102 669 2123 6.
685 2113 716 2118 -
733 2100 845 2129 Superius
862 2106 904 2128 pro
924 2099 999 2122 Tertio
1016 2099 1099 2122 datum
1115 2101 1150 2123 est
1166 2101 1205 2123 Bo-

361 2143 412 2167 nelli
432 2143 516 2166 Datum
534 2143 579 2167 est.
597 2144 619 2163 et
636 2147 678 2169 pro
696 2140 750 2163 bene
771 2139 931 2169 significatum
953 2140 987 2162 est
1003 2138 1071 2161 nabet
1087 2138 1206 2169 significa-

361 2184 409 2205 tur.
426 2183 478 2204 Post
495 2180 565 2203 verba
584 2180 665 2202 Psalmi
677 2180 699 2202 in
710 2179 815 2201 eiusdem
832 2178 932 2200 editione
943 2177 1086 2200 desideratur
1097 2179 1142 2199 tota
1155 2183 1205 2205 pro-

361 2221 456 2250 positio:
479 2220 545 2243 Sicut
567 2219 654 2242 enims.
679 2217 853 2241 eaesultationis.
878 2216 981 2245 Denique
1005 2216 1050 2239 tide
1068 2217 1084 2238 Α
1097 2215 1113 2238 C
1132 2216 1163 2244 (et
1179 2221 1205 2238 ex

360 2264 425 2289 parte
443 2261 458 2282 B
469 2260 495 2287 D)
514 2258 674 2282 substituimus
684 2258 715 2281 Ec
725 2256 788 2280 istud
799 2255 863 2279 debet
877 2256 910 2279 ita.
926 2255 1038 2278 ordinare
1053 2255 1130 2283 homo,
1144 2254 1206 2284 quod

357 2300 438 2330 primo
454 2299 583 2328 praevaret
600 2299 689 2320 rectam
713 2295 875 2322 intentionem,
890 2296 1002 2324 postem...
1018 2294 1123 2317 resolvat
1138 2300 1164 2317 os
1181 2293 1206 2317 in

361 2345 404 2367 pro
422 2337 449 2361 Et
466 2337 497 2360 ita
515 2336 557 2359 itta
574 2336 681 2359 ordmate
697 2334 778 2358 debent
794 2333 858 2364 fieri,
877 2335 902 2356 ut
919 2332 988 2356 homo
1004 2332 1083 2362 primo
1099 2339 1124 2355 se
1137 2339 1205 2362 prae-

358 2379 427 2407 paret
442 2382 485 2406 pm·
507 2377 596 2399 rectam
619 2374 781 2401 intentionem,
801 2374 952 2403 praeterea...
968 2371 1071 2394 resolvat
1086 2377 1110 2394 se
1127 2371 1159 2394 in.
1175 2384 1205 2388 —

361 2416 443 2445 Quoad
460 2415 588 2438 dot-trinam
606 2416 647 2436 cfr.
665 2414 700 2436 lv.
719 2415 780 2435 sent.
793 2413 815 2435 d.
828 2413 866 2434 42.
878 2418 900 2440 p.
912 2412 936 2434 ll.
948 2417 969 2433 a.
985 2411 1002 2433 l.
1014 2417 1037 2439 q.
1050 2412 1070 2437 -l,
1082 2417 1102 2433 a.
1115 2412 1137 2433 2.
1148 2418 1171 2440 q.
1183 2412 1205 2433 2.

361 2458 383 2477 et
399 2455 536 2482 opusculum
554 2454 582 2475 de
600 2453 775 2480 praeparatione
792 2452 821 2474 ad
839 2451 938 2473 Missam.

424 2492 433 2505 ²
450 2493 536 2515 Coloss.
554 2493 579 2519 3,
599 2493 635 2514 17.
650 2504 681 2508 -
703 2492 814 2519 Superius
835 2493 857 2512 ct
878 2488 930 2512 alibi
956 2488 1041 2516 passini
1066 2489 1113 2511 tide
1137 2489 1205 2512 codd.

362 2531 521 2554 substituimus
539 2531 567 2553 Et
582 2532 678 2559 propter
697 2530 739 2552 hoc
757 2536 798 2557 pro
817 2528 889 2552 Unde.

424 2568 433 2581 ³
451 2570 520 2597 Epist.
537 2570 552 2591 l.
569 2570 595 2595 2,
613 2570 642 2590 8:
660 2569 716 2591 Volo
739 2575 807 2596 ergo,
830 2568 892 2590 viros
913 2570 955 2590 etc.
979 2579 1009 2583 —
1032 2566 1075 2589 AC
1098 2567 1205 2589 omittunt

363 2608 434 2630 verbu
452 2608 565 2635 Apostoli,
581 2611 604 2629 et
621 2608 693 2635 ipsam
712 2607 870 2634 allegationem
889 2606 1021 2629 immediate
1038 2609 1089 2633 post
1106 2606 1205 2629 obstina-

363 2647 448 2671 tionem
466 2650 561 2673 ponunt.

425 2685 434 2697 ⁴
452 2685 535 2708 Bonelli
552 2685 635 2707 omittit
650 2691 692 2713 pei·
709 2684 861 2707 devotionem.

425 2723 434 2736 ⁶
453 2725 518 2746 Vers.
535 2724 560 2746 54
575 2732 580 2750 ;
597 2730 646 2752 seq.
663 2724 725 2745 locus
742 2723 798 2745 ibid.
815 2729 837 2744 v.
854 2723 896 2749 5'23
915 2722 993 2744 tertius
1011 2723 1042 2744 lll.
1055 2722 1111 2749 fleg.
1125 2722 1165 2749 to,
1178 2724 1204 2749 6,

364 2764 402 2786 ubi
421 2764 518 2791 Vulgata
535 2762 567 2785 ad
583 2763 655 2791 caput
670 2769 749 2791 suuni.
770 2763 811 2783 Pro
834 2760 942 2790 Respexit
964 2762 980 2782 Α
992 2762 1007 2782 Β
1018 2762 1061 2783 DE
1083 2761 1205 2784 Surrexit.

363 2815 394 2819 —
411 2802 521 2830 Superius
544 2807 570 2823 ex
592 2801 660 2823 codd.
683 2800 848 2824 substituimus
865 2799 889 2821 in
905 2800 983 2828 forma
1003 2806 1044 2827 pro
1062 2800 1085 2822 in
1107 2800 1204 2829 figuras

364 2841 457 2863 interius
474 2843 551 2863 autem
569 2842 620 2867 post
636 2839 677 2862 istc
695 2840 728 2861 est
745 2839 789 2860 ssile
807 2839 823 2860 Α
835 2838 929 2860 BCDE
946 2839 1116 2866 suppressimus
1128 2840 1204 2867 inepta

363 2881 435 2903 verba
452 2880 477 2903 in
493 2880 582 2910 fiyura.

425 2918 435 2931 ⁶
452 2920 513 2941 Hunc
536 2921 623 2946 partein
651 2917 812 2945 propositionis
835 2916 879 2938 tide
902 2917 1023 2939 ABCDE
1045 2916 1205 2940 substituimus

1263 2104 1314 2128 post
1330 2101 1444 2124 mentium
1461 2107 1502 2129 pro
1524 2101 1569 2124 Vas
1582 2107 1658 2130 aquae
1667 2109 1675 2128 ,¹
1692 2100 1776 2122 deinde
1792 2099 1855 2130 qnod
1870 2102 1949 2123 autem
1966 2107 2008 2128 pro
2030 2107 2104 2130 quare

1262 2142 1354 2168 aulem,
1382 2144 1404 2163 et
1429 2147 1470 2168 per
1497 2146 1641 2169 consequens
1665 2139 1784 2170 siqnificat
1806 2140 1856 2167 (vel
1884 2139 1978 2170 siquae)
2005 2146 2047 2168 pro
2072 2140 2104 2164 si-

1263 2180 1358 2208 quatur.

1325 2216 1333 2229 ⁷
1351 2218 1413 2240 Libr.
1430 2218 1467 2240 lV.
1482 2224 1502 2240 c.
1519 2218 1557 2240 58.
1574 2218 1612 2240 59.
1629 2217 1705 2239 Secuti
1721 2223 1802 2239 sumus
1816 2217 1937 2239 lectionem
1948 2218 2104 2246 quinqueno*

1263 2258 1362 2278 strorum
1380 2256 1447 2278 codd.
1464 2256 1517 2278 satis
1533 2255 1730 2283 convenientium,
1748 2255 1804 2277 dum
1822 2256 1904 2277 Bonelli
1921 2248 2012 2278 exhibet
2028 2256 2102 2279 locum

1264 2295 1377 2322 integrum
1394 2301 1420 2317 ex
1437 2295 1474 2317 ed.
1486 2295 1586 2317 Maurina
1599 2294 1634 2316 his
1646 2294 1738 2317 verbis:
1757 2303 1768 2313 u
1781 2294 1837 2322 Quis
1848 2294 1949 2316 fidelium
1962 2294 2048 2317 habere
2062 2295 2103 2317 dn-
2120 2304 2123 2306 ·

1264 2333 1327 2356 bium
1337 2333 1415 2361 possit,
1424 2334 1447 2355 in
1456 2334 1505 2361 ipsa
1517 2333 1678 2356 immolationis
1690 2334 1745 2355 hora
1757 2333 1786 2355 ad
1799 2338 1880 2355 vocem
1893 2333 2018 2356 sacerdotis
2029 2333 2103 2356 caelos

1262 2373 1359 2401 aperiri,
1377 2373 1399 2394 in
1417 2373 1454 2395 illo
1471 2374 1520 2395 lesu
1537 2372 1619 2395 Christi
1635 2372 1744 2400 mysterio
1761 2372 1900 2399 Angelorum
1916 2373 1999 2394 choros
2009 2372 2102 2400 adesse,

1264 2412 1308 2434 ima
1325 2411 1422 2434 summis
1438 2411 1531 2438 sociari,
1544 2414 1630 2433 terrena
1648 2409 1783 2433 caelestibus
1801 2410 1877 2438 iungi,
1894 2417 2013 2439 unumque
2030 2418 2055 2434 ex
2073 2411 2102 2433 vi-

1263 2450 1368 2473 sibilibus
1390 2453 1459 2479 atque
1482 2449 1635 2472 invisibilibus
1652 2450 1719 2471 lieri?
1737 2449 1783 2472 Sed
1799 2455 1892 2471 necesse
1913 2452 1959 2476 est,
1976 2456 2029 2472 cum
2047 2451 2103 2472 hacc

1263 2490 1366 2518 agimus,
1384 2493 1408 2511 nt
1424 2489 1578 2517 nosmetipsos
1594 2489 1641 2510 Deo
1658 2488 1679 2510 in
1696 2488 1773 2510 cordis
1789 2488 1923 2511 contritione
1943 2491 2069 2511 mactemus
2081 2497 2102 2510 n.

1264 2528 1382 2557 Quoniam
1396 2528 1547 2558 priusquam.
1564 2540 1594 2545 —
1612 2527 1673 2550 ldem
1691 2527 1754 2549 locus
1769 2526 1888 2549 exhibetur
1905 2526 1942 2548 lV.
1957 2528 2017 2549 Sent.
2030 2527 2054 2549 d.
2065 2527 2102 2549 Xl.

1263 2571 1314 2590 text.
1331 2567 1443 2595 Magistri,
1460 2573 1480 2589 c.
1498 2568 1524 2594 2,
1540 2569 1562 2589 et
1579 2566 1702 2594 explicatur
1719 2565 1846 2588 Comment.
1864 2571 1886 2592 p.
1903 2566 1918 2587 l.
1935 2564 1991 2587 dub.
2008 2565 2030 2586 3.

1325 2605 1334 2618 ⁸
1351 2606 1529 2634 Retragantibus
1541 2606 1558 2627 Α
1568 2606 1585 2627 Β
1593 2605 1609 2628 C
1620 2605 1638 2627 D
1647 2606 1670 2632 E,
1682 2603 1765 2626 Bonelli
1778 2604 1814 2625 hic
1825 2603 1890 2626 addit
1900 2603 1987 2632 teyitur
2000 2602 2069 2632 quod,
2081 2606 2103 2625 ot

1262 2646 1337 2668 locum
1352 2652 1378 2667 ex
1394 2645 1442 2673 ipsa
1455 2645 1551 2672 Vulgata
1565 2644 1607 2672 (ΗΙ.
1618 2645 1675 2671 Reg.
1689 2643 1730 2669 te,
1740 2643 1761 2665 3.
1772 2642 1858 2670 seqq.)-,
1872 2641 1984 2664 nonnullis
2000 2641 2102 2668 omissis,

1261 2684 1353 2707 exbibet
1368 2684 1415 2706 sic:
1432 2683 1494 2706 venit
1510 2683 1534 2705 in
1551 2682 1664 2705 Bersabee
1675 2681 1735 2705 luda
1746 2682 1768 2704 et
1778 2680 1865 2703 dinu'sit
1876 2679 1908 2703 ibi
1915 2686 2019 2709 puerum
2031 2686 2102 2703 sunm.

1262 2724 1283 2745 et
1296 2721 1405 2752 pei-reric
1427 2721 1452 2743 iu
1473 2721 1608 2748 desertum;
1631 2727 1730 2750 cumque
1752 2719 1851 2742 z-enzsset
1871 2720 1892 2742 et
1913 2718 2004 2753 sederet
2023 2718 2102 2742 subter

1261 2767 1336 2783 unam
1353 2759 1500 2789 initimum,
1520 2759 1661 2782 obdormivit
1678 2759 1701 2781 ιή
1717 2757 1804 2781 umbra
1816 2757 1920 2786 iuniperi
1928 2766 1935 2785 ,·
1953 2759 1974 2780 et
1984 2763 2045 2785 ecce,
2058 2759 2101 2780 Αη-

1262 2801 1328 2829 yelus
1346 2799 1441 2823 Domini
1457 2799 1529 2828 tetigit
1545 2805 1599 2821 eum
1615 2800 1636 2821 et
1652 2797 1714 2821 dizit
1730 2797 1781 2820 illi:
1799 2796 1878 2826 Sui-qe
1894 2798 1915 2819 et
1931 2796 2030 2819 comede.
2042 2797 2102 2824 Qua-

1263 2843 1314 2862 tuor
1331 2846 1395 2868 ergo.
1412 2840 1464 2861 Post
1480 2838 1560 2868 secisse
1577 2838 1637 2860 idem
1655 2837 1717 2865 ponit
1736 2836 1798 2866 quod
1816 2842 1858 2864 pro
1881 2835 1950 2864 quia,
1969 2835 2051 2857 deinde
2070 2841 2101 2858 se-

1262 2878 1330 2902 cessit
1344 2885 1386 2906 pro
1398 2878 1472 2905 venit,
1483 2881 1505 2899 et
1516 2876 1693 2900 suscitationem
1704 2875 1789 2905 Anyeli
1799 2881 1841 2903 pro
1853 2874 2016 2897 suscitatorem
2030 2875 2101 2903 Anqu-

1264 2918 1325 2945 (uni,
1344 2920 1365 2939 ot
1383 2916 1513 2939 immediate
1530 2919 1581 2944 post
1598 2916 1661 2938 addit
1678 2915 1707 2938 Et
1723 2915 1766 2938 hoc
1783 2921 1824 2937 nec
1840 2921 1886 2937 non
1903 2913 1976 2937 nobis.
