2285 3398
357 206 413 234 :5:30

219 289 325 309 Notandum
351 282 559 320 qnodfurtum
583 290 636 310 non
657 281 692 310 sit
713 284 873 318 peceatum;
895 280 942 309 sed
963 288 1017 308 non
1039 283 1127 317 potest
1154 281 1193 309 fa-

352 338 430 363 cere,
452 329 525 366 quod
552 328 671 357 mentiri
700 336 754 356 non
786 328 822 356 sit
852 330 1005 364 peccatum.
1029 327 1060 355 Et
1081 327 1132 356 hoc
1153 332 1194 356 est

353 380 464 413 propter
496 376 663 404 nobilitatem
686 374 825 408 veritatis;
857 374 923 411 quia
952 373 1125 402 mendacium
1153 378 1194 403 est

338 424 419 451 .talsa
442 422 513 451 vocis
535 421 650 459 prolatio
672 430 735 450 cum
757 421 906 454 intentione
927 420 1052 453 saliendi,
1074 423 1101 448 et
1121 421 1194 449 Deus

354 478 407 498 non
428 472 516 506 potest
538 468 667 497 recedere
681 476 696 496 a
712 467 842 501 veritate,
863 467 929 504 quia
942 470 983 496 est
1004 466 1063 503 ipsa
1077 467 1193 501 veritas;

353 516 398 544 sed
420 523 482 544 cum
505 515 579 543 furto
602 514 669 543 bene
691 517 779 551 potest
793 514 968 551 dispensare,
989 513 1064 550 quod
1085 521 1139 541 non
1160 514 1195 542 sit

354 565 502 599 peccatum.
526 561 600 590 Unde
632 561 753 589 maxime
784 560 969 590 necessarium
1002 562 1044 588 est
1075 559 1194 594 homini,

352 608 425 645 quod
446 610 536 637 servet
558 607 637 636 fidem
661 610 688 636 et
709 607 807 636 habeat
837 607 978 635 veritatem
1001 606 1028 634 in
1050 613 1194 640 sermone,

352 655 416 691 quia
437 655 502 683 dicit
516 655 617 683 Seneca
630 655 651 682 ¹:
673 654 748 691 «Qui
765 653 846 682 tidem
867 653 957 690 perdit
971 661 1024 681 non
1041 652 1124 681 habet
1138 660 1195 681 am—

352 701 424 737 plius
445 700 511 738 quid
533 701 627 737 perdat
642 713 668 728 ».
686 718 723 721 -
738 701 812 728 Patet
835 700 914 728 modo
928 699 961 728 de
979 699 1032 727 isto
1052 698 1194 727 mandato:

352 746 415 775 Non
431 747 555 785 loqueris
574 750 676 775 eontra
698 747 870 784 proarz‘mum
886 750 970 774 tuit-m
993 741 1106 783 falsum
1121 745 1196 773 tesci-

351 795 489 822 monium.

430 842 454 868 6.
478 842 571 883 Postea
592 841 734 877 subiungit
755 841 811 869 duo
825 843 970 877 praecepta
991 840 1109 869 simul²:
1132 839 1197 867 Non

212 896 257 914 Pars
271 896 290 913 n.
307 896 332 913 no
350 887 533 923 concupi-sees·
554 896 615 915 rem
634 887 767 924 proximi
787 887 843 920 cut,
857 895 908 915 nee
928 886 1106 915 desiderabis
1125 894 1196 914 zaro-

205 924 259 960 1'331'1‘3.
271 919 333 974 aaa.
351 942 411 961 rem
431 934 511 966 εἰη-ς,-
533 933 560 961 in
580 933 683 970 quibus
703 933 841 970 duplicem
857 933 1122 970 concupiscentiam,
1145 932 1196 961 sci-

206 965 333 1012 ’ἕῖἷῖἷῖἓωῗῧέἶ
351 980 412 1008 licet
443 980 595 1008 oculorum
626 983 653 1008 et
679 980 781 1008 earnis
799 980 820 1013 ³,
852 980 1000 1016 probibet,
1023 988 1100 1016 quae
1132 982 1197 1008 sunt

350 1027 468 1060 fomenta
489 1027 611 1055 omnium
634 1027 770 1055 malorum
793 1030 820 1055 et
848 1026 928 1055 radix
949 1027 1073 1055 omnium
1101 1034 1196 1063 pecca-

351 1078 458 1107 torum;
474 1074 551 1110 quia,
573 1074 683 1110 quando
698 1074 738 1102 vis
760 1073 980 1110 concupiscibilis
994 1076 1035 1102 est
1056 1073 1156 1101 infecta
1169 1076 1196 1101 et

351 1123 493 1157 corrupta,
515 1121 670 1157 corrumpit
700 1129 795 1149 omnes
816 1121 882 1149 alias
913 1120 1020 1148 animae
1053 1120 1133 1148 vires.
1168 1120 1195 1147 ln

352 1167 578 1204 praecedentibus
599 1167 745 1195 mandatis:
770 1167 833 1195 Non
855 1167 978 1200 occides,
994 1175 1052 1195 vion
1066 1165 1196 1194 moeclia-

352 1215 443 1248 ῥανὶς,
455 1223 513 1243 non
527 1213 644 1250 lartum
658 1214 766 1250 facies,
781 1223 840 1242 non
855 1214 980 1252 loqueris
994 1213 1104 1251 falsum
1121 1213 1196 1241 tesci-

352 1262 500 1295 monium,
523 1261 686 1297 prohibetur
707 1260 795 1289 onmis
816 1263 894 1289 actus
920 1260 1031 1288 illicitus
1054 1259 1195 1293 exterior,

352 1309 399 1345 qui
422 1309 452 1336 lit
473 1311 568 1336 contra
590 1307 758 1344 proxiuuun.
783 1307 809 1335 ln
831 1306 890 1335 istis
903 1306 1027 1334 duobus:
1051 1305 1115 1347 Non
1130 1314 1195 1334 eori-

352 1355 480 1392 cupisees
507 1363 567 1382 rem
592 1354 725 1392 proximi
753 1354 812 1387 mi,
841 1362 891 1382 'nee
919 1353 1097 1382 desiderabis
1125 1361 1196 1380 uaro-

353 1411 412 1430 rem
428 1402 505 1436 eius,
528 1402 692 1438 prohibetur
717 1404 795 1429 actus
810 1401 921 1429 illicitus
946 1400 1077 1434 interior,
1092 1403 1119 1428 et
1134 1408 1197 1436 pro-

353 1449 464 1477 hibetur
490 1449 534 1477 hie
555 1448 776 1484 concupiscentia
797 1448 948 1475 ocalormn.
970 1448 1027 1475 sive
1048 1447 1196 1483 cupiditas,

352 1503 422 1531 quae
433 1495 523 1523 radix
538 1498 579 1522 esc
593 1494 724 1522 omnium
739 1494 922 1525 malorum&
937 1493 1101 1529 prohibetur
1116 1493 1197 1521 etiam

351 1541 572 1577 concupiscentia
593 1540 710 1573 carnis,
733 1547 804 1576 quae
825 1542 866 1567 est
887 1540 972 1568 fomes
990 1539 1113 1567 omnium
1136 1547 1197 1575 pec-

351 1589 484 1614 vatorum.
499 1587 547 1614 l’er
559 1586 637 1614 istam
649 1586 786 1622 duplicem
799 1584 1048 1620 concupiscentiam
1063 1584 1094 1612 fit
1109 1587 1197 1613 trans-

351 1633 421 1660 i'usio
442 1632 565 1660 omnium
592 1632 728 1659 malorum
750 1634 777 1659 et
800 1634 992 1667 peccatorum3
1020 1633 1048 1658 et
1071 1630 1131 1658 ideo
1153 1630 1197 1658 lex

350 1678 442 1707 divina
457 1678 543 1714 ipsam
559 1678 702 1714 prohibet,
717 1681 744 1706 et
759 1677 785 1705 in
802 1677 854 1705 boc
874 1676 966 1705 onmia
980 1676 1051 1704 mala
1066 1679 1093 1704 et
1107 1675 1200 1704 omnia

351 1728 461 1761 peccata
490 1725 625 1761 prohibet.
656 1725 724 1753 l-laec
751 1727 792 1752 est
820 1723 920 1757 febris,
948 1731 1004 1760 qua
1031 1730 1128 1751 omnes
1150 1722 1197 1750 [ilii

351 1772 432 1800 Adam
454 1771 626 1804 febricitant,
648 1774 675 1799 et
696 1778 767 1808 quae
788 1773 901 1807 generat
921 1769 1013 1798 omnia
1033 1769 1112 1797 mala.

430 1819 455 1845 7.
479 1818 553 1846 Patet
568 1817 662 1850 modo,
678 1816 752 1853 quod
772 1818 838 1845 sunt
855 1816 949 1845 decem
967 1819 1114 1852 praecepta
1128 1815 1198 1843 sacri

234 1872 335 1895 neretum·
351 1865 480 1901 decalogi.
503 1865 530 1892 ln
553 1864 642 1893 tribus
664 1864 760 1901 primis
781 1863 950 1900 praecipitur
969 1865 1044 1891 recta
1064 1862 1200 1891 ordinatio

353 1912 386 1940 ad
408 1912 510 1945 Deum,
533 1911 559 1939 in
581 1914 681 1947 quarto
710 1914 785 1939 recta
808 1910 944 1939 ordinatio
966 1912 993 1939 et
1020 1909 1200 1939 beneficentia

354 1959 387 1987 ad
408 1962 552 1995 parentes,
575 1958 601 1985 in
623 1966 673 1986 sex
694 1958 754 1986 aliis
775 1958 944 1994 praecipitur
966 1960 1041 1986 recta
1065 1956 1201 1985 ordinatio

355 2007 382 2034 et
403 2004 558 2033 innocentia
578 2004 611 2032 ad
634 2004 803 2040 proximum.

434 2052 460 2079 8.
484 2051 665 2079 Resumamus
686 2050 737 2079 ista
758 2053 919 2087 praecepta,
940 2058 1012 2086 quae
1033 2053 1113 2078 sunt:
1136 2049 1201 2077 Non

357 2098 472 2127 liabeluls
492 2098 558 2125 deos
579 2097 688 2125 alienos
709 2105 810 2125 eoram
831 2105 882 2124 me.
906 2096 971 2124 Non
991 2104 1123 2124 assumes
1150 2104 1200 2124 710-

358 2154 420 2174 men
436 2144 488 2173 Dei
502 2145 547 2172 tui
560 2144 591 2172 in
605 2152 715 2172 vanum
730 2147 780 2172 etc.
798 2143 949 2179 Intelligere
963 2142 1107 2175 debemus,
1126 2141 1200 2178 quod

240 2197 341 2221 Quodhhet
357 2198 525 2228 quamquam
546 2189 680 2227 quaedam
700 2189 828 2218 dieantur
848 2192 994 2225 praecepta
1019 2187 1200 2225 affirmativa

221 2223 341 2244 praeceptum

220 2244 341 2271 quntinsztas-
358 2242 385 2267 et
405 2237 539 2275 quaedam
559 2237 710 2274 negativa,
732 2236 823 2264 omnia
838 2238 926 2263 tamen
948 2234 1159 2263 affirmationem
1173 2237 1200 2262 et

221 2269 344 2314 ssfmrffssfflffl
358 2285 527 2322 negationem
543 2285 569 2313 in
591 2292 620 2312 se
634 2283 781 2312 continent.
797 2282 911 2318 Quando
925 2282 999 2314 Deus
1018 2280 1121 2317 aliquid
1136 2288 1199 2317 pro-

221 2320 271 2333 uem'
358 2332 434 2360 hibet
455 2331 482 2360 in
503 2331 596 2367 aliquo
615 2330 758 2363 mandato,
782 2328 913 2365 praecipit
933 2328 993 2356 eius
1013 2327 1198 2361 contrarium3

358 2381 386 2408 et
405 2387 420 2407 e
451 2386 592 2411 converso,
623 2376 733 2413 quando
758 2375 861 2412 aliquid
892 2375 1039 2412 praecipit,
1071 2374 1199 2411 prohibet

899 203 943 231 DE
964 204 1075 232 DECEM
1097 203 1290 232 PRAECEPTIS
1311 201 1473 230 COLLATIO
1495 202 1546 229 Vll.

1242 279 1421 308 >contrarium
1436 278 1503 307 eius.
1520 278 1598 314 Quod
1619 281 1701 315 patet.
1719 278 1745 306 ln
1767 277 1858 314 primo
1873 278 1945 306 enim
1966 279 2093 318 mandato

1252 325 1420 363 praecipitur
1452 324 1564 353 humilis
1595 324 1716 353 adoratio
1747 324 1854 352 divinae
1876 325 2039 359 maiestatis,
2067 327 2094 353 et

1250 372 1414 409 prohibetur
1442 371 1603 400 idololatria.
1627 371 1654 399 ln
1675 371 1794 400 secundo
1815 371 1984 408 praecipitur
2008 371 2095 400 fidelis

1250 418 1364 448 assertio
1380 417 1487 446 divinae
1503 417 1640 450 veritatis,
1662 421 1689 446 et
1703 417 1868 454 prohibetur
1886 418 2049 453 periurium.
2067 418 2094 445 ln

1251 465 1331 494 tertio
1354 463 1522 501 praecipitur
1536 463 1633 492 devota
1653 464 1761 493 dilectio
1775 463 1882 492 divinae
1904 464 2046 499 bonitatis,
2069 466 2095 492 et

1250 512 1415 550 prohibetur
1437 510 1580 539 indevotio.
1604 511 1630 539 ln
1653 514 1752 548 quarto
1771 510 1940 547 praecipitur
1961 511 2048 547 pietas
2062 510 2096 538 ad

1251 562 1394 595 parentes,
1416 560 1443 586 et
1464 557 1628 593 prohibetur
1648 557 1829 586 inhonoratio.
1853 557 1880 584 ln
1902 557 1999 593 quinto
2018 565 2096 594 prae-

1251 605 1352 641 cipitur
1369 603 1567 637 mansuetudo,
1588 607 1615 632 et
1629 604 1792 640 prohibetur
1807 603 1956 632 iracundia
1974 603 2001 631 ln
2017 606 2099 632 sexto

1252 650 1421 687 praecipitur
1443 648 1590 685 pudicitia,
1611 652 1638 677 et
1658 650 1821 686 prohibetur
1842 649 1975 678 moechia.
1998 649 2025 677 ln
2055 657 2096 678 se-

1252 697 1337 734 ptimo
1359 695 1528 732 praecipitur
1550 695 1676 731 largitas,
1697 699 1724 725 et
1745 696 1909 733 prohibetur
1930 696 2045 724 furtum.
2068 697 2096 724 ln

1251 746 1347 772 octavo
1368 741 1539 779 praecipitur
1555 741 1670 775 veritas,
1692 746 1718 771 et
1733 743 1896 779 prohibetur
1914 743 2095 772 mendacium.

1253 791 1279 818 ln
1302 799 1374 818 nono
1395 788 1565 826 praecipitur
1587 788 1734 817 liberalitas
1755 789 1860 822 cordis,
1882 792 1909 817 et
1933 790 2097 825 prohibetur

1251 836 1473 873 concupiscentia
1494 835 1532 864 rei
1556 834 1721 871 temporalis.
1744 835 1771 863 ln
1799 835 1906 864 decimo
1929 836 2097 872 praecipitur

1252 884 1362 913 castitas
1383 883 1497 916 mentis,
1519 885 1546 911 et
1568 882 1730 918 prohibetur
1757 882 1977 918 concupiscentia
1997 883 2096 911 carnis.

1332 932 1357 959 9.
1380 930 1491 962 Videte,
1520 929 1593 966 quod
1619 929 1709 957 omnia
1729 932 1875 966 praecepta
1902 929 2042 958 continent
2069 929 2097 957 in

1252 985 1282 1006 se
1303 977 1513 1006 affirmationem
1543 979 1570 1004 ει
1598 976 1783 1013 negationem,
1811 980 1838 1005 et
1865 975 1938 1012 quod
1967 975 1994 1004 in
2022 976 2096 1004 omni
2115 981 2162 1023 122¹¹³
2182 982 2242 1023 2qualli-

1253 1028 1400 1062 praecepto
1421 1027 1471 1052 est⁴
1484 1023 1539 1051 vita
1567 1026 1593 1051 et
1616 1023 1732 1058 bonum,
1753 1031 1828 1052 mors
1855 1026 1882 1051 et
1902 1023 2006 1052 malum
2019 1023 2038 1051 ⁵.
2070 1023 2097 1051 ln
2114 1010 2137 1047 22⁰
2146 1010 2242 1047 mensa-⁸¹³

1252 1071 1427 1100 observantia
1452 1071 1644 1099 mandatorum
1672 1074 1712 1100 est
1737 1071 1792 1099 vita
1815 1074 1842 1099 et
1869 1071 1986 1104 bonum,
2014 1073 2041 1099 et
2070 1070 2097 1098 in

1253 1117 1470 1154 transgressione
1485 1120 1526 1145 est
1547 1125 1622 1146 mors
1636 1121 1663 1146 et
1683 1118 1794 1146 malum.
1818 1118 1847 1145 Et
1866 1125 1902 1145 ex
1923 1117 2098 1145 observantia

1252 1164 1319 1200 legis
1340 1164 1467 1200 sequitur
1486 1163 1652 1198 benedictio,
1674 1168 1700 1192 et
1721 1173 1755 1193 ex
1773 1164 1989 1200 transgressione
2010 1164 2097 1192 mule-

1252 1210 1347 1238 (lietio.
1361 1226 1397 1230 —-
1411 1210 1450 1238 Ex
1462 1210 1637 1242 observantia
1647 1211 1719 1239 enim
1735 1211 1801 1247 legis
1815 1211 1845 1238 tit
1859 1210 1943 1238 homo
1954 1218 2096 1244 reverens,
2115 1215 2194 1256 [11³0ng
2209 1214 2243 1233 du·

1253 1257 1355 1291 fidelis,
1377 1257 1508 1291 devotus,
1531 1258 1605 1294 pius,
1627 1261 1803 1290 mansuetus,
1826 1256 1958 1293 pudicus,
1988 1256 2096 1293 largus,
2149 1244 2160 1261 Ρ
2194 1251 2197 1256 ’

1253 1304 1405 1337 veridicus,
1428 1304 1548 1341 propriis
1569 1307 1713 1333 contentus
1742 1304 1798 1332 sive
1820 1303 1941 1332 liberalis
1961 1302 2043 1331 corde
2071 1305 2098 1331 et

1253 1352 1415 1388 impollutus
1445 1354 1543 1380 mente.
1578 1351 1693 1380 Econtra
1719 1359 1755 1380 ex
1784 1350 2000 1387 transgressione
2031 1350 2098 1386 legis

1253 1399 1372 1427 efficitur
1404 1399 1486 1427 homo
1517 1393 1904 1434 idololatrasblasphemus,
1936 1397 2095 1431 indevotus,

1254 1445 1367 1481 impius,
1390 1445 1540 1478 homicida,
1563 1445 1695 1473 moechus
1720 1444 1777 1473 sive
1798 1444 1916 1477 adulter,
1941 1444 1996 1477 sur,
2025 1443 2098 1472 salsi-

1253 1490 1345 1524 dicus,
1367 1490 1484 1527 cupidus
1504 1495 1531 1520 et
1552 1491 1676 1519 carnalis.
1694 1491 1763 1527 Ergo
1783 1494 1968 1527 transgressor
1991 1490 2057 1527 legis
2071 1493 2098 1519 et

1253 1537 1414 1565 observator
1435 1538 1498 1573 plus
1519 1537 1620 1565 distant
1640 1546 1656 1565 a
1677 1545 1718 1570 se,
1740 1545 1823 1573 quam
1838 1537 1962 1565 infernus
1982 1545 1998 1564 a
2019 1545 2098 1573 para-

1253 1583 1327 1616 diso,
1350 1583 1415 1619 quia
1436 1592 1509 1611 unus
1530 1581 1570 1611 e'st
1592 1583 1618 1611 in
1641 1587 1750 1616 centro,
1772 1583 1842 1611 alius
1862 1586 1904 1611 est
1924 1583 1951 1611 in
1980 1583 2098 1611 circum-

1254 1629 1383 1665 ferentia;
1406 1637 1456 1657 nec
1486 1629 1560 1657 Deus
1592 1629 1659 1657 caeli
1688 1629 1761 1657 aliud
1782 1629 1872 1657 facere
1902 1632 2007 1665 potest,
2033 1629 2098 1666 quia

1255 1674 1345 1703 iustus
1365 1678 1406 1703 est
1426 1678 1454 1704 et
1473 1684 1502 1704 se
1522 1684 1630 1713 negare
1650 1684 1708 1703 non
1725 1679 1818 1712 potest
1829 1676 1848 1703 ⁶.

1336 1723 1378 1749 10.
1400 1721 1494 1750 Videte
1516 1723 1609 1757 inodo,
1631 1722 1705 1760 quod
1727 1722 1851 1751 homines
1871 1730 1926 1751 non
1953 1722 2099 1751 addiscunt
2115 1727 2161 1768 [ξω
2174 1727 2203 1745 ¹¹¹-
2216 1726 2244 1768 pe

1255 1768 1414 1804 sapientiam
1436 1769 1486 1797 nisi
1509 1778 1558 1806 per
1580 1769 1698 1806 flagella,
1721 1772 1747 1798 et
1768 1769 1828 1798 ideo
1849 1769 1982 1797 Dominus
2004 1769 2098 1798 decem
2127 1755 2245 1815 εἷεεὲῗεξιῖἶ

1254 1816 1374 1853 flagella,
1397 1816 1423 1844 id
1444 1819 1485 1845 est
1505 1817 1610 1853 plagas,
1632 1816 1744 1845 immisit
1772 1816 1799 1844 in
1822 1819 1925 1844 terram
1953 1816 2064 1853 Aegypti
2077 1816 2097 1844 ⁷.
2126 1803 2151 1815 Η
2178 1802 2211 1816 ⁰⁰¹¹
2227 1802 2245 1815 ⁰-

1256 1879 1292 1884 —-
1308 1863 1397 1891 Prima
1417 1863 1470 1891 suit
1490 1863 1646 1900 sanguinis;
1668 1863 1803 1897 secunda,
1832 1871 1979 1897 ranarum;
2001 1863 2098 1897 tertia,

1256 1910 1404 1938 multitudo
1435 1910 1606 1946 sciniphum;
1629 1913 1743 1947 quarta,
1765 1910 1913 1938 multitudo
1938 1918 2098 1939 muscarum
2116 1914 2185 1955 ⁰²⁰3}
2198 1915 2237 1937 issa-

1256 1957 1458 1991 mordentium3
1487 1957 1598 1993 quinta,
1629 1957 1725 1985 mortis
1753 1964 1885 1993 pecorum
1915 1959 1942 1985 et
1963 1957 2098 1985 iumento—
2154 1943 2192 1961 ΕΗ

1257 2012 1336 2037 rum;
1367 2006 1462 2037 sexta,
1494 2004 1619 2031 ulcerum
1645 2003 1702 2032 sive
1723 2004 1877 2032 vesicarum
1910 2003 2098 2040 turgentium;

1256 2051 1390 2086 septima,
1424 2050 1618 2079 destructionis
1652 2050 1788 2078 bonorum
1823 2050 2015 2087 temporalium
2049 2057 2099 2085 per

1256 2097 1434 2133 grandineum
1456 2100 1565 2130 octava,
1588 2097 1776 2130 locustarum3
1797 2105 1884 2130 nona,
1904 2096 2098 2129 tenebrarum;

1255 2143 1372 2176 decima,
1388 2143 1485 2171 mortis
1500 2142 1755 2179 primogenitorum.
1771 2158 1807 2162 —-
1824 2142 1900 2171 Modo
1914 2142 2016 2176 videte,
2031 2150 2099 2179 quo-

1255 2189 1335 2217 modo
1356 2189 1475 2225 Spiritus
1496 2191 1607 2217 sanctus
1628 2188 1773 2225 flagellavit
1795 2189 1938 2226 Aegyptios
1958 2191 1986 2218 εῑ
2003 2197 2098 2218 manu-

1255 2235 1372 2263 ducebat
1392 2235 1425 2263 ad
1446 2235 1646 2263 observantiam
1665 2235 1857 2263 mandatorum
1873 2238 1900 2264 et
1920 2243 1970 2264 nos
1991 2235 2099 2272 prepri-

1255 2280 1347 2309 issime
1367 2280 1535 2309 manuducit.

1339 2327 1379 2354 ll.
1403 2326 1501 2355 Decem
1516 2329 1581 2355 sunt
1600 2327 1830 2364 transgressiones
1852 2328 1930 2365 legis,
1952 2331 1979 2356 et
1999 2336 2097 2357 secun-
2128 2333 2243 2351 dentdecem

2128 2358 2231 2379 transgres-

1255 2374 1321 2402 dum
1345 2373 1395 2401 hoc
1417 2373 1510 2401 decem
1530 2373 1645 2402 'suerunt
1666 2374 1760 2411 plagae
1785 2374 1824 2403 eis
1845 2375 2096 2411 correspondentes.
2127 2380 2217 2398 sionibus.

2136 1821 2237 1839 seensiom-

2136 1844 2176 1862 bus.

2117 2310 2154 2328 ttae
2167 2314 2242 2333 respon·
2284 2304 2285 2313 ¹

419 2552 425 2565 ¹
444 2554 466 2575 lu
484 2554 527 2574 line
544 2553 581 2575 ed.
598 2559 694 2580 oportun
714 2553 814 2574 Senecae
832 2552 879 2579 (ed.
898 2551 965 2573 Basil,
986 2551 1052 2578 1529>
1065 2551 1199 2573 exhibentur

356 2592 478 2613 sententiae
488 2592 538 2613 sive
550 2591 672 2619 proverbia
692 2592 790 2613 Senecae
798 2608 803 2618 ‚
820 2596 920 2619 quorum
933 2590 1019 2618 aliquot
1030 2590 1137 2612 dicuntur
1149 2596 1199 2612 esse

356 2630 447 2652 collecta
465 2636 490 2652 ex
509 2629 580 2652 Publii
599 2630 647 2656 Sysi
666 2629 802 2657 Laberiique
819 2629 903 2655 Mimis3
921 2627 964 2650 sub
981 2628 1053 2650 littora
1070 2629 1085 2650 F
1103 2628 1200 2651 habetur

356 2669 423 2691 etiam
442 2670 509 2691 haec:
527 2669 604 2691 Fidem
623 2669 663 2697 qui
680 2668 755 2696 perdit
776 2668 874 2696 perdere
892 2668 949 2689 ultra
966 2668 1020 2689 nihil
1038 2671 1118 2695 polest.

417 2706 427 2719 ²
444 2708 554 2735 Vulgata:
574 2708 621 2729 Nou
639 2707 789 2735 concupisces
806 2707 902 2729 domum
921 2706 1018 2734 proximi
1036 2707 1080 2734 tui,
1098 2714 1139 2729 uec
1160 2708 1200 2729 ‹le-

356 2745 468 2768 siderabis
485 2751 579 2768 uxorem
597 2746 658 2772 eius,
677 2752 721 2767 non
739 2751 844 2771 servum,
857 2751 901 2766 non
913 2745 1029 2771 ancillam,
1045 2751 1089 2767 non
1102 2745 1199 2774 bovem,

357 2791 402 2807 non
419 2784 508 2807 asinum
530 2790 571 2805 nec
587 2784 676 2810 onmia,
693 2790 753 2812 quae
770 2783 828 2805 illius
845 2786 906 2805 sunt.

420 2822 430 2837 ³
445 2822 491 2845 Cir.
509 2823 524 2845 1.
541 2823 602 2844 ioan.
620 2823 645 2850 2,
667 2823 700 2843 16.

420 2860 430 2873 ⁴
447 2862 516 2889 Epist.
534 2862 549 2883 1.
567 2861 627 2883 Tim.
639 2861 664 2887 6,
684 2861 719 2882 40.
731 2872 761 2876 —
773 2861 805 2882 De
822 2866 869 2888 seq.
883 2861 1037 2888 propositione
1052 2863 1092 2883 cfr.
1105 2864 1158 2884 tom.
1175 2863 1199 2884 Η.

360 2907 413 2929 pag.
430 2900 487 2927 721,
505 2903 556 2922 nota
576 2900 596 2921 l.
613 2902 635 2921 et
652 2900 674 2921 2.
691 2905 717 2921 ae
734 2905 789 2927 pag.
805 2899 861 2926 767,
879 2902 930 2921 nota
949 2899 969 2921 4.

422 2937 432 2950 ⁶
449 2938 508 2961 Vide
524 2944 594 2966 supra
611 2945 633 2960 u.
649 2938 669 2960 vl.

422 2976 431 2989 ¹¹
449 2977 518 3005 Epist.
535 2978 558 2999 ΙΙ.
577 2977 637 2999 Tim.
660 2978 684 3003 2,
711 2977 749 2998 13:
767 2977 802 2998 llle
825 2976 897 2998 fidelis
918 2980 1048 3004 permanet,
1072 2984 1157 3005 negare
1174 2983 1198 2999 se

1256 2551 1332 2578 ipsum
1345 2556 1390 2572 non
1402 2552 1483 2577 potest.
1492 2562 1522 2566 —
1532 2550 1563 2572 De
1576 2550 1687 2578 positione
1700 2551 1778 2573 inferni
1791 2554 1813 2573 ει
1822 2550 1921 2578 paradisi
1934 2552 1973 2572 cfr.
1988 2551 2024 2572 lv.
2037 2551 2096 2572 Seni.

1256 2590 1278 2612 d.
1297 2589 1332 2611 44.
1351 2596 1373 2616 p.
1390 2589 1414 2611 ll.
1430 2595 1450 2610 a.
1472 2589 1490 2610 l.
1507 2595 1528 2617 q.
1547 2590 1568 2610 2.
1579 2601 1610 2605 —
1622 2590 1685 2618 Quae
1702 2592 1829 2618 sequuntur
1840 2589 1945 2611 diffusius
1962 2588 2097 2611 exhibentur

1257 2629 1279 2650 in
1296 2628 1325 2651 C:
1342 2627 1411 2651 Modo
1429 2627 1512 2655 videte,
1530 2628 1593 2657 quod
1608 2628 1712 2651 homiues
1731 2634 1777 2651 non
1793 2627 1919 2651 addiscunt
1939 2628 2093 2657 sapientiam.

1257 2662 1456 2696 nisz‘coqnoscanc
1471 2672 1541 2688 suam
1553 2666 1721 2695 srayilitatem,
1740 2672 1812 2695 quam
1829 2665 1922 2695 quidem
1938 2672 1986 2688 non
1996 2668 2096 2695 possim!

1256 2712 1407 2735 coynoscere,
1419 2704 1466 2727 nisi
1476 2704 1602 2734 respiciant
1612 2705 1691 2728 divina
1708 2704 1829 2732 mundata,
1841 2704 1873 2727 ad
1884 2711 1945 2734 quae
1956 2711 2003 2727 non
2021 2704 2095 2734 respi-

1256 2745 1287 2768 cii
1303 2744 1372 2767 homo
1389 2744 1507 2770 εανηαίἰε,
1530 2743 1577 2766 nisi
1595 2743 1701 2767 eruditus
1717 2743 1790 2773 licerit
1807 2750 1853 2773 per
1870 2744 1974 2773 flagella.
1993 2744 2024 2767 Et
2045 2743 2095 2766 ideo

1257 2783 1370 2806 Dominus
1381 2782 1510 2812 flagellarit
1521 2782 1643 2812 Aeqyplios
1655 2788 1769 2812 nequam,
1782 2784 1808 2805 vl
1817 2782 1958 2812 septentiam
1970 2782 2094 2806 discerent.

1256 2824 1279 2845 et
1294 2822 1357 2845 misit
1372 2821 1449 2844 decem
1457 2821 1544 2850 pamas
1559 2827 1631 2851 anper
1643 2822 1745 2848 terrum,
1763 2821 1817 2850 quia
1830 2821 1906 2844 dacem
1925 2820 2093 2844 mandatarium·

1255 2867 1356 2884 suorum
1372 2860 1470 2889 fuerunt
1486 2860 1684 2888 transm-essens.

1317 2897 1325 2911 ⁷
1344 2899 1412 2921 Exod.
1428 2898 1492 2920 7-11.
1509 2898 1555 2921 Csr.
1572 2899 1680 2927 August,
1698 2898 1771 2921 Serm.
1790 2899 1817 2926 8,
1835 2899 1914 2927 inquo
1931 2899 2011 2921 decem
2032 2905 2095 2926 prae-

1255 2941 1320 2966 cepta
1337 2940 1499 2965 comparantur
1516 2937 1596 2959 deceni
1609 2937 1691 2965 plagis.
1709 2937 1767 2959 Vide
1783 2937 1850 2960 etiarn
1864 2937 1949 2965 lsidor.‚
1966 2937 2094 2960 Comment.

1255 2983 1295 3000 seu
1313 2977 1403 3005 Quaest.
1421 2976 1443 2998 in
1460 2976 1529 2998 Exod.
1547 2982 1567 2998 c.
1586 2976 1622 2998 14.
