2285 3398
57 384 173 404 Notandum.

34 2135 167 2155 Fundamenta.

630 157 672 185 DE
696 156 918 187 PERFECTIONE
941 156 1142 186 EVANGELlCA
1164 155 1299 192 QUAEST.
1324 157 1364 186 lV.
1386 158 1458 186 ΛΒΤ.
1482 158 1498 186 l.

268 237 294 265 8.
318 236 355 264 Ad
370 236 438 264 illud
454 236 527 273 quod
543 236 688 270 obiicitur,
704 236 778 273 quod
800 237 887 273 magis
907 239 1040 265 consonat

189 283 272 312 statui
294 283 467 312 innocentiae
482 283 636 312 fecunditas
657 286 725 317 etc.;
740 283 903 318 dicendum,
919 283 993 321 quod
1013 283 1040 311 in

187 333 261 359 statu
283 330 455 359 innocentiae
477 330 574 359 suisset
595 330 737 366 generatio
758 331 863 368 absque
885 330 958 359 omui
981 330 1040 358 tibi-

186 377 265 411 dine,
281 385 345 406 cum
360 377 495 406 munditia
510 380 619 406 servata
634 377 660 405 in
677 380 767 406 mente
781 380 808 406 et
823 385 921 411 aarum
936 380 964 405 et
979 377 1041 405 licet

187 424 293 453 ratione
315 425 401 461 prolis
415 424 522 461 genitae
537 424 624 454 maior
646 425 681 453 sit
699 425 850 453 similitudo
865 425 891 453 in
908 424 1040 461 pudicitia

187 471 323 509 coniugali
337 472 356 506 ¹,
372 471 478 500 ratione
494 474 584 499 tamen
600 472 728 508 puritatis
743 475 769 500 et
785 471 937 500 munditiae
952 471 1039 499 maior

186 521 228 547 est
249 519 276 547 in
304 519 478 556 virginitate;
499 521 526 547 et
551 519 617 556 quia
646 520 713 548 haee
740 523 782 548 est
810 519 927 548 nobilior
956 526 1039 555 quam

187 566 353 603 praemissa:
376 565 436 594 ideo
458 574 512 594 non
534 567 673 595 concludit
689 567 758 595 ratio
774 567 827 595 illa.

267 613 292 640 9.
309 612 346 640 Ad
361 612 428 641 illud
444 613 518 650 quod
533 613 679 648 obiicitur,
695 614 769 651 quod
789 614 871 650 plura
886 613 957 641 bona
972 621 1040 650 pau-

175 658 309 687 cioribus
333 662 399 688 sunt
420 660 508 697 magis
528 660 665 697 eligenda,
690 660 851 694 dicendum,
876 660 950 697 quod
973 660 1039 689 illud

186 708 228 734 est
242 713 357 740 verum,
380 706 427 735 ubi
447 710 512 736 sunt
534 708 612 744 paria
633 708 712 736 bona.
733 707 799 735 Nam
816 707 976 744 contingere
991 715 1040 744 po-

187 754 255 787 test,
277 754 352 790 quod
374 762 462 783 unum
484 763 615 792 magnum
631 755 734 783 bonum
754 754 911 790 praevaleat
927 755 1038 789 amitis,

187 800 259 829 sicut
274 809 330 829 una
344 810 438 830 marca
451 802 512 830 auri
529 801 669 839 praevalet
690 804 801 829 centum
817 801 938 830 solidis2.
955 802 987 830 Et
1001 802 1040 830 sic

186 850 228 876 est
242 847 269 875 in
285 849 439 885 proposito;
455 857 518 877 nam
533 856 583 885 per
605 848 790 885 virginitatem
812 848 933 877 efficitur
948 848 1040 877 anima

186 894 306 931 quodam
320 896 402 923 modo
417 895 516 924 amica
537 898 564 923 et
584 904 671 923 soror
692 898 719 924 et
739 904 848 933 sponsa
870 898 897 924 et
917 896 1038 933 quodam

186 941 268 969 modo
290 946 383 969 mater
404 942 515 971 Christi.

270 990 311 1016 lO.
334 988 371 1016 Ad
393 989 461 1017 illud
483 989 557 1026 quod
578 989 723 1018 obiicitur:
746 990 820 1027 quod
839 989 927 1027 magis
941 998 1038 1018 conso-

185 1038 232 1063 nat
254 1035 414 1072 perfectioni
437 1039 553 1065 naturae
581 1040 623 1065 est
653 1037 740 1074 magis
772 1037 923 1071 laudabile3
945 1036 1037 1065 dicen-

1893 159 1945 187 179

1096 234 1180 269 dum,
1202 235 1276 272 quod
1299 236 1429 272 perfectio
1451 240 1567 266 naturae
1587 237 1689 266 dicitur
1717 239 1880 275 dupliciter:
1905 238 1946 267 vel
1960 245 2033 287 ⁰¹>t¹¹5³¹
2048 252 2090 270 par-

1097 285 1225 311 nalurae
1246 284 1453 319 communiter,
1470 285 1511 313 vel
1526 288 1654 314 naturae
1673 286 1829 314 rationato-
1852 289 1882 314 ut
1904 293 1947 314 ra-
1973 271 2028 311 ticet-'⁰
2036 272 2089 289 [Μ’

1098 329 1221 364 tionalis3
1238 329 1294 366 ipse
1310 334 1402 359 autem
1419 331 1512 368 obiicit
1527 332 1560 360 de
1576 330 1743 368 pei-sectione
1763 333 1852 369 primo
1868 332 1948 360 modo
1996 344 1997 347 ¹

1096 376 1184 411 dicta,
1199 380 1226 406 et
1248 378 1365 406 verbum
1389 379 1570 415 praemissum
1593 380 1755 415 intelligitur
1770 380 1803 408 de
1819 379 1947 408 secunda.

1098 424 1163 453 Nam
1186 424 1260 461 quod
1283 425 1365 453 homo
1379 429 1492 463 generet
1507 429 1534 454 et
1550 426 1634 462 possit
1649 435 1797 463 generare,
1815 427 1865 455 hoc
1880 430 1948 455 atte-

1097 474 1187 500 statur
1203 472 1362 509 perfectioni
1384 476 1512 501 naturae
1532 473 1740 507 etmzrrmnilem·
1762 474 1835 510 quod
1854 477 1947 503 autem

1098 519 1213 556 spiritus
1224 519 1327 556 praesit
1342 520 1417 548 carni
1428 542 1434 554 ,
1449 523 1477 549 et
1492 520 1562 548 ratio
1577 521 1756 555 sensualitati,
1773 521 1859 558 ipsius
1874 529 1948 550 com-

1098 566 1233 603 pescendo
1248 566 1398 603 pravitates
1412 569 1439 595 et
1451 566 1461 583 ²¹
1478 566 1653 601 rebelliones,
1667 568 1716 595 hot·
1729 571 1876 597 attestatur
1887 576 1949 605 per-

1097 613 1206 641 sectioni
1229 612 1371 650 rationalis
1392 616 1524 647 naturae,
1540 613 1612 642 sieut
1633 622 1720 650 supra
1741 618 1881 643 ostensum
1897 617 1947 644 est.

1179 661 1222 688 11.
1245 659 1282 688 Ad
1304 659 1371 688 illud
1394 660 1468 697 quod
1488 660 1634 695 obiicitur,
1650 661 1723 697 quod
1745 662 1849 698 species
1870 670 1950 699 prae*
1963 668 2078 688 Notandum.

1097 707 1186 736 t'ertur
1208 707 1350 735 individuo
1374 710 1442 741 etc.;
1463 707 1627 742 dicendum,
1649 708 1723 745 quod
1753 708 1819 737 illud
1849 709 1949 737 verita-

1098 758 1151 783 tem
1174 754 1258 783 habet
1279 754 1306 783 in
1328 754 1407 783 bonis
1428 754 1582 791 privasts‘,
1604 763 1676 792 quae
1697 755 1801 783 faciunt
1829 755 1862 784 ad
1884 764 1949 785 con-

1097 802 1281 831 servationem
1313 805 1445 836 naturae;
1472 802 1616 839 virginitas
1646 805 1739 831 autem
1772 804 1815 831 est
1844 802 1948 832 bonum

1097 849 1240 886 spirituale
1265 852 1292 878 et
1323 848 1443 886 quodam
1475 849 1557 877 modo
1586 852 1770 886 perpetuum,
1793 849 1894 879 faciens
1914 850 1947 879 ad

1096 896 1363 925 consummationem
1392 896 1510 925 civitatis
1538 904 1691 933 supernae;
1714 899 1741 925 et
1763 896 1823 925 ideo
1849 897 1949 925 merito

1096 944 1224 982 coniugio
1254 944 1448 981 anteponitur,
1471 943 1542 973 sicut
1573 944 1701 973 caelestia
1734 944 1948 981 temporalibus,

1096 999 1147 1027 pro
1161 1000 1194 1020 eo
1208 991 1283 1028 quod
1303 991 1464 1028 coniugium
1487 991 1575 1028 replet
1596 991 1749 1025 mundum,
1765 994 1792 1019 et
1807 991 1950 1028 virginitas
1976 1002 1979 1005 ¹

1096 1038 1266 1075 paradisum.

886 1172 1150 1212 QUAESTIO
1182 1173 1243 1206 lV.

953 1278 994 1307 De
1014 1277 1183 1307 obedientia.

262 1402 410 1439 Postquam
431 1402 589 1440 quaesitum
604 1404 646 1430 est
660 1401 694 1430 de
709 1401 865 1430 humilitate
880 1403 907 1430 et
921 1401 955 1430 de
970 1409 1038 1438 pau-

182 1452 288 1486 pertate
303 1452 331 1478 et
344 1449 378 1478 de
393 1449 573 1483 continentia,
595 1451 680 1478 restat
695 1456 769 1477 nunc
784 1451 886 1485 quarto
901 1456 1038 1485 quaerere

181 1496 215 1525 de
225 1496 388 1526 obedientia.
402 1497 433 1525 Et
444 1496 518 1525 circa
532 1495 715 1525 obedientiam
731 1495 785 1524 tria
799 1498 916 1532 possunt
930 1495 1037 1533 quaeri.

261 1544 383 1573 Primum
405 1546 462 1578 est,
484 1546 581 1572 utrum
603 1543 638 1572 sit
659 1550 813 1572 consonum
835 1543 889 1572 iuri
905 1543 1037 1578 naturali,

181 1591 256 1629 quod
278 1591 361 1620 homo
381 1590 533 1620 obediendo
555 1590 697 1619 subiaceat
717 1590 806 1619 alteri.

1177 1401 1334 1430 Secundum
1357 1395 1414 1436 est,
1436 1405 1533 1431 utrum
1555 1402 1590 1431 sit
1608 1405 1761 1431 consonum
1777 1402 1950 1440 evangelicae

1097 1448 1268 1485 perfectioni,
1290 1449 1365 1486 quod
1386 1456 1461 1478 unus
1481 1449 1616 1486 astringat
1636 1456 1665 1477 se
1687 1452 1751 1478 voto
1771 1450 1805 1478 ad
1820 1450 1949 1479 obedien-

1094 1495 1161 1524 dum
1183 1496 1271 1525 alteri.

1175 1542 1300 1572 Tertium
1322 1546 1379 1578 est,
1401 1545 1498 1572 utrum
1520 1543 1555 1572 sit
1586 1543 1752 1573 conveniens
1782 1544 1948 1573 christianae

1096 1590 1237 1627 religioni,
1259 1590 1335 1627 quod
1355 1592 1452 1619 omnes
1473 1584 1606 1619 obediant-
1623 1591 1681 1630 uni.

951 1713 1133 1743 ARTICULUS
1155 1714 1171 1742 l.

436 1814 541 1842 Utrum
561 1812 599 1842 sil
620 1822 780 1843 consonum
802 1813 866 1842 iuri
885 1813 1031 1847 naturali,
1054 1814 1131 1851 quod
1153 1813 1237 1842 homo
1258 1813 1412 1843 obediemlo
1433 1814 1584 1844 subiaceat
1604 1815 1699 1844 alteri.

258 1939 400 1975 Quantum
429 1937 463 1966 ad
484 1937 629 1974 primum⁵
650 1937 689 1966 sic
710 1937 880 1974 proceditur.
903 1937 1035 1971 Videtur,

178 1986 253 2023 quod
274 1986 309 2015 sit
330 1993 482 2014 consonum
505 1984 560 2013 iuri
581 1984 807 2021 naturali,q110d
823 1984 905 2012 homo
925 1984 1035 2013 obediat

177 2033 291 2062 homini.

261 2082 284 2109 1.
307 2080 395 2109 Pietas
423 2080 497 2109 enim
526 2078 661 2108 naturalis
687 2078 788 2112 dictat,
818 2073 945 2115 parentes
973 2086 1033 2107 esse

178 2127 394 2161 honorandos⁶;
417 2127 464 2156 sed
486 2127 575 2155 honor
596 2128 743 2163 parentum
759 2125 842 2154 estin
861 2126 1033 2155 exhibitione

177 2174 360 2209 reverentiae,
382 2174 519 2203 exhibitio
533 2176 627 2202 autem
642 2173 813 2201 reverentiae
834 2176 876 2202 est
890 2173 1032 2210 obtempe-

178 2222 266 2251 rando
286 2226 313 2251 et
334 2221 502 2251 obediendo:
525 2228 592 2258 ergo
612 2223 664 2250 etc.

256 2271 282 2298 ⁹2.
306 2269 390 2304 Item,
412 2269 458 2298 lex
479 2268 601 2305 decalogi
623 2267 726 2304 scripta
747 2267 774 2296 in
802 2267 885 2296 corde
911 2268 1031 2297 hominis

176 2316 261 2346 dictat
281 2325 331 2354 per
353 2316 490 2345 dictamen
512 2318 629 2344 naturae
641 2315 667 2350 ⁷3
683 2315 731 2344 sed
745 2315 805 2352 ipsa
819 2315 872 2344 hoc
886 2316 1030 2353 praecipit,

176 2364 280 2394 scilicet
300 2367 430 2401 parentes
458 2363 605 2392 honorari:
628 2370 694 2400 ergo
715 2362 783 2392 illud
814 2365 855 2391 est
876 2371 1029 2392 consonum

175 2413 231 2442 iuri
252 2412 382 2441 naturali.
405 2412 459 2440 Hoc
480 2413 573 2440 autem
596 2410 626 2439 tit
648 2418 698 2447 per
719 2410 883 2448 obsequium
899 2410 1029 2439 obedien-

176 2460 229 2490 tiae
239 2471 245 2488 :
267 2468 334 2497 ergo
355 2462 406 2489 etc.

238 2613 246 2627 ¹
264 2614 339 2638 Codd.
356 2616 465 2642 corrupte
482 2611 603 2642 virqiruzli.

238 2652 248 2666 ²
264 2653 311 2677 Ca.
328 2660 398 2682 supra
416 2653 509 2682 Quaest.
527 2652 556 2675 de
573 2651 679 2680 Mysterio
698 2652 762 2675 Trin.
778 2659 802 2682 q.
819 2654 841 2676 2.
858 2659 880 2676 a.
900 2653 918 2676 1.
936 2654 966 2676 ad
983 2654 1006 2677 7.

238 2691 247 2705 ⁸
265 2693 295 2716 lta
312 2694 344 2721 Α,
356 2693 398 2716 sed
410 2693 426 2715 E
434 2691 568 2722 pronitates
585 2690 759 2721 [proni01·es.’]
776 2691 927 2722 rebelliones,
947 2693 966 2715 D
982 2699 1024 2722 pei·

174 2733 237 2757 vires
247 2732 290 2763 [.⁷]
307 2731 456 2756 rebelliones.

237 2770 247 2784 ⁴
264 2772 294 2795 lta
313 2772 382 2794 codd.
404 2771 451 2793 Csr.
474 2771 497 2792 S.
520 2770 604 2792 Thom.
622 2770 645 2792 S.
666 2770 690 2792 ll.
707 2770 731 2792 ll.
748 2777 772 2799 q.
798 2771 848 2794 152.
870 2778 891 2794 a.
912 2772 934 2794 4.
951 2772 981 2795 ad
1000 2773 1025 2795 3:

174 2812 265 2834 Bonum
278 2839 280 2841 Ι
291 2817 417 2834 commune
438 2810 515 2838 potius
531 2812 566 2831 est
583 2808 645 2831 bono
663 2809 767 2837 privato,
784 2810 802 2832 si
820 2810 848 2833 sit
865 2811 970 2834 eiusdem
989 2818 1026 2840 ge-

174 2851 251 2878 neris;
269 2851 311 2873 sed
328 2853 404 2879 potest
420 2856 484 2877 esse,
504 2849 569 2878 quod
592 2847 679 2871 bouum
703 2849 819 2877 privatum
842 2850 871 2873 sit
892 2851 975 2874 mellus
992 2858 1026 2873 se-

175 2890 278 2913 cundum
296 2897 363 2913 suum
382 2896 457 2919 genus
474 2893 517 2911 etc.

236 2928 247 2942 ⁶
263 2930 304 2952 Hic
322 2930 432 2952 articulus
449 2932 539 2951 sumtus
557 2931 591 2950 est
607 2934 634 2950 ex
652 2928 721 2951 codd.
738 2929 792 2952 AD.

238 2967 248 2981 ⁰
264 2969 353 2997 Cicero,
371 2970 394 2992 ll.
412 2970 505 2991 Rhetor.
523 2974 542 2991 e.
560 2967 602 2990 54:
621 2968 717 2992 Natura
733 2967 771 2991 ius
783 2972 829 2997 est,
841 2970 905 2998 quod
918 2976 964 2992 non
977 2970 1025 2998 opi-

1172 1938 1198 1967 3.
1223 1938 1305 1973 ltem,
1318 1936 1354 1966 ad
1368 1936 1501 1975 Ephesios
1523 1938 1641 1967 sexto⁸z
1665 1939 1744 1973 Filii,
1769 1939 1875 1968 obedite
1890 1949 1946 1977 pa-

1091 1984 1222 2013 rentibus
1243 1985 1348 2013 vestris
1365 1994 1419 2023 per
1440 1985 1558 2019 omnia,-
1581 1986 1627 2014 sed
1643 1986 1794 2023 paternitas
1809 1990 1836 2015 et
1851 1987 1946 2016 filiatio

1091 2032 1213 2060 maxime
1244 2036 1395 2061 consonant
1417 2032 1470 2061 iuri
1493 2033 1629 2061 naturali:
1650 2041 1718 2071 ergo
1748 2037 1775 2062 et
1807 2034 1877 2063 tilios
1899 2043 1951 2072 pa·-

1092 2079 1218 2108 rentibus
1238 2079 1358 2108 obedire.

1169 2127 1196 2155 [ι.
1221 2127 1301 2161 ltem,
1325 2127 1368 2156 ius
1389 2130 1506 2157 naturae
1527 2127 1611 2157 dictat
1626 2128 1765 2163 ordinem;
1782 2123 1830 2158 sed
1851 2130 1944 2159 «ordo

1090 2177 1131 2203 est
1152 2174 1261 2211 parium
1284 2175 1494 2212 dispariumque
1522 2184 1573 2204 sua
1602 2176 1659 2205 loca
1690 2177 1792 2214 cuique
1819 2178 1944 2207 tribuens

1089 2221 1269 2258 dispositio»,
1291 2225 1323 2251 ut
1343 2222 1409 2251 dicit
1430 2223 1600 2260 Augustinus
1621 2223 1728 2252 decimo
1750 2233 1822 2253 nono
1843 2225 1876 2253 de
1901 2225 1944 2253 Ci-

1090 2268 1173 2297 vitate
1194 2268 1281 2298 Dei⁹:
1304 2269 1326 2298 si
1348 2277 1414 2307 ergo
1435 2270 1503 2298 ordo
1525 2272 1581 2305 est,
1604 2270 1678 2308 quod
1703 2279 1778 2300 unus
1806 2272 1943 2300 subdatur

1088 2316 1183 2350 alteri,
1205 2319 1232 2345 et
1254 2316 1297 2346 ius
1328 2320 1445 2346 naturae
1476 2317 1561 2346 dietat
1588 2318 1730 2353 ordinem;
1753 2319 1837 2348 dictat
1859 2327 1941 2356 ergO,

1068 2396 1069 2401 ¹
1087 2364 1163 2401 quod
1183 2372 1257 2393 unus
1278 2365 1357 2393 alteri
1379 2364 1477 2394 debeat
1498 2365 1605 2395 subiici.

1167 2412 1192 2440 5.
1217 2412 1298 2446 Item,
1320 2412 1364 2440 ius
1385 2415 1502 2441 naturae
1516 2412 1601 2441 dictat
1616 2422 1709 2450 pacem
1726 2413 1797 2442 inter
1811 2413 1942 2443 domesti-

1086 2466 1145 2493 cos3
1161 2458 1208 2487 sed
1230 2466 1285 2496 pax
1308 2459 1335 2487 in
1357 2459 1439 2487 domo
1460 2462 1502 2488 est
1529 2459 1680 2488 «ordinata
1701 2460 1853 2497 imperandi
1876 2461 1940 2489 obe—

1085 2614 1123 2637 uio
1142 2614 1234 2642 genuit,
1245 2614 1287 2637 sed
1304 2615 1420 2643 quaedam
1440 2615 1516 2637 innata
1534 2614 1569 2638 xis
1587 2614 1683 2642 insevit,
1695 2617 1720 2637 ut
1731 2615 1882 2643 religionem,
1894 2615 1940 2644 pie·

1085 2656 1167 2681 tatem,
1186 2654 1308 2682 gratiam...
1324 2653 1399 2683 pietas
1417 2654 1492 2684 [est]‚
1509 2661 1552 2683 per
1573 2661 1644 2684 quam
1669 2655 1784 2682 sanguine
1809 2655 1939 2677 coniunctis

1085 2694 1219 2722 patriaeque
1236 2693 1357 2716 benevolis
1374 2695 1476 2717 ona-ium
1494 2698 1516 2717 et
1538 2694 1637 2723 diligens
1660 2694 1767 2717 tribuitur
1792 2696 1875 2718 rultuS.
1893 2694 1939 2718 Cir.

1085 2732 1141 2756 ibid.
1158 2741 1178 2756 υ.
1195 2734 1237 2760 22,
1255 2736 1277 2756 et
1294 2733 1405 2762 August„
1423 2735 1451 2757 83
1470 2735 1513 2763 Qq.
1531 2741 1555 2763 q.
1573 2734 1610 2757 31.
1628 2741 1651 2757 n.
1673 2734 1692 2757 l.

1147 2771 1155 2784 ⁷
1175 2767 1233 2795 vtae
1250 2773 1318 2796 nom.
1335 2774 1361 2801 2,
1384 2774 1417 2796 12.
1435 2780 1497 2803 seq„
1515 2777 1537 2796 οι
1560 2775 1592 2797 ui.
1615 2775 1678 2797 scm.
1700 2774 1723 2797 a.
1741 2774 1779 2797 37.
1797 2781 1817 2796 a.
1839 2775 1857 2797 1.
1875 2782 1899 2803 q.
1917 2775 1938 2797 3.

1148 2811 1157 2824 ⁸
1176 2813 1242 2835 Vers.
1255 2813 1263 2835 >l
1275 2831 1279 2840 ,
1290 2812 1328 2835 ubi
1342 2814 1440 2841 Vulgata
1453 2814 1476 2836 iii
1490 2814 1589 2837 Domino
1599 2820 1694 2844 proper
1703 2814 1792 2837 omnia.
1801 2814 1850 2837 Col.
1860 2815 1886 2841 3,
1896 2815 1936 2836 20:

1084 2852 1130 2874 Filii
1139 2870 1144 2880 ‚
1156 2852 1249 2875 ‘obedite
1264 2852 1399 2880 parentibus
1411 2860 1452 2881 per
1464 2854 1551 2876 omnia.
1562 2866 1593 2871 --
1606 2854 1637 2876 l)e
1650 2853 1739 2876 minori
1749 2855 1790 2876 err.
1803 2854 1894 2880 lsi‹lor.,
1908 2853 1936 2875 Y.

1084 2892 1214 2919 l-Itymolog.
1231 2899 1251 2914 υ.
1270 2892 1289 2914 4.
1308 2898 1332 2914 n.
1354 2893 1371 2915 1.

1146 2929 1155 2942 ⁹
1173 2930 1230 2959 Cap.
1251 2932 1285 2954 13.
1302 2944 1333 2948 -
1350 2932 1392 2954 Pru
1410 2932 1499 2955 maiori
1520 2933 1560 2954 rsr.
1582 2932 1653 2954 verba
1677 2933 1787 2960 August„
1806 2932 1820 2953 l.
1838 2931 1866 2953 de
1884 2930 1933 2954 Lib.

1083 2968 1175 2994 Arb.'c.
1192 2971 1214 2993 6.
1231 2977 1254 2993 n.
1274 2971 1314 2999 45,
1333 2972 1390 2994 iufra
1408 2972 1429 2994 in
1448 2972 1562 3000 principio
1580 2978 1644 3000 corp.
1661 2975 1750 3001 quaest.
1768 2972 1872 2998 allegata.
