2285 3398
230 952 344 972 Notandum.

247 1095 304 1121 Pauci
318 1100 346 1113 sa-

253 1121 333 1142 pientes.

245 1989 272 2008 De
286 1989 348 2007 divino

227 2014 303 2055 speculo
316 2013 349 2031 du-

228 2037 302 2060 piciter
321 2042 349 2055 re-

229 2062 350 2084 praesentan-

230 2086 254 2102 te.

362 164 397 191 :26

439 242 480 269 18.
504 241 540 269 Λᾶ
562 241 629 270 illud
650 242 723 278 quod
745 242 889 276 obiicitur,
912 243 986 279 quod
1009 243 1069 271 illae
1085 243 1205 272 rationes

353 291 423 317 sunt
442 296 530 325 aeque
552 292 643 317 certae
665 292 793 325 respectu
817 290 1050 327 contingentium,
1073 290 1144 319 sieut
1166 298 1205 319 re-

359 339 454 373 spectu
476 336 711 369 necessariorum
727 336 886 371 dicendum,
902 337 976 374 quod
991 338 1036 366 illa
1052 337 1121 366 ratio
1136 338 1205 365 bene

358 383 547 416 concluderet,
571 383 592 411 si
615 383 734 412 rationes
766 384 827 412 illae
857 388 948 413 essent
976 388 1034 413 tota
1066 385 1143 412 ratio
1164 392 1206 412 co-

357 429 519 466 gnoscendi‚
544 433 571 458 et
603 430 673 458 siin
705 430 758 459 illis
791 431 930 460 videretur
963 432 1099 468 plenarie;
1132 439 1204 459 nunc

357 480 449 505 autem
471 485 525 505 non
547 480 588 506 est
609 477 646 505 sic
669 478 821 506 secundum
843 481 945 507 statum
968 478 1120 515 praesentis
1142 481 1206 506 tem-

358 523 446 560 poris,
469 524 534 560 quia
554 532 618 552 cum
640 524 692 553 illis
714 525 867 561 indigemus
898 525 1125 553 similitudinibus
1146 533 1206 561 pro-

360 571 427 607 priis
448 574 474 599 et
496 579 590 600 rerum
614 572 755 608 principiis
775 572 956 601 determinate
977 572 1112 609 acceptis,
1135 580 1206 609 quae

357 617 466 654 quidem
489 626 543 645 non
559 618 738 654 reperiuntur
753 618 779 646 in
795 618 1032 655 contingentibus,
1055 618 1205 657 sedsolurn

357 663 383 691 in
405 664 567 692 necessariis
580 663 596 691 ¹.

439 711 481 745 19.
505 710 541 739 Ad
563 710 630 739 illud
652 712 726 748 quod
747 712 893 745 obiicitur,
916 712 1012 749 quodsi
1043 713 1069 740 in
1092 712 1144 741 illis
1166 721 1206 741 ra—

357 757 478 786 tionibus
499 759 703 795 cognoscimus,
726 759 800 796 quod
821 760 909 788 omnis
930 768 1097 796 cognoscens
1111 763 1152 789 est
1167 768 1206 788 sa-

358 805 448 841 piens:
471 805 632 837 dicendum.
655 806 727 843 quod
750 815 803 835 non
825 808 965 844 sequitur,
984 808 1050 844 quia
1070 808 1206 844 attingere

360 852 479 881 rationes
500 853 559 891 illas
582 862 633 881 non
663 853 726 881 facit
757 854 921 890 sapientem,
944 854 994 882 nisi
1016 854 1079 891 quis
1107 854 1133 882 in
1166 854 1206 882 eis

360 899 483 935 quiescat
504 903 531 928 et
552 900 634 933 sciat,
656 909 684 929 se
716 901 775 929 illas
806 901 956 938 attingere,
989 902 1063 938 quod
1095 899 1206 938 quidem

359 950 462 983 spectat
483 947 516 975 ad
539 948 697 983 sapientem.
721 948 879 976 Huiusmodi
901 949 973 977 enim
995 949 1116 977 rationes
1129 948 1207 976 attin-

358 996 463 1029 guntur
483 994 518 1021 ab
549 994 733 1023 intellectibus
764 995 917 1023 scientium
939 999 969 1024 ut
990 995 1138 1027 (baeticae,
1160 994 1206 1023 sed

359 1040 393 1068 ab
415 1040 598 1069 intellectibus
618 1041 796 1078 sapientium
817 1045 848 1070 ut
871 1042 1035 1070 reductivae
1057 1045 1083 1071 et
1105 1042 1208 1079 quieta-

361 1088 439 1116 tivae.
464 1088 493 1116 Et
515 1089 581 1125 quia
603 1089 681 1125 pauci
705 1092 781 1123 sunt,
802 1090 848 1126 qui
872 1090 923 1118 isto
945 1090 1025 1118 modo
1047 1090 1106 1118 illas
1128 1090 1207 1118 attin—

358 1139 438 1171 gant,
460 1135 520 1164 ideo
542 1136 620 1172 pauci
643 1139 707 1164 sunt
729 1137 885 1173 sapientes,
904 1137 964 1166 licet
979 1137 1058 1166 multi
1074 1138 1207 1170 scientes,-

360 1183 437 1219 pauci
459 1183 569 1220 quidem
592 1186 672 1216 sunt,
695 1184 741 1220 qui
766 1184 824 1212 illas
846 1184 965 1213 rationes
986 1185 1072 1212 sciant
1087 1192 1115 1213 se
1129 1185 1207 1216 attin-

359 1238 442 1266 gere3
465 1230 548 1258 imnio
569 1230 642 1266 quod
669 1231 731 1266 plus
759 1235 815 1263 est,
837 1231 915 1267 pauci
949 1234 1026 1264 sunt,
1049 1231 1095 1267 qui
1123 1231 1207 1259 velint

361 1277 412 1304 boc
433 1276 561 1309 credere,
584 1277 650 1313 quia
670 1277 779 1305 difficile
802 1277 911 1305 videtur
940 1277 1088 1305 intellectui
1111 1277 1145 1305 ad
1166 1285 1207 1305 ae-

362 1328 439 1352 terna
459 1323 668 1360 contemplanda
689 1323 810 1352 nondum
826 1324 943 1357 elevato,
960 1324 1033 1361 quod
1048 1325 1085 1352 ilfi
1109 1324 1207 1353 babeat

362 1371 448 1399 Deum
471 1370 643 1407 praesentem
664 1374 691 1399 et
714 1371 914 1407 propinquum,
937 1379 1000 1399 cum
1024 1375 1113 1400 tamen
1135 1371 1207 1399 dicat

362 1418 461 1446 Paulus
482 1418 598 1446 Actuum
620 1418 725 1446 decimo
740 1418 855 1455 septimo
868 1419 887 1452 ²,
902 1419 979 1456 quod
993 1428 1051 1447 non
1066 1419 1146 1456 lo'nye
1168 1422 1206 1447 est

360 1464 397 1493 ab
419 1473 590 1503 unoquoque
613 1468 751 1493 nostrum.

440 1513 484 1540 20.
508 1512 543 1539 Ad
576 1512 641 1540 illud
674 1512 747 1549 quod
768 1513 897 1542 obiicitur
918 1513 952 1542 de
983 1514 1137 1550 cognitione
1163 1522 1207 1550 pa*

361 1559 443 1592 triae,
466 1559 518 1587 iam
541 1562 614 1595 patet
636 1560 793 1596 responsio,
815 1560 881 1597 quia
903 1568 1000 1596 magna
1021 1563 1062 1588 est
1083 1560 1208 1589 differen-

360 1607 397 1634 tia
418 1606 488 1634 inter
515 1606 714 1643 cognitionem,
737 1615 808 1643 quae
834 1610 875 1635 est
896 1616 929 1635 em
948 1611 1034 1644 parte
1061 1610 1088 1636 et
1110 1608 1141 1635 z‘n
1161 1617 1208 1636 ae-

362 1654 505 1691 nz'ymate,
533 1653 567 1681 ad
588 1661 664 1685 eam,
693 1661 764 1689 quae
785 1656 827 1682 est
845 1652 991 1690 perfhece³
1012 1657 1039 1682 et
1060 1654 1207 1688 distincte,

361 1702 391 1728 ut
412 1708 498 1737 supra
519 1703 622 1728 tactum
644 1703 693 1728 est.

438 1749 484 1776 ⁴21.
507 1747 544 1776 Ad
566 1747 632 1775 illud
655 1748 728 1784 quod
750 1748 889 1782 obiicitur,
911 1749 984 1786 quod
1007 1749 1151 1785 speculum
1167 1757 1209 1778 ae-

361 1797 504 1823 ternarum
526 1794 663 1822 rationum
686 1798 727 1823 est
748 1795 936 1823 voluntarium
958 1799 1023 1838 61ςρ
1045 1796 1209 1830 dicendum,

361 1842 449 1879 qnod,
481 1842 551 1870 sicut
581 1842 647 1870 dicit
679 1842 822 1878 Apostolus
853 1842 887 1870 ad
919 1843 1053 1871 Romanos
1085 1844 1174 1879 primo
1189 1844 1210 1876 4,

362 1889 438 1927 quod
460 1893 558 1917 notum
579 1892 620 1916 est
643 1889 694 1917 Dez‘
720 1888 911 1925 'manifestum
933 1893 973 1917 est
998 1890 1030 1917 in
1051 1890 1125 1918 iltis.-
1150 1891 1211 1919 licet

364 1936 435 1963 Deus
451 1936 485 1963 sit
499 1936 616 1971 simplex
639 1939 665 1963 et
681 1935 840 1968 uniformis,
861 1938 950 1964 tamen
967 1936 1016 1964 lux
1039 1936 1085 1965 illa
1099 1939 1211 1965 aeterna

362 1985 388 2010 et
409 1982 552 2018 exemplar
575 1982 640 2009 illud
663 1982 797 2018 quaedam
828 1986 1015 2019 repraesentat
1037 1984 1114 2020 quasi
1141 1988 1211 2012 erte-

363 2028 429 2057 rc'uss
449 2032 476 2056 et
497 2032 610 2065 aperte,
639 2029 773 2065 quaedam
803 2037 868 2057 vero
896 2030 982 2066 magis
1008 2030 1211 2067 profunde-et

365 2076 477 2105 occulte.
501 2076 591 2104 Prima
618 2080 694 2109 sunt,
717 2085 788 2113 quae
817 2078 887 2105 liunt
909 2078 1061 2111 secundum
1091 2086 1212 2107 necessa-

365 2123 434 2151 riam
455 2122 655 2151 ordinationem
676 2123 743 2151 artis
764 2123 887 2157 divinae;
907 2124 1028 2152 secunda
1050 2133 1115 2153 vero
1130 2129 1211 2159 sunt,

365 2178 435 2207 quae
456 2170 527 2198 fiunt
549 2170 701 2198 secundum
722 2170 927 2206 dispositionem
953 2172 1212 2201 voluntatisoccul-

366 2220 415 2245 tae.
432 2217 463 2244 Et
484 2216 557 2253 quod
572 2216 673 2244 dicitur
695 2217 838 2253 speculum
855 2217 1069 2251 volzmm‘tmsstmn,
1092 2219 1142 2247 boc
1159 2227 1211 2247 non

365 2266 406 2292 est
434 2265 561 2299 respectu
593 2263 814 2299 exemplatorum
846 2264 935 2299 primo
965 2265 1064 2298 modo,
1096 2266 1142 2294 sed
1171 2274 1213 2294 se—

366 2310 470 2343 cundm
493 2313 519 2339 et
548 2310 608 2338 ideo
636 2310 662 2338 in
686 2310 838 2339 rationibus
866 2312 985 2340 aeternis
1013 2313 1150 2341 naturalia
1172 2321 1214 2341 co-

366 2361 538 2394 gnoscuntur
559 2357 676 2386 naturali
700 2357 862 2385 iudicatorio
883 2358 1028 2392 rationis-³,
1051 2363 1215 2395 supernatu-

367 2406 433 2435 ralia
455 2414 520 2434 vero
541 2409 568 2434 et
589 2405 684 2433 sutura
710 2413 763 2433 non
796 2405 846 2433 nisi
868 2405 940 2433 dono
968 2406 1142 2435 revelationis
1171 2415 1214 2435 su-

1006 165 1230 201 QUAEsrloNEs
1253 166 1421 195 Dlsl’UTaTs
1438 168 1451 193 ’ὗ

1262 252 1377 280 pernae;
1410 249 1435 273 et
1468 245 1528 273 ideo
1559 245 1604 274 illa
1635 246 1704 274 ratio
1729 255 1782 274 non
1815 250 1950 283 repugnat
1982 248 2107 284 positioni

1264 292 1436 328 praemissae.

1341 340 1386 367 ⁹22.
1410 339 1446 367 Ad
1469 339 1535 367 illud
1557 339 1630 376 quod
1652 339 1794 372 obiicitur,
1816 340 1890 376 quod
1912 340 2046 377 quidquid
2068 349 2111 369 co-

1263 385 1404 421 gnoscitur
1426 386 1452 414 in
1476 386 1544 419 illis,
1566 389 1615 414 aut
1635 395 1703 414 cum
1725 386 1874 420 velamine,
1889 390 1937 415 aut
1957 387 2019 415 sine
2040 387 2110 415 vela-

1264 432 1350 465 mine;
1373 433 1531 472 dicendum,
1551 433 1624 470 quod
1646 433 1672 461 in
1688 436 1761 462 statu
1783 433 1843 461 viae
1858 442 1911 461 non
1934 434 2108 470 cognoscitur
2123 440 2235 459 Notandum.

1264 479 1291 507 in
1319 480 1472 509 rationibus
1500 481 1552 509 illis
1580 481 1699 509 aeternis
1723 481 1785 509 sine
1812 481 1953 509 velamine
1978 485 2003 509 et
2030 481 2110 509 aeni-

1262 530 1359 563 9mate
1380 530 1493 563 propter
1514 527 1621 556 divinae.
1643 527 1769 564 imaginis
1788 528 2011 556 obscurationem
2026 528 2045 555 ἢ.
2070 527 2109 555 Ex

1265 574 1316 602 hoc
1338 578 1427 602 tamen
1450 583 1503 603 non
1525 575 1665 612 sequitur,
1687 575 1761 611 quod
1783 575 1852 603 nihil
1881 575 2111 604 certitudinaliter

1263 624 1445 657 cognoscatur
1466 625 1493 649 et
1513 623 1602 656 clare,
1625 631 1675 659 pro
1696 630 1728 651 eo
1750 622 1824 659 quod
1846 622 1980 659 principia
2000 625 2111 656 creata,

1263 674 1335 704 quae
1355 668 1448 704 aliquo
1469 669 1549 697 modo
1569 672 1634 698 sunt
1654 669 1744 698 media
1762 669 1957 706 cognoscendi,
1980 669 2043 698 licet
2057 677 2111 698 non

1263 714 1322 743 sine
1343 714 1396 743 illis
1421 715 1586 749 rationibus,
1613 719 1728 753 possunt
1749 716 1894 752 perspicue
1916 719 1942 744 et
1964 716 2021 745 sine
2043 716 2112 744 vela-

1263 761 1337 790 mine
1357 770 1373 789 a
1394 765 1488 790 nostra
1509 766 1600 791 mente
1620 763 1715 792 videri.
1737 780 1772 783 ——
1795 763 1820 791 Si
1843 766 1933 791 tamen
1955 763 2110 797 diceretur,
2124 768 2192 787 Amer-

1264 808 1337 844 quod
1359 809 1427 837 nibil
1443 809 1469 837 in
1486 809 1536 837 bac
1551 809 1607 838 vita
1621 810 1707 839 scitur
1726 810 1874 847 plenarie,
1897 818 1950 838 non
1965 813 2037 838 esset
2057 817 2112 838 ma-

1265 864 1350 892 gnum
1372 856 1575 885 inconveniens.
2284 883 2285 886 ,

1344 903 1389 931 23.
1413 903 1458 931 024.
1481 904 1526 931 25.
1550 904 1595 931 26.
1618 903 1655 931 Ad
1677 904 1745 932 illud
1766 904 1840 940 quod
1861 904 1990 933 obiicitur
2016 906 2113 932 contra
2122 908 2254 951 Ratiscfflfflg:

1265 950 1385 978 rationes
1407 950 1562 986 Augustini,
1584 950 1681 986 quodsi
1704 951 1806 979 veritas
1827 951 2057 980 incommutabilis
2071 954 2113 980 est
2137 937 2261 992 {gn-fiuntur.-

1265 998 1351 1031 Deus,
1374 997 1446 1034 quod
1466 1000 1532 1026 tunc
1553 998 1655 1026 veritas
1670 998 1796 1034 principii
1819 998 2026 1027 demonstrativi
2042 1001 2113 1027 esset

1266 1044 1353 1077 Deus,
1376 1047 1402 1072 et
1423 1044 1496 1081 quod
1511 1051 1606 1072 omues
1622 1044 1751 1073 veritates
1765 1047 1856 1074 essent
1878 1053 1978 1077 unum,
1998 1048 2025 1073 et
2039 1044 2114 1081 quod

1264 1091 1397 1119 deberent
1417 1090 1542 1124 adorari,
1564 1094 1591 1119 et
1612 1091 1686 1128 quod
1701 1091 1847 1120 daemones
1868 1091 1994 1120 viderent
2008 1092 2112 1124 Deum3

1264 1138 1298 1166 ad
1321 1138 1387 1166 liaeo
1409 1138 1500 1166 onmia
1521 1137 1684 1171 dicendum,
1700 1138 1773 1175 quod
1790 1139 1891 1167 veritas
1905 1138 2114 1167 incommutabi-

1266 1185 1298 1214 lis
1318 1185 1420 1213 dicitur
1442 1185 1603 1221 dupliciter,
1626 1185 1729 1214 scilicet
1749 1185 1920 1223 simpliciter
1941 1189 1968 1214 et
1989 1194 2023 1214 ex
2048 1190 2231 1222 sup-Distinctio·

1264 1232 1412 1268 positione.
1435 1232 1503 1259 Cum
1525 1235 1617 1260 autem
1643 1232 1760 1265 dicitur,
1788 1233 1861 1269 quod
1892 1234 1993 1261 veritas
2014 1233 2114 1261 incom-

1266 1278 1407 1306 mutabilis
1428 1282 1469 1306 est
1490 1287 1574 1314 supra
1599 1282 1718 1307 mentem
1747 1282 1774 1307 et
1795 1279 1884 1312 Deus,
1914 1280 1965 1307 boc
1987 1279 2114 1316 intelligi-

1266 1328 1312 1365 tur
1327 1325 1361 1353 de
1383 1325 1513 1358 veritate,
1535 1322 1606 1362 quae
1627 1328 1668 1353 est
1690 1325 1922 1354 incommutabilis
1936 1325 2113 1362 simpliciter.

1267 1373 1335 1401 Cum
1357 1376 1449 1401 autem
1471 1372 1572 1400 dicitur
1597 1372 1630 1400 de
1657 1372 1771 1400 veritate
1793 1372 1919 1408 principii
1948 1372 2116 1401 demonstra-

1266 1420 1329 1451 tivi,
1352 1420 1426 1457 quod
1447 1423 1488 1448 est
1510 1419 1756 1451 incommutabilis;
1785 1419 1806 1448 si
1836 1419 1935 1450 veritas
1965 1419 2008 1447 illa
2032 1419 2115 1447 nomi-

1265 1470 1312 1495 nat
1333 1467 1398 1504 quid
1421 1470 1560 1500 creatum,
1583 1469 1701 1499 constat,
1723 1466 1796 1503 quod
1813 1474 1866 1494 non
1882 1469 1923 1494 est
1939 1466 2117 1503 incommuta—

1266 1515 1327 1543 bilis
1348 1514 1532 1551 simpliciter,
1561 1514 1608 1542 sed
1629 1523 1663 1542 ez
1690 1513 1905 1550 sapposz‘ctmw,
1935 1514 1999 1550 quia
2027 1513 2116 1541 omnis

1266 1565 1395 1590 creatura
1417 1561 1511 1597 incipit
1538 1570 1554 1589 a
1577 1569 1705 1589 iton-esse
1733 1564 1760 1589 et
1781 1564 1822 1589 est
1852 1560 1985 1589 vertibilis
2000 1560 2026 1588 in
2051 1569 2117 1588 non-

1266 1617 1331 1636 esse.
1349 1624 1385 1628 —-
1407 1608 1436 1636 Et
1456 1608 1484 1635 st*
1504 1608 1679 1640 obiiciatur,
1701 1607 1774 1644 quod
1797 1607 1842 1635 illa
1870 1607 1972 1636 veritas
1993 1610 2035 1636 est
2056 1607 2117 1636 sim-

1267 1655 1374 1692 pliciter
1396 1658 1469 1683 certa
1500 1655 1549 1691 ipsi
1574 1655 1680 1683 animae
1704 1663 1751 1690 per
1773 1663 1801 1683 se
1830 1655 1931 1691 ipsam3
1953 1654 2116 1688 dicendum,

1261 1697 1340 1739 'quod
1373 1702 1434 1730 licet
1465 1702 1631 1738 principium
1667 1702 1932 1735 demonstrativum,
1965 1701 2116 1730 secundum

1267 1749 1341 1786 quod
1362 1749 1427 1777 dicit
1448 1748 1515 1785 quid
1530 1748 1727 1785 completum,
1750 1748 1784 1776 sit
1799 1751 1938 1782 creatum3
1962 1749 2062 1777 veritas
2081 1751 2118 1775 ta·
2131 1753 2246 1796 Mgdfiioeffl-

1266 1804 1329 1825 rnen
1352 1796 1503 1832 significata
1526 1804 1574 1832 per
1596 1796 1662 1824 illud
1685 1799 1774 1832 potest
1788 1795 1936 1832 significari
1958 1796 2001 1824 vel
2023 1803 2118 1824 secun·
2134 1783 2164 1801 ε’
2236 1791 2241 1795 ”

1268 1842 1335 1870 ‹luin
1357 1843 1430 1879 quod
1453 1846 1493 1871 est
1516 1843 1541 1871 in
1563 1843 1706 1876 mitem-m,
1730 1843 1770 1871 vel
1794 1843 1946 1871 secundum
1975 1843 2049 1879 quod
2076 1844 2117 1871 est

1269 1890 1296 1917 in
1319 1890 1438 1923 waima,
1462 1890 1503 1925 vel
1525 1890 1678 1923 secundum
1691 1890 1773 1926 -quod
1795 1893 1836 1918 est
1857 1890 1883 1917 in
1906 1893 1969 1918 arte
1997 1889 2116 1923 divina,

1270 1936 1312 1964 vel
1334 1940 1408 1964 certe
1430 1937 1564 1965 omnz'bus
1587 1937 1738 1965 liis‘modis
1759 1937 1848 1964 simul.
1874 1937 1980 1965 Veritas
2001 1936 2074 1965 enim
2091 1936 2116 1964 in

1270 1984 1347 2019 signo
1369 1983 1500 2011 exteriori
1525 1983 1632 2019 sigimm
1655 1988 1696 2011 est
1719 1984 1856 2017 veritatis,
1879 1992 1949 2020 (piae
1971 1986 2011 2011 est
2037 1982 2119 2020 apud

1270 2031 1419 2063 (itionum,
1435 2030 1500 2066 quia
1526 2041 1537 2053 α
1552 2023 1630 2057 voces
1646 2034 1710 2058 sunt
1732 2034 1811 2059 nolae
1826 2038 1922 2059 earum
1947 2030 2117 2066 passionum,

1271 2087 1341 2114 quae.
1357 2081 1422 2106 sunt
1437 2077 1462 2105 in
1479 2077 1570 2104 anima
1582 2077 1590 2092 ⁷
1607 2088 1637 2107 »2
1654 2077 1744 2105 anima
1759 2081 1850 2106 autem
1866 2077 2019 2106 secundum
2035 2085 2118 2105 suum

1271 2133 1433 2162 supremum
1450 2124 1531 2152 lizibet
1548 2127 1703 2159 respectum
1715 2124 1748 2151 :id
1760 2124 1918 2160 superiora,
1935 2124 2006 2152 sicut
2021 2124 2119 2152 secun-

1271 2172 1336 2199 dum
1353 2180 1435 2200 suum
1449 2170 1562 2199 inferius
1577 2170 1610 2198 ad
1627 2170 1692 2198 llaec
1710 2170 1854 2203 interiora,
1869 2177 1932 2198 cum
1949 2170 1983 2198 sit
1998 2169 2119 2198 medium

1272 2219 1342 2247 inter
1364 2227 1409 2247 res
1430 2221 1536 2246 creatas
1557 2221 1584 2246 et
1607 2217 1708 2249 Deum;
1730 2220 1756 2244 et
1779 2216 1838 2244 ideo
1861 2217 1961 2244 veritas
1983 2217 2009 2244 in
2029 2216 2120 2244 anima
2133 2225 2248 2245 Notandum.

1273 2266 1355 2294 habet
1377 2270 1533 2302 respectum
1555 2265 1589 2293 ad
1611 2264 1683 2292 illam
1706 2263 1843 2300 duplicem
1866 2263 2026 2296 veritatem,
2048 2263 2119 2291 sicut

1272 2313 1391 2341 medium
1414 2313 1447 2340 ad
1469 2313 1523 2340 duo
1545 2316 1686 2345 extrema,
1709 2312 1745 2339 ita
1762 2310 1835 2347 quod
1857 2311 1892 2339 ab
1907 2310 2029 2339 inferiori
2053 2310 2120 2338 reci·
2132 2321 2205 2347 Duplex
2220 2325 2262 2340 ceſs

1272 2360 1310 2396 pit
1332 2359 1525 2388 certitudinem
1546 2360 1704 2387 seeundum
1734 2358 1822 2397 quid,
1844 2368 1860 2385 a
1888 2358 2023 2395 superiori
2054 2365 2120 2386 vero
2158 2344 2224 2363 ’παῦ’

1272 2407 1368 2443 recipit
1389 2406 1582 2435 certitudinem
1610 2406 1786 2443 simpliciter.
1814 2405 1845 2434 Et
1874 2405 1933 2434 ideo
1962 2404 2119 2433 huiusmodi

368 2604 492 2632 explicatur
509 2610 521 2626 a
539 2605 562 2625 S.
580 2604 668 2626 Thomu
688 2604 710 2625 S.
727 2605 741 2625 l.
759 2611 781 2632 q.
800 2604 836 2626 56.
854 2611 875 2626 a.
893 2605 914 2626 3.
932 2605 976 2626 Res
999 2605 1122 2627 illustratur
1140 2611 1214 2626 exem-

366 2644 419 2671 plo,
436 2644 500 2672 quod
518 2644 582 2665 affert
598 2643 634 2665 Fr.
651 2643 798 2669 Eustacliius,
811 2643 937 2671 discipulus
950 2644 972 2666 S.
984 2644 1160 2666 Bonavcnturae
1173 2643 1215 2671 (De

369 2684 437 2706 Hum.
454 2682 596 2711 Cognitionis
613 2682 701 2704 ratione
719 2688 773 2709 pag.
793 2682 843 2703 186.
865 2682 929 2711 187);
942 2684 983 2705 Per
1002 2684 1055 2706 istas
1073 2684 1165 2711 regulas
1177 2684 1214 2705 vel

370 2723 526 2745 irradiationes
552 2722 634 2744 mentis
660 2721 782 2743 directivas
808 2721 892 2743 iudicat
917 2728 982 2744 mens
1008 2723 1037 2744 de
1054 2722 1175 2749 omnibus,
1194 2724 1216 2744 ct

370 2766 444 2784 tamen
458 2768 501 2784 non
515 2762 578 2783 videt
591 2761 650 2783 illam
664 2761 783 2783 veritatem
797 2761 933 2786 increatam,
951 2762 1016 2783 cuius,
1029 2765 1082 2784 sunt
1093 2767 1215 2790 expressae

369 2801 541 2827 similitudines;
559 2801 617 2822 sicut
634 2800 703 2822 video
722 2800 802 2822 faeiem
821 2800 920 2821 hominis
933 2800 953 2821 in
966 2801 1072 2828 speculo,
1085 2807 1156 2829 quam
1170 2807 1215 2823 non

356 2840 438 2862 'video
456 2840 588 2862 immediate
605 2843 764 2867 praesentem,
776 2839 830 2868 quia
843 2842 877 2861 cst
888 2842 948 2861 retro
961 2845 1010 2866 mc,
1028 2840 1061 2862 sic
1079 2841 1132 2862 istas
1150 2846 1216 2868 regu-

369 2880 401 2901 las
419 2885 484 2901 mens
500 2879 565 2901 noxit
582 2879 602 2901 in
621 2885 645 2901 se
663 2879 711 2907 ipsa
729 2882 751 2901 et
768 2882 841 2901 cetera
855 2878 918 2900 novit
930 2884 971 2906 per
989 2878 1062 2906 ipsas,
1081 2885 1122 2901 nec
1139 2882 1215 2901 tamen

370 2919 443 2941 Deum
468 2918 531 2940 videt
556 2918 687 2940 immediate
712 2920 753 2940 etc.
779 2930 809 2934 —
835 2918 937 2940 Vocibus
963 2919 1097 2947 competunt
1121 2917 1215 2948 speculo

370 2958 386 2981 C
396 2959 438 2980 DF
448 2958 466 2980 G
476 2958 493 2980 11
512 2958 648 2980 interserunt
666 2957 717 2987 ipsi.

1334 2604 1340 2616 ¹
1361 2605 1418 2626 Vide
1437 2604 1535 2630 Aristol„
1554 2604 1568 2625 l.
1586 2604 1672 2626 Foster.
1689 2609 1710 2626 c.
1727 2604 1748 2625 6.
1765 2609 1831 2632 seqq.
1849 2604 1870 2624 et
1895 2601 1932 2624 24.
1951 2601 1980 2629 (e.
1998 2601 2035 2623 30.
2052 2600 2121 2628 seq).

1270 2656 1301 2660 —-
1318 2643 1334 2666 C
1344 2644 1358 2665 F
1376 2643 1439 2673 quod
1456 2642 1551 2672 quidem
1568 2648 1616 2665 non
1633 2638 1752 2671 reperz‘tur
1769 2641 1816 2663 in...
1833 2638 1980 2663 necessariis.

1334 2682 1342 2694 ²
1362 2683 1427 2705 Vers.
1445 2682 1482 2704 27.

1335 2720 1343 2732 ³
1362 2723 1391 2743 lta
1410 2723 1492 2749 ΑΒΕ,
1510 2722 1545 2743 alii
1562 2719 1678 2750 plenarie.

1334 2760 1342 2772 '¹
1361 2762 1426 2783 Vers.
1447 2762 1480 2783 19.
1497 2773 1529 2778 —
1546 2761 1640 2785 Inferius
1658 2765 1700 2787 pro
1718 2757 1905 2788 dispositionem,
1924 2757 1989 2785 quod
2007 2756 2120 2785 praebent

1273 2800 1290 2822 Α
1300 2801 1317 2822 Β
1327 2801 1354 2827 Ε,
1373 2801 1408 2822 alii
1427 2800 1632 2830 diffamationem.

1336 2839 1344 2851 ⁵
1361 2840 1407 2862 Csr.
1426 2844 1480 2863 tom.
1499 2842 1521 2863 ll.
1540 2846 1593 2868 pag.
1612 2839 1669 2865 901,
1688 2840 1740 2860 nota
1757 2838 1779 2859 2.

1335 2877 1344 2890 ⁶
1362 2879 1420 2901 Vide
1439 2880 1461 2901 ll.
1480 2880 1541 2901 Sent.
1559 2879 1582 2901 (1.
1600 2879 1637 2900 23.
1655 2884 1675 2899 a.
1693 2878 1715 2899 2.
1732 2882 1755 2905 q.
1773 2876 1795 2899 3.

1336 2916 1344 2928 ⁷
1363 2918 1460 2945 Aristot„
1479 2919 1493 2940 l.
1511 2918 1635 2940 periherm.
1652 2923 1672 2939 c.
1694 2916 1712 2938 l.
