2285 3398
320 104 356 133 0'8
706 83 709 86 -
969 102 1192 139 QUAESTIONES
1213 102 1412 131 DISPUTATAE

317 191 353 211 ex
374 182 427 211 illis
447 181 639 215 constituitur,
661 189 724 209 cum
737 180 745 195 ¹
771 180 896 209 redditur
923 180 1105 217 compositum
1132 183 1160 209 et

317 229 408 257 minus
428 236 530 261 unum,
552 235 635 264 quam
657 227 679 256 si
700 227 727 255 in
749 226 877 263 pluribus
897 226 1046 263 suppositis
1065 227 1159 263 plures

317 278 432 304 naturae
453 274 659 312 reperirentur,
681 273 752 302 sicut
773 276 847 310 patet
867 273 895 302 in
916 276 1017 302 natura
1037 273 1159 310 angelica

189 329 303 348 Notandum.
317 326 344 352 et
364 323 498 355 humana;
520 323 548 350 et
568 320 644 354 ideo,
665 320 731 357 quia
751 328 859 349 summa
879 323 920 349 est
941 320 968 348 in
983 320 1040 349 Deo
1054 320 1159 353 unitas,

316 370 376 398 ideo
397 368 521 398 nobiliori
543 371 571 396 et
591 365 779 396 excellentiori
801 367 881 395 modo
902 367 1014 404 ponitur
1029 374 1078 403 per
1094 366 1158 400 hoc,

316 416 389 453 quod
410 415 522 452 ponitur
542 422 598 443 una
618 416 719 442 natura
739 414 767 443 in
787 414 916 451 pluribus
937 413 1087 450 suppositis
1104 421 1159 441 non

316 461 510 498 multiplicata,
529 469 612 498 quam
634 460 655 489 si
677 463 828 497 poneretur
852 469 908 489 una
932 463 1032 488 natura
1053 460 1080 488 in
1105 467 1160 487 una

314 517 439 546 persona.
459 534 464 538 .
751 506 754 509 “
1046 529 1048 531 ,

395 557 437 584 19.
460 556 497 584 Ad
519 555 587 584 illud
601 556 675 593 quod
689 549 834 589 obiicitur,
849 554 923 591 quod
938 553 1073 591 quidquid
1086 553 1161 581 Deus

316 602 398 631 habet
418 602 501 631 habet
522 611 538 631 a
559 610 603 636 se;
624 602 787 635 dicendum,
802 600 877 638 quod
897 608 996 629 verum
1017 602 1071 633 est,
1095 598 1161 636 quia

313 648 405 677 divina
424 648 543 678 essentia
562 656 579 677 3
599 649 676 677 nulla
695 648 748 676 alia
768 647 857 684 potest
871 646 1047 683 principiari3
1063 645 1110 674 sed
1124 653 1161 674 ex

1217 181 1268 209 hoc
1289 189 1343 209 non
1365 180 1504 217 sequitur,
1526 179 1600 216 quod
1621 179 1756 216 quidquId
1776 187 1893 216 persona
1908 180 1990 208 habet
2011 181 2061 209 ha-

1216 227 1279 256 beat
1299 236 1315 255 a
1336 235 1364 256 se
1373 238 1379 261 ;
1402 226 1474 255 unde
1507 226 1578 255 sicut
1606 234 1661 254 non
1693 226 1836 263 sequitur:
1858 226 1975 254 essentia
2005 235 2060 255 non

1216 273 1395 310 producitur,
1417 281 1483 310 ergo
1513 280 1631 310 persona
1661 281 1715 301 non
1746 272 1925 309 producitur3
1947 272 1985 301 sic
2011 281 2061 302 nec

1215 320 1355 356 praedicta
1376 320 1446 348 ratio
1466 319 1613 349 concludit,

1295 367 1340 394 20.
1362 367 1400 395 Ad
1420 367 1487 395 illud
1502 366 1575 403 quod
1590 365 1719 394 obiicitur
1730 388 1737 399 ,
1752 365 1826 402 quod
1841 365 1888 394 ubi
1903 365 2061 402 pluralitas,

1216 413 1252 441 ibi
1274 412 1434 447 diversitas;
1456 413 1619 447 dicendum,
1641 412 1731 450 quod,
1751 412 1823 441 sicut
1842 415 1917 449 patet
1931 420 1967 441 ex
1982 420 2062 449 prae-

1216 459 1311 493 dictis,
1326 460 1470 496 pluralitas
1491 460 1537 488 illa
1551 460 1663 497 proprie
1677 467 1732 488 non
1747 459 1852 487 inducit
1865 458 2062 493 diversitatem,

1217 513 1288 542 quae
1309 506 1460 534 attenditur
1491 506 1644 535 secundum
1674 506 1807 539 sormam,
1833 505 2015 540 substantiam
2035 508 2062 534 et

1217 555 1360 585 naturam;
1382 555 1408 580 et
1429 552 1489 581 ideo
1517 553 1586 581 nihil
1618 552 1747 581 diminuit
1773 551 1807 580 de
1828 559 1937 580 summa
1957 552 2062 581 unitate

1217 601 1244 627 et
1265 598 1421 632 identitate,
1442 607 1513 635 quae
1534 599 1657 628 consistit
1678 599 1705 627 in
1728 599 1795 633 hoc,
1817 597 1891 635 quod
1923 600 1979 626 tres
2000 606 2070 636 per-¹

1218 653 1300 674 sonae
1322 653 1458 673 summam
1479 645 1581 674 habent
1596 646 1729 675 unitatem
1744 645 1877 674 essentiae
1891 652 1922 673 ac
1937 647 2062 673 naturae.

1010 790 1273 832 QUAESTIO
1305 792 1370 825 ΙΙΙ.

774 912 878 940 Utrum
898 911 989 940 simul
1009 914 1081 939 slent
1102 910 1220 939 trinitas
1241 914 1266 941 et
1285 919 1403 939 summa
1424 910 1606 948 simplicitas.

392 1061 599 1100 Consequenter
621 1059 779 1097 quaeritur,
794 1062 890 1088 utrum
913 1059 996 1088 simul
1017 1061 1089 1087 stent
1110 1058 1159 1086 tri-

316 1109 386 1138 nitas
410 1110 437 1138 et
457 1116 566 1144 summa
586 1107 759 1144 simplicitas3
786 1109 813 1135 et
833 1106 905 1135 circa
937 1106 989 1134 hoc
1019 1112 1159 1142 quaerun-

315 1159 362 1184 tur
382 1155 445 1184 duo.

1268 1057 1389 1086 Primum
1401 1060 1450 1091 est,
1462 1059 1558 1085 utrum
1569 1056 1694 1085 divinum
1706 1065 1764 1085 esse
1775 1057 1810 1086 sit
1821 1056 2062 1093 simplicissimum.

1270 1104 1409 1138 Secundo,
1439 1107 1535 1132 utrum
1565 1103 1647 1132 simul
1675 1106 1748 1132 stent
1768 1103 1876 1132 trinitas
1903 1106 1930 1132 et
1957 1111 2066 1132 summa

1218 1151 1385 1187 simplicitas.

1082 1285 1262 1314 auricomis
1284 1273 1300 1312 i.

855 1385 959 1413 Utrum
981 1384 1114 1413 divinum
1136 1391 1195 1412 esse
1216 1383 1253 1412 Sit
1273 1383 1531 1420 simplieissimmn.

393 1524 471 1552 Circa
492 1522 614 1560 primum
632 1521 674 1550 sic
688 1519 849 1558 proceditur
863 1522 890 1548 et
904 1518 1072 1552 ostenditur,
1087 1517 1162 1555 quod

317 1571 441 1600 divinum
463 1578 521 1599 esse
541 1569 576 1598 sit
597 1567 840 1605 simplicissimum.

398 1619 421 1646 l.
453 1616 638 1654 Augustinus,
671 1614 792 1644 secundo
822 1613 1029 1642 confessionum
1041 1613 1067 1640 2:
1101 1611 1163 1640 «Te

176 1665 467 1702 Fundamena.simplitzius
488 1664 557 1693 nihil
577 1662 717 1700 reperitur
727 1672 754 1690 »:
776 1669 843 1699 ergo
863 1663 905 1690 est
925 1660 1043 1697 simplex
1064 1659 1092 1688 in
1107 1662 1163 1687 ter-

318 1712 408 1747 mino,
429 1719 496 1748 ergo
516 1713 543 1742 et
564 1710 592 1738 in
613 1717 737 1743 summo,
758 1716 824 1745 ergo
851 1710 892 1736 est
919 1706 1161 1743 simplicissimum.

395 1759 422 1787 ἢ.
445 1758 527 1790 Item,
548 1755 654 1785 decimo
675 1755 756 1784 tertio
776 1754 982 1783 confessionum
994 1753 1019 1780 ³:
1039 1753 1106 1780 «Tu
1121 1759 1164 1780 so-

317 1806 361 1834 lus
381 1805 499 1841 simplex
520 1811 562 1837 eS,
584 1802 638 1831 cui·
653 1810 707 1830 non
738 1804 780 1830 est
809 1801 883 1830 aliud
910 1801 1021 1834 vivere,
1043 1802 1070 1828 et
1090 1798 1165 1827 aliud

319 1852 384 1880 bene
397 1851 492 1880 vivere
502 1860 529 1878 »t
550 1849 623 1878 idem
637 1856 703 1885 ergo
717 1851 758 1877 est
772 1848 800 1876 in
814 1848 871 1876 Deo
885 1855 944 1875 esse
964 1849 991 1875 et
1012 1846 1079 1874 bene
1092 1853 1165 1878 esse,-

319 1898 365 1927 sed
386 1898 414 1926 in
435 1905 491 1934 quo
512 1899 576 1925 sunt
597 1896 665 1924 haec
685 1894 796 1928 eadem,
821 1894 897 1922 nulla
927 1896 969 1922 est
989 1892 1165 1929 compositio,

320 1945 367 1973 sed
388 1952 496 1973 summa
516 1942 690 1980 simplicitas:
713 1950 779 1978 ergo
799 1944 850 1970 etc.

394 1991 422 2020 3.
446 1991 527 2025 Item,
548 1997 630 2019 omne
651 1988 810 2026 simpliciter
830 1988 952 2025 primum
967 1989 1008 2016 est
1026 1985 1166 2023 simplicis-

321 2039 436 2073 simum;
458 2038 504 2067 sed
525 2037 649 2066 divinum
670 2044 728 2065 esse
758 2038 800 2064 est
827 2034 1001 2064 huiusmodi:
1027 2041 1093 2070 ergo
1113 2036 1164 2061 etc.

321 2086 415 2114 Maior
435 2085 582 2122 probatur:
604 2084 671 2121 quia
685 2083 867 2120 compositum
881 2085 922 2111 est
937 2081 1074 2118 posterius
1092 2088 1165 2109 com—

321 2135 452 2170 ponente,
473 2136 501 2161 et
521 2131 639 2168 simplex
667 2130 746 2167 prius
772 2129 960 2166 composito4:
986 2135 1070 2156 causa
1100 2135 1167 2163 ergo

321 2178 467 2215 praedicati
490 2181 531 2207 est
551 2178 579 2206 in
601 2177 725 2206 subiecto
745 2176 774 2204 in
795 2175 935 2212 praedicta
965 2173 1166 2211 propositione:

320 2234 386 2263 ergo
406 2228 447 2254 est
468 2218 534 2253 vera
554 2233 603 2262 per
625 2232 663 2253 se.
679 2223 775 2252 Minor
789 2225 830 2251 est
844 2221 998 2255 manifesta,
1014 2220 1080 2257 quia
1093 2220 1168 2248 Deus

322 2276 363 2301 est
383 2280 431 2301 ens
452 2280 468 2300 a
488 2279 517 2300 se
531 2272 606 2308 ipso,
628 2277 692 2300 nam
714 2270 735 2299 si
757 2268 867 2298 aliunde
888 2268 1004 2298 haberet
1018 2275 1092 2301 esse,
1114 2266 1168 2294 iam

321 2319 388 2348 illud
413 2322 484 2348 esset
512 2318 562 2347 sibi
591 2318 681 2347 Deus.
706 2324 760 2345 non
781 2316 847 2353 ipse.
876 2315 907 2344 Et
928 2322 1049 2348 rursus,
1077 2313 1099 2342 si
1127 2314 1168 2341 est

322 2368 395 2394 stare
415 2368 442 2394 et
462 2373 516 2394 non
538 2368 578 2394 est
598 2364 675 2393 abire
696 2364 725 2393 in
746 2363 898 2396 infinitum,
920 2367 1031 2390 necesse
1052 2362 1093 2388 est
1120 2367 1167 2396 po-

319 2419 402 2446 nere,
424 2420 472 2441 ens
492 2412 630 2449 quoddam
650 2419 710 2440 esse
730 2410 851 2447 primum
872 2408 1005 2437 omnium.

1296 1518 1322 1546 [ι.
1346 1518 1425 1552 Item,
1447 1526 1527 1546 omne
1548 1518 1707 1555 simpliciter
1729 1518 1915 1547 necessarium
1941 1521 1982 1547 est
2003 1517 2068 1547 sim-

1218 1564 1415 1601 pliciSsimum3
1431 1564 1478 1593 sed
1492 1564 1622 1599 divinum,
1637 1573 1695 1593 esse
1709 1568 1750 1593 est
1764 1565 1925 1601 simpliciter
1943 1572 2068 1593 necessa-

1219 1611 1307 1639 rium:
1330 1618 1396 1648 ergo
1417 1614 1467 1639 etc.
1491 1611 1632 1639 Maiorem
1653 1611 1770 1647 probant
1791 1611 1926 1639 Avicenna
1944 1615 1971 1640 et
1991 1612 2068 1648 Alga-

1220 1658 1260 1687 zel
1281 1658 1308 1687 in
1330 1658 1388 1687 suls
1414 1658 1643 1694 Ilietaphysicis53
1665 1665 1728 1686 nam
1757 1658 1923 1694 simpliciter·
1944 1666 2068 1687 necessa-

1220 1705 1296 1734 rium
1310 1708 1351 1733 est
1371 1704 1484 1733 omnino
1499 1704 1684 1740 independens
1704 1707 1731 1732 et
1746 1704 1966 1741 incorruptibile:
1988 1712 2068 1734 omne

1220 1754 1313 1779 autem
1335 1751 1518 1787 compositum
1539 1750 1673 1787 dependet
1693 1758 1710 1778 a
1737 1751 1962 1787 componentibus
1986 1755 2013 1780 et
2040 1752 2067 1780 in

1221 1798 1280 1831 illa,
1303 1800 1439 1834 quantum
1453 1800 1495 1825 est
1509 1797 1543 1825 de
1561 1797 1603 1825 sui
1618 1800 1731 1831 natura,
1746 1800 1787 1826 est
1802 1798 1956 1827 resolubile.
1971 1799 2068 1827 Mitior

1222 1847 1263 1873 est
1284 1843 1440 1877 manifesta,
1462 1844 1528 1880 quia
1547 1844 1634 1872 altera
1648 1852 1712 1881 pars
1733 1846 1933 1874 contrarietatis
1950 1846 2067 1874 nobilior

1222 1890 1398 1919 attribuenda
1419 1893 1460 1919 est
1480 1890 1552 1918 Deo:
1574 1898 1640 1927 ergo
1661 1899 1723 1919 cum
1745 1892 1863 1921 nobilius
1884 1892 1918 1921 sit
1939 1892 2067 1929 simplici-

1223 1940 1265 1966 ter
1287 1937 1473 1966 necessarium
1502 1946 1584 1974 quam
1606 1938 1734 1975 possibile
1755 1939 1811 1968 sive
1832 1939 2003 1976 contingens;
2029 1939 2068 1967 vi-

1223 1984 1304 2012 detur
1326 1987 1376 2012 etc.

1302 2032 1327 2059 5.
1350 2031 1433 2065 Item,
1449 2040 1529 2060 omne
1550 2032 1750 2061 nobilissimum
1765 2036 1805 2062 est
1820 2033 2067 2069 simplicissimum3

1223 2078 1270 2107 sed
1291 2078 1415 2106 divinum
1437 2087 1494 2106 csse
1515 2082 1542 2107 et
1564 2079 1737 2108 huiusmodi:
1760 2088 1825 2116 ergo
1845 2082 1896 2108 etc.
1918 2080 2013 2108 Minor
2028 2082 2069 2108 est

1222 2125 1380 2159 manifesta3
1403 2126 1500 2154 maior
1518 2126 1660 2162 probatur,
1682 2127 1747 2164 quia
1761 2126 1929 2155 nobilissimo
1943 2129 2008 2154 sunt
2028 2129 2068 2153 at-

1224 2172 1386 2201 tribuendae
1408 2172 1576 2202 conditiones
1590 2173 1740 2202 nobilitatis
1761 2173 1788 2201 in
1802 2180 1926 2206 summo,
1947 2171 2068 2208 alioquin

1224 2227 1278 2247 non
1299 2221 1370 2247 esset
1391 2219 1608 2255 nobilissimum,
1631 2220 1678 2249 sed
1700 2219 1858 2256 simplicitas
1886 2222 1927 2247 est
1951 2219 2069 2247 conditio

1223 2268 1349 2302 spectans
1370 2266 1403 2295 ad
1425 2266 1609 2301 nobilitatem,
1631 2271 1662 2296 ut
1683 2270 1772 2304 patet:
1794 2273 1859 2302 ergo
1880 2273 1990 2294 necesse
2010 2268 2067 2300 est,

1223 2312 1296 2349 quod
1318 2316 1437 2350 ponatur
1458 2322 1517 2343 esse
1538 2315 1565 2343 in
1587 2315 1643 2343 Deo
1663 2314 1774 2343 omnino
1794 2313 1821 2341 in
1843 2320 1958 2341 summo.

1302 2360 1326 2387 6.
1354 2360 1548 2395 [teni,-Onme
1579 2361 1799 2398 potentissimum
1829 2362 1879 2387 est‘
1901 2359 2068 2396 simplicissi-

1223 2415 1315 2442 mum;
1336 2407 1459 2436 divinum
1481 2417 1539 2437 esse
1553 2411 1594 2437 est
1608 2407 1843 2445 potentissimum:
1862 2413 1927 2443 ergo
1948 2409 1999 2435 etc.
2015 2406 2068 2434 Mi-

384 2607 392 2621 l
410 2609 433 2631 In
451 2608 533 2636 codd.,
550 2608 567 2630 Α
586 2611 694 2636 excepto,
712 2608 855 2630 desideratur
872 2613 933 2631 cum.

384 2646 392 2659 ²¹
410 2647 466 2676 Cap.
484 2648 505 2670 6.
523 2654 545 2670 n.
564 2648 605 2669 Ἰ13;
624 2647 657 2669 To
678 2646 804 2675 simplicius
826 2646 954 2675 quidquam
976 2652 1024 2670 non
1045 2644 1168 2673 reperitur.

321 2698 352 2702 --
368 2687 440 2709 Dic-tio
457 2686 559 2717 simplem
576 2686 601 2709 in
618 2685 718 2709 termino
735 2688 769 2708 est
780 2685 907 2708 secundum
925 2685 1017 2709 Gilhert.
1029 2686 1128 2712 Porret.,
1139 2686 1169 2708 de

324 2726 366 2747 Sex
382 2726 512 2754 Principiis,
530 2733 550 2748 c.
572 2727 625 2753 ult.;
646 2728 668 2748 et
690 2725 804 2753 significat
825 2724 998 2754 superlativum
1020 2725 1169 2754 (simplicissi-

324 2764 394 2793 mus).
409 2776 441 2781 —
457 2766 490 2787 De
507 2757 549 2788 hac
566 2768 655 2794 quaest.
672 2766 713 2788 cfr.
731 2765 746 2787 I.
764 2765 826 2786 Sent.
843 2764 866 2786 d.
884 2764 906 2786 8.
923 2770 946 2792 p.
963 2764 987 2787 II.
1003 2771 1026 2793 q.
1044 2765 1065 2787 4.
1084 2771 1134 2793 seq.

385 2800 394 2814 ⁸
411 2802 468 2831 Cap.
485 2804 506 2825 3.
523 2810 545 2826 n.
564 2804 589 2826 4:
608 2805 674 2827 Solus
691 2803 824 2832 simpliciter
835 2808 884 2825 es...
895 2805 917 2825 et
929 2802 991 2825 aliud
1002 2802 1070 2826 beate
1081 2804 1170 2826 vivere.

385 2838 395 2852 ⁴
412 2840 457 2864 Cir.
474 2848 543 2870 supra
561 2849 615 2871 pag.
633 2844 675 2870 42,
691 2845 745 2865 nota
762 2843 784 2865 9.
801 2845 824 2864 et
840 2847 896 2870 pag.
912 2841 954 2869 47,
972 2844 1024 2864 nota
1042 2842 1063 2864 5.

385 2878 395 2891 ⁶
412 2880 541 2908 Avicenna,
558 2882 657 2910 metaph.
670 2885 701 2906 ⁴tr.
720 2873 778 2904 isc.
795 2882 817 2904 8.
834 2884 856 2903 et
873 2883 901 2903 tr.
918 2881 940 2903 Β.
958 2886 978 2903 c.
996 2880 1018 2903 4.
1040 2887 1119 2910 seqq.;
1135 2881 1170 2904 AI·

1225 2606 1308 2633 ganah,
1324 2605 1341 2627 1.
1357 2605 1440 2628 philos.
1458 2608 1485 2628 tr.
1503 2607 1525 2628 2.
1542 2612 1562 2628 e.
1579 2604 1606 2628 de
1623 2605 1678 2627 Esse
1691 2602 1801 2633 possibile
1816 2605 1838 2626 ec
1853 2609 1904 2626 esse
1915 2601 2031 2626 debitum:
2045 2601 2067 2623 Si

1225 2645 1311 2673 pendet
1327 2644 1394 2674 [esse]
1402 2664 1408 2673 ‚
1425 2644 1538 2668 'vocamus
1550 2644 1605 2667 illud
1618 2643 1739 2671 possibile;
1751 2643 1769 2665 si
1781 2648 1835 2665 vcro
1847 2649 1894 2665 non
1906 2642 2018 2670 pendeat,
2030 2646 2070 2662 vo-

1225 2690 1306 2706 camus
1322 2683 1425 2707 debitum
1443 2690 1485 2712 per
1501 2690 1539 2711 se,
1556 2683 1619 2712 quod
1637 2684 1671 2704 cst
1687 2676 1840 2704 necessarium
1857 2688 1899 2710 per
1915 2681 1952 2708 se';
1970 2681 1999 2703 de
2021 2685 2068 2709 quo

1225 2723 1346 2747 duodecim
1362 2724 1460 2747 dicenda
1477 2726 1543 2747 sunt:
1560 2723 1662 2751 primum
1679 2722 1744 2750 quod
1759 2727 1806 2744 non
1817 2724 1851 2744 est
1861 2721 1993 2744 accidens...
2004 2719 2069 2748 quod

1225 2769 1273 2786 non
1290 2765 1324 2785 est
1339 2769 1437 2791 corpus,
1454 2766 1476 2785 et
1488 2764 1532 2785 hoc
1544 2761 1637 2785 duobus
1654 2761 1741 2783 modis:
1758 2766 1812 2787 uno,
1819 2759 1889 2789 'quod
1901 2765 1971 2782 omne
1983 2763 2067 2786 corpus

1225 2802 1339 2825 divisibile
1355 2805 1389 2824 est
1405 2802 1534 2824 secundum
1556 2801 1704 2830 quantitatem
1727 2800 1748 2821 in
1771 2802 1858 2827 partes:
1881 2799 1950 2826 igitur
1972 2797 2069 2820 totalitas

1226 2842 1275 2865 eius
1292 2841 1377 2870 pendet
1393 2847 1421 2863 ex
1438 2841 1542 2869 partibus
1558 2841 1632 2863 eius...
1648 2842 1671 2861 et
1686 2838 1771 2861 idcirco
1792 2844 1839 2860 non
1862 2840 1935 2866 potest
1959 2836 2068 2862 concedi,

1225 2886 1318 2904 'neeesse
1334 2885 1382 2903 esse
1399 2880 1507 2908 componi
1525 2886 1552 2902 ex
1568 2877 1673 2907 partibus
1691 2877 1737 2906 (ed.
1754 2875 1791 2899 an.
1809 2876 1868 2898 4506
1887 2877 1925 2899 sol.
1943 2875 1990 2904 27).
