2285 3398
226 739 254 758 De
265 740 347 759 consido-

215 763 286 782 ratione
303 768 347 787 poe-

214 791 279 805 narum
289 789 308 805 Εἰ
314 792 346 811 pu·

215 814 298 832 gnarum.

222 1766 290 1785 Harum
305 1766 349 1785 duo-

233 1789 293 1808 decim
311 1795 343 1809 sex

232 1812 344 1839 principales

227 1836 348 1860 explicantur.

362 95 416 123 578

360 172 460 202 tionem
482 172 634 209 superiori,
656 172 734 209 quasi
762 180 812 209 per
840 172 983 201 mulierem
1007 172 1081 206 viro,
1103 173 1202 211 ingeri-

359 222 415 253 tur,
437 219 586 248 studiosius
607 219 734 248 evitetur.
756 220 822 247 Nam
844 219 865 247 si
887 218 1007 255 serpenti
1033 220 1201 256 promittenti

359 266 479 295 divinam
499 266 639 296 scientiam
660 266 790 295 assentiat
811 266 873 303 quis
894 266 1037 300 incautus,
1059 269 1090 294 ut
1111 267 1142 296 in,
1159 267 1202 296 his

359 313 444 350 magis
472 315 582 350 appetat
612 313 682 342 scire
713 321 796 350 quam
818 321 930 350 sapere,
961 313 1048 350 magis
1078 314 1200 351 reputari

361 368 443 397 quam
465 359 555 394 refici,
586 360 729 397 magisque
750 359 822 388 fastu
853 360 964 397 gloriari
997 368 1080 397 quani
1108 360 1201 389 fructu

359 407 493 444 gaudere;
509 406 600 435 statim
621 406 773 435 innascitur
794 406 877 435 libido
892 406 1023 439 verenda,
1038 406 1201 435 deordinans

359 457 386 483 et
406 454 562 487 denudans,
584 461 633 490 per
661 461 744 490 quam
765 453 899 482 sententia
924 452 1020 481 mortis
1048 452 1201 482 incurritur

359 504 386 530 et
413 501 520 529 divinae
547 500 732 529 similitudinis
763 500 863 529 amisso
889 500 1000 533 decore,
1030 499 1201 536 praevarica-

360 548 416 577 trix
437 547 543 582 anima,
565 547 686 576 bestialis
710 548 820 582 effecta,
843 551 972 584 tanquam
1002 546 1112 584 indigna
1137 546 1200 584 ligni

359 595 429 624 vitae
457 594 550 624 fructu
571 594 692 624 salvifico
714 594 805 629 retici,
831 603 846 623 a
869 594 985 632 paradisi
1014 594 1118 623 deliciis
1139 602 1202 631 pro-

360 642 486 680 pulsatur
499 643 517 670 ¹.

440 691 482 720 13.
504 691 558 719 Nec
572 690 702 727 cuiquam
725 690 849 719 videatur
864 689 1030 722 absurdum,
1049 688 1123 725 quod
1138 695 1202 716 con-

359 737 550 767 siderationem
571 736 747 766 infernalium
775 740 976 765 tormeutorum
998 739 1025 764 et
1045 743 1203 772 pugnarum

359 786 499 816 hostilium
514 785 585 814 inter
603 785 676 822 ligna
689 784 807 821 paradisi
830 783 1018 820 praediximus
1032 781 1201 815 collocanda3

359 833 437 871 quasi
465 832 527 870 quis
555 831 694 861 infernum
724 834 773 860 aut
803 830 949 859 infernales
977 829 1050 858 cives
1078 829 1202 857 introdu-

358 883 401 909 cat
428 880 522 909 intra⁵¹
551 879 650 908 limites
670 878 797 915 paradisi.
821 878 892 906 Licet
920 877 992 906 enim
1017 876 1121 905 maium
1145 875 1202 904 cul-

358 935 408 965 pae
429 927 471 956 vel
486 934 589 964 poenae
610 926 780 959 nullatenus,
802 933 851 954 nec
870 925 896 953 in
911 924 986 953 caelo
1007 931 1057 952 nec
1071 923 1098 951 in
1114 926 1201 956 terra,

359 973 476 1010 paradisi
503 976 591 1002 status
617 972 759 1005 admittat;
788 970 1018 1000 considerationes
1046 972 1136 998 tamen
1157 976 1201 997 eo-

359 1029 421 1050 rum
435 1021 469 1050 ad
493 1019 689 1058 degustandam
714 1018 890 1048 ineffabilium
916 1017 1123 1046 miserationum
1144 1016 1203 1044 dul-

359 1067 482 1097 cedinem
502 1071 530 1096 et
547 1066 767 1096 inscrutabilium
782 1064 945 1093 iudiciorum
968 1063 1131 1092 suavitatem
1147 1071 1201 1091 non

359 1114 496 1144 modicum
517 1114 663 1150 conferunt
683 1116 738 1142 tam
760 1112 911 1140 viatoribus
931 1119 1015 1148 quain
1037 1110 1132 1139 Beatis.
1152 1110 1200 1138 Ia-

359 1162 438 1191 tlicia
458 1162 530 1191 enim
547 1158 665 1190 Domini
683 1168 754 1188 vera
768 1163 795 1188 et
816 1158 976 1194 iastilicata
990 1157 1021 1185 in
1035 1157 1200 1194 semetipsa,

361 1207 566 1237 desiderabilia
586 1210 651 1236 sunt
671 1215 760 1243 saper
780 1213 891 1233 aarum
906 1208 930 1232 et
951 1204 1076 1241 lapidem
1094 1203 1200 1240 pretio-

360 1264 427 1283 sam
447 1254 571 1283 maltam
592 1257 616 1283 et
631 1253 765 1282 dulciora
785 1260 874 1289 saper
888 1251 943 1279 mel
956 1254 981 1279 et
1000 1249 1113 1287 favam.
1130 1249 1200 1286 Quid

360 1304 401 1331 est
421 1304 529 1336 autem,
551 1301 625 1338 quod
651 1300 795 1329 animabus
815 1298 920 1327 devotis
944 1297 1031 1334 magis
1051 1296 1131 1325 faciat
1158 1303 1201 1324 sa-

344 1356 425 1385 pere
452 1348 592 1377 Christum
621 1347 724 1380 lesum,
749 1348 776 1374 et
803 1345 877 1374 hunc
904 1344 1087 1377 crucifixum,
1116 1351 1200 1380 quani

360 1395 433 1433 quod
453 1403 502 1432 per
520 1403 584 1424 eum
604 1394 733 1423 liberatas
753 1400 781 1421 se
802 1391 918 1421 credunt
939 1393 966 1419 et
986 1397 1014 1418 se
1035 1392 1153 1418 cernunt
1166 1389 1200 1417 ab

360 1442 519 1471 immanium
542 1440 684 1478 tyrannide
706 1439 825 1468 hostium
847 1441 874 1466 et
888 1436 1062 1466 infernalium
1083 1435 1200 1464 aeterni-

361 1492 414 1518 tate
435 1490 608 1526 poenarum?
623 1487 702 1516 quta
717 1485 790 1523 quod
804 1485 940 1521 Propheta
952 1483 1078 1512 decantat
1088 1483 1111 1510 ³:
1129 1483 1199 1511 Con-

359 1535 457 1570 fitebor
478 1535 546 1570 tibi,
564 1534 682 1563 Domine
696 1534 774 1562 Deus
794 1539 884 1565 meas,
906 1530 937 1558 in
958 1532 1013 1558 toto
1034 1529 1119 1558 corde
1139 1537 1199 1557 meo

361 1585 385 1610 et
404 1581 574 1620 ghrifi'cabo
594 1589 696 1610 nomen
718 1583 802 1608 taam
823 1578 854 1607 in
874 1581 1041 1609 aetermam,-
1056 1575 1126 1614 qaia
1146 1575 1200 1603 mi-

360 1629 522 1658 sericordia
536 1632 588 1657 tua
608 1635 720 1665 maqna
740 1630 881 1663 estsuper
902 1632 961 1657 me,
976 1627 1001 1651 et
1018 1622 1122 1651 eruisti
1136 1621 1200 1650 ani-

363 1684 441 1704 mam
460 1684 555 1705 meam
576 1684 610 1704 em
632 1673 747 1712 inferno
769 1671 912 1710 inferiori.

441 1723 483 1751 ili.
505 1723 607 1751 Harum
625 1721 709 1758 igitur
724 1718 971 1749 considerationum
992 1715 1134 1745 duodecim
1151 1723 1200 1752 per

360 1770 493 1807 quaedam
514 1769 648 1798 antitheta
668 1776 717 1797 seu
738 1765 982 1802 contrapositiones
1005 1763 1199 1800 dispositarum

360 1824 410 1846 sex
431 1819 495 1845 sunt
516 1815 694 1853 principales,
716 1813 817 1851 quibus
838 1811 940 1841 scilicet
953 1810 1044 1839 anima
1064 1809 1200 1838 converti-

361 1865 407 1892 tur
421 1862 455 1891 ad
470 1862 625 1895 interiora,
640 1860 809 1898 superiora,
824 1857 987 1891 anteriora,
1004 1856 1121 1890 dextra,
1133 1864 1200 1893 pro-

358 1909 472 1948 pinqua
492 1909 595 1946 pariter
609 1911 636 1937 et
654 1911 773 1945 aperta,
795 1909 826 1935 ut
847 1905 971 1934 videlicet
991 1903 1080 1941 primo
1101 1911 1200 1940 cogno-

362 1959 418 1984 scat
431 1956 630 1992 semetipsam;
644 1953 741 1983 deinde
754 1952 894 1990 yloriam,
910 1951 943 1979 ad
957 1959 1041 1988 quain
1063 1950 1132 1978 iacta
1145 1953 1198 1983 est;

365 2002 444 2030 tertio
464 2003 552 2030 vero⁴¹
572 2001 668 2035 via-m,
690 2008 739 2037 per
770 2007 852 2036 quam
874 1998 908 2026 ad
938 1998 1011 2026 iliani
1043 1996 1198 2033 perveniat;

364 2052 463 2085 quarto
483 2048 598 2082 solatia,
614 2055 663 2084 per
684 2054 756 2084 quae
777 2046 897 2078 fovetur;
919 2044 1015 2080 quinto
1033 2042 1199 2079 praesidia,

364 2102 412 2131 per
433 2103 504 2132 quae
531 2094 700 2127 defenditur;
723 2095 802 2121 sexto
830 2090 1027 2123 charismata,
1053 2097 1102 2125 per
1130 2096 1200 2125 quae

364 2141 522 2170 adornatur.
539 2141 662 2170 —Inter
683 2147 753 2177 quas
773 2138 889 2175 primam
911 2136 981 2164 inter
1002 2143 1096 2164 omnes
1124 2135 1199 2171 poni-

365 2196 426 2217 mus
446 2187 702 2217 considerationem
721 2185 771 2214 sai
790 2184 900 2222 ipsias;
921 2191 982 2211 nam
1011 2181 1200 2210 intellectualis

893 94 1082 124 TRACTATUS
1104 96 1146 124 DE
1169 96 1393 125 PLANJTATIONE
1415 97 1568 126 PARADISI.

1259 174 1378 202 oculus⁵
1400 174 1489 211 primo
1504 178 1585 204 natus
1605 179 1647 205 est
1661 176 1794 213 inspicere
1815 168 2005 215 semetipsam.
2022 180 2099 217 Quod

1259 220 1379 249 insinuat
1401 221 1522 258 Sponsus
1542 222 1568 251 in
1591 222 1714 257 Cantico,
1736 232 1799 252 cum
1820 224 1938 253 animam
1964 227 2099 255 volentem

1259 268 1437 304 contemplari
1459 269 1587 297 sublimia
1608 269 1731 307 increpat
1752 273 1778 298 et
1803 271 1919 299 reflectit
1946 273 2099 302 considera-

1258 314 1358 343 tionem
1381 314 1468 351 ipsius
1489 315 1515 343 in
1538 316 1721 353 semetipsam.
1738 317 1802 345 Nam
1818 325 1881 346 cum
1902 318 2036 348 desiderio
2057 327 2100 348 re>

1258 361 1396 398 quirenti:
1424 362 1526 390 Indica
1546 362 1635 397 milii,
1657 372 1739 401 quem
1768 364 1862 401 (titiqit
1888 365 1991 394 anima
2019 375 2099 400 mea,

1259 408 1309 436 abi
1333 416 1460 445 pascas,
1482 408 1533 436 ubi
1559 409 1642 438 cubes
1671 407 1701 438 in
1729 410 1863 444 meridie,
1886 419 1949 440 cum
1977 412 2100 449 increpa-

1258 455 1330 484 tione
1345 455 1507 491 respondet:
1531 456 1563 484 Si
1576 456 1697 493 iynoras
1718 461 1758 491 te,
1774 466 1790 485 o
1808 453 2011 494 pulcherrima
2025 459 2100 487 inter

1257 502 1412 536 mutieres,
1433 502 1566 539 eyredere
1587 506 1613 531 et
1632 503 1682 532 abi
1698 508 1763 541 post
1789 504 1908 542 oestigyia
1927 513 2051 542 yreyam
2075 509 2101 533 et

1255 557 1343 586 pasce
1363 548 1466 577 hoedos
1497 552 1561 577 taos
1593 549 1677 578 iaxta
1708 550 1898 579 tabernacula
1926 555 2082 588 pastorum
2090 562 2099 585 ;

1258 596 1335 633 quasi
1357 595 1475 624 diceret:
1497 595 1519 624 si
1541 596 1581 624 vis
1599 603 1762 632 cognoscere
1783 606 1842 631 nie,
1858 597 1936 634 prius
1957 597 2069 634 incipias
2084 606 2100 626 a

1259 645 1285 671 te
1306 643 1376 679 ipsa,
1398 650 1469 679 quae
1490 642 1560 671 iacta
1580 650 1609 671 es
1630 643 1663 671 ad
1684 643 1828 680 imaginem
1843 648 1869 673 et
1891 644 2098 673 similitudinem

1259 689 1398 718 Trinitatis
1409 689 1429 717 ⁶.
1458 689 1557 726 Sicque
1577 697 1593 717 a
1613 689 1828 719 consideratione
1852 691 1893 719 sui
1923 690 2038 728 erigitur
2066 691 2100 719 ad

1259 737 1373 770 divina,
1395 740 1421 765 et
1443 744 1492 773 per
1506 736 1641 773 promissa
1659 737 1794 773 praemia
1808 737 1949 766 inducitur
1967 737 2001 766 ad
2014 746 2099 774 prae-

1259 787 1351 821 cepta,
1373 792 1390 811 a
1409 783 1511 820 quibus
1532 790 1566 811 ne
1580 782 1711 816 declinet,
1732 784 1915 812 ostenduntur
1936 783 1959 812 ei
1974 783 2097 817 solatia,

1256 830 1409 868 praesidia
1430 833 1456 858 et
1477 829 1554 858 (Iona
1575 829 1624 858 sibi
1647 829 1759 858 caelitus
1776 829 1940 867 inspiranda.

1340 877 1382 905 15.
1405 876 1508 905 Verum
1530 876 1595 913 quia
1616 884 1693 905 mens
1713 876 1870 913 frequenter
1889 884 1905 904 a
1924 876 2098 913 phantasma·
2134 885 2195 911 item.
2209 890 2240 904 εει

1260 924 1354 953 tibus⁷
1377 923 1534 960 praepedita
1561 932 1614 952 non
1633 923 1707 952 vaiet
1734 923 1759 952 in
1782 923 1825 952 his
1853 923 1984 951 mentales
2004 923 2098 951 oculos
2114 908 2242 950 {fiiis‘iifmd'

1260 979 1309 1007 pro
1330 973 1393 999 voto
1414 970 1513 1007 iugiter
1530 970 1628 1007 tigere;
1652 970 1711 999 ideo
1731 973 1924 1007 proponuntur
1939 977 1989 998 sex
2009 969 2097 998 consi—

1258 1017 1412 1046 derationes
1432 1017 1500 1045 aliae
1521 1024 1557 1045 ex
1578 1016 1709 1050 adverso,
1724 1019 1754 1045 ut
1775 1017 1822 1054 qui
1844 1025 1898 1045 non
1920 1020 2008 1054 potest
2029 1017 2096 1045 inte-

1259 1065 1324 1093 rias
1344 1063 1520 1097 commorari,
1552 1063 1585 1092 ad
1606 1063 1751 1092 exteriora
1775 1071 1803 1092 se
1828 1063 1966 1096 conseram
1995 1066 2022 1091 et
2049 1063 2096 1099 qui

1258 1119 1312 1140 non
1334 1111 1405 1139 vaiet
1425 1110 1458 1138 ad
1486 1110 1641 1147 superiora
1666 1110 1862 1143 conscendere,
1891 1109 2037 1138 descendat
2063 1109 2097 1138 ad

1258 1157 1336 1189 inam
1359 1160 1385 1185 et
1413 1157 1458 1194 qui
1488 1165 1541 1185 non
1563 1157 1702 1193 praevalet
1727 1157 1753 1185 in
1775 1156 1926 1185 anteriora
1955 1156 2096 1193 protendi,

1253 1203 1418 1241 posteriora
1446 1203 1587 1236 sorinidet;
1609 1206 1636 1232 et
1655 1203 1699 1231 cui
1724 1203 1830 1232 solatia
1853 1202 1945 1231 divina
1972 1211 2026 1232 non
2055 1211 2097 1232 sa-

1257 1250 1351 1287 piunt,
1374 1251 1469 1279 saltem
1496 1250 1612 1287 [tapetia
1638 1253 1778 1286 pavescat;
1801 1253 1827 1278 et
1851 1250 1897 1286 qui
1920 1250 2022 1279 civium
2043 1258 2098 1279 non

1256 1297 1370 1326 attendit
1389 1297 1554 1334 praesidia,
1576 1297 1697 1325 hostium
1726 1296 1875 1333 perpendat
1896 1296 2043 1330 z'nsnltus,·
2071 1300 2097 1325 et

1257 1344 1303 1381 qui
1325 1342 1507 1372 charismata
1528 1343 1681 1380 spiritualia
1701 1343 1825 1372 contueri
1841 1346 1972 1380 tanquam
1992 1343 2096 1371 anima-

1257 1391 1289 1419 lis
1310 1398 1364 1418 non
1386 1393 1488 1427 potest,
1518 1390 1611 1419 saltem
1641 1390 1741 1418 horum
1763 1390 1920 1427 speculetur
1947 1389 2096 1418 sensibilia

1255 1438 1342 1475 siqna
1363 1440 1493 1473 tanquam
1514 1437 1639 1466 exterius
1661 1436 1711 1465 sibi
1732 1437 1871 1473 proposita
1895 1439 2065 1465 sacramenta
2075 1436 2094 1464 Β.

1257 1484 1354 1521 Sicque
1375 1484 1441 1511 liant
1466 1483 1665 1512 vicissitudines
1693 1483 1870 1512 luminarium
1898 1483 2095 1511 matutinorum

1256 1534 1283 1559 et
1304 1530 1525 1567 vespertinorum
1551 1530 1577 1558 in
1606 1530 1809 1567 hemisphaerio
1829 1530 1928 1559 mentis
1955 1533 2064 1559 nostrae
2076 1530 2096 1563 ⁹,

1257 1580 1406 1614 quatenus,
1421 1577 1492 1606 sicut
1506 1577 1579 1606 Deus
1600 1585 1649 1606 sex
1670 1577 1767 1606 diebus
1785 1576 1918 1605 mundum
1940 1577 2015 1605 hunc
2036 1584 2096 1605 sen-

1257 1623 1364 1652 sibilem
1387 1624 1506 1652 condidit
1533 1626 1559 1652 et
1580 1624 1702 1658 ornavit,
1724 1624 1762 1652 sic
1788 1624 1914 1660 spiritum
1936 1623 2096 1652 rationalem

1257 1669 1329 1699 senis
1343 1670 1577 1699 vicissitudinibus
1592 1670 1804 1699 illustrationum
1821 1669 1956 1698 illuminet
1970 1673 1996 1698 et
2017 1669 2096 1698 ador-

1257 1720 1317 1752 net;
1339 1720 1371 1746 ut
1392 1720 1452 1754 post
1473 1720 1579 1755 sestam
1600 1717 1671 1745 diem
1693 1716 1840 1745 collocetur
1861 1716 1889 1744 in
1904 1716 2046 1752 paradiso,
2068 1716 2095 1744 in

1257 1773 1312 1802 quo
1333 1772 1382 1802 per
1403 1764 1657 1801 contemplationem
1678 1763 1820 1800 quiescens
1839 1765 1866 1791 et
1885 1762 2040 1796 dormiens,
2062 1762 2095 1791 ad

1256 1811 1407 1849 spiritualis
1434 1810 1561 1839 connubii
1586 1810 1754 1847 perducatur
1781 1816 1927 1842 arcanum,
1955 1808 2002 1837 ubi
2031 1817 2095 1838 vere

1256 1858 1472 1891 absconduntur,
1494 1861 1622 1894 tanquam
1645 1856 1766 1885 thesauri
1787 1855 1934 1892 sapientiae
1954 1858 1981 1884 et
2008 1855 2094 1884 scien-

1257 1904 1324 1937 tiae,
1346 1904 1439 1940 copiae
1461 1903 1642 1932 multiformes
1656 1906 1738 1940 atque
1759 1902 1914 1939 spirituales
1937 1904 1964 1930 et
1984 1901 2093 1930 inaesti-

1255 1950 1369 1978 mabiles
1389 1949 1500 1978 deliciae
1518 1949 1635 1986 paradisi
1648 1948 1678 1976 ¹⁰.

1337 1997 1379 2024 16.
1402 1996 1501 2029 Porro,
1523 1999 1554 2023 ut
1575 1996 1602 2023 in
1629 1995 1731 2024 intimis
1749 1987 1850 2023 Christi
1879 1994 1937 2022 Iesu
1966 1994 2092 2022 crucifixi
2119 2001 2236 2020 metimini-

2103 2025 2187 2043 nationes
2194 2027 2235 2042 sunt

1256 2042 1430 2079 conquiescat
1445 2042 1586 2075 securius,
1602 2050 1687 2079 supra
1700 2042 1787 2071 dictae
1802 2040 2012 2070 illuminationes
2025 2040 2092 2069 duo-
2104 2048 2158 2066 cuam
2177 2053 2236 2066 arma-

1255 2088 1341 2117 decim
1356 2090 1376 2105 ¹¹
1393 2097 1446 2117 non
1461 2089 1549 2117 solum
1566 2092 1759 2125 proponuntur
1774 2089 1845 2117 sicut
1858 2088 1977 2116 arbores
1995 2086 2092 2115 obanz-
2103 2073 2162 2089 ΝΜ

1256 2134 1386 2168 orantes,
1412 2143 1509 2163 verum
1531 2134 1611 2163 etiam
1633 2134 1704 2163 sicut
1725 2138 1899 2163 armaturae
1915 2133 2093 2171 defensantes

1255 2190 1286 2209 ac
1306 2181 1461 2209 munientes
1482 2181 1616 2209 lectulum
1639 2181 1758 2217 pacifici
1786 2181 1955 2209 Salomonis.
1978 2181 2043 2208 Nam
2071 2179 2092 2208 si

427 2375 434 2388 ¹
451 2376 496 2400 Cir.
514 2376 620 2399 Hexaem.
637 2376 707 2398 collat.
727 2375 764 2397 19.
780 2381 802 2396 n.
826 2374 845 2395 i.

426 2413 435 2427 ²
453 2415 536 2438 Boneiii
553 2414 626 2442 inter,
645 2417 668 2436 et
683 2413 782 2436 deinde:
800 2413 861 2434 Licet
877 2411 937 2434 enim
956 2416 996 2432 nec
1014 2410 1097 2431 maium
1120 2409 1201 2436 culpae

365 2460 440 2482 neque
459 2460 546 2482 poenae
563 2454 674 2476 ullatenus
691 2458 733 2474 nec
749 2452 771 2474 in
788 2451 851 2473 caelo
868 2455 943 2478 nequo
960 2449 981 2470 in
999 2450 1065 2470 teria.
1080 2460 1111 2464 —
1128 2448 1201 2470 Locus

366 2493 496 2521 Scripturae
510 2496 543 2515 est
559 2494 594 2515 ΡΞ.
606 2493 645 2519 18,
658 2492 695 2514 io.
708 2491 731 2513 tt
747 2499 752 2513 :
769 2490 851 2513 iudicia
870 2487 957 2511 Domini
975 2493 1043 2513 vera,
1060 2486 1199 2517 iustificata...

365 2531 524 2554 desiderabilia
541 2537 610 2559 super
626 2534 669 2553 etc.

426 2568 436 2581 ³
453 2571 477 2592 in
493 2570 544 2592 cod.
561 2569 643 2592 excidit
666 2567 740 2598 quod,
758 2566 886 2589 necessario
910 2564 1075 2592 supplendum,
1098 2564 1133 2586 vei
1158 2570 1199 2591 pro

365 2613 437 2636 quam
453 2614 506 2630 cum
524 2607 607 2630 Boneili
632 2606 764 2634 ponendum
788 2604 835 2627 nisi
850 2603 914 2634 quia.
930 2614 960 2619 -
977 2603 1049 2624 Locus
1071 2602 1200 2630 scripturae

365 2648 399 2668 est
416 2646 451 2668 Ps.
468 2646 509 2673 85,
528 2646 564 2667 42.
582 2646 618 2667 13.

426 2683 436 2696 ⁴¹
453 2684 535 2706 Boneili
553 2683 635 2706 omittit
652 2688 713 2705 vero.
729 2694 760 2699 —
776 2681 880 2704 Doctrina
902 2687 924 2702 n.
951 2679 1028 2701 14-16.
1045 2679 1145 2707 exposita
1161 2679 1200 2701 dis-

367 2722 437 2745 rusius
453 2725 476 2744 et
492 2722 535 2744 alio
552 2721 632 2744 ordine
647 2721 768 2748 exponitur
784 2720 890 2742 Hexaeni.
906 2718 978 2741 collat.
999 2718 1033 2740 ¹7.
1050 2724 1071 2740 n.
1088 2718 1109 2740 8,
1126 2718 1163 2740 26.
1179 2720 1200 2739 et

366 2762 439 2783 collat.
453 2761 489 2783 18.
500 2767 523 2783 n.
537 2760 616 2787 iti-25,
629 2760 658 2781 ita
670 2762 758 2786 tamen,
770 2761 795 2781 ut
805 2758 880 2786 magis
896 2757 1000 2780 videatur
1016 2763 1066 2779 esse
1083 2757 1201 2785 utriusque

366 2799 470 2828 opusculi
482 2799 543 2822 idem
555 2800 634 2821 auctor
650 2797 720 2820 libere
736 2797 783 2819 suis
799 2799 878 2824 utens,
888 2801 958 2824 quam
971 2795 1027 2818 alius
1040 2798 1119 2818 auctor
1130 2795 1200 2817 aliena

367 2838 477 2861 sei-viliter
493 2836 628 2860 exscribens

427 2875 437 2889 ⁵
454 2877 527 2905 Quem
544 2874 640 2899 oculum
656 2873 756 2897 rationis
772 2875 840 2895 vocat
856 2872 878 2894 in
896 2872 968 2894 itiner.
986 2872 1068 2894 mentis
1080 2872 1101 2895 in
1116 2873 1200 2900 Deum,

1255 2376 1276 2392 c.
1287 2369 1309 2391 3.
1326 2376 1349 2390 n.
1369 2369 1386 2390 1.
1404 2369 1435 2390 Ue
1453 2368 1532 2396 triplici
1550 2368 1615 2390 oculo
1632 2368 1686 2390 vide
1702 2368 1814 2396 Breviioq.
1828 2374 1850 2395 p.
1862 2368 1886 2389 li.
1897 2374 1917 2389 c.
1930 2367 1966 2389 12.
1976 2378 2007 2383 -
2019 2367 2091 2388 Locus

1257 2409 1385 2436 Scripturae
1402 2406 1515 2429 cst-Cant.
1536 2407 1553 2433 i,
1570 2407 1592 2428 6.
1608 2407 1630 2428 7.
1646 2419 1677 2423 —
1694 2407 1742 2428 itiox
1765 2412 1806 2434 pro
1823 2412 1838 2428 a
1855 2408 1876 2429 te
1898 2405 1948 2434 ipsa
1971 2405 2053 2427 Bonciii
2076 2410 2090 2427 a

1255 2446 1383 2476 tenu-lz'psa.

1317 2484 1327 2497 ⁶
1343 2486 1388 2509 Cl'r.
1406 2485 1478 2507 itiner.
1504 2484 1584 2506 mentis
1609 2484 1629 2505 in
1655 2484 1740 2510 Deum,
1757 2490 1776 2505 c.
1794 2484 1820 2510 3}
1838 2484 1852 2505 i.
1869 2484 1931 2505 Seni.
1949 2483 1972 2504 d.
1989 2483 2011 2504 3.
2029 2489 2051 2510 p.
2068 2482 2091 2503 11.

1257 2532 1276 2548 a.
1295 2525 1320 2551 ·1;
1339 2525 1362 2547 ii.
1379 2525 1439 2546 Scnt.
1456 2523 1479 2545 d.
1500 2523 1533 2544 16,
1550 2528 1590 2550 per
1610 2525 1687 2544 totum.

1317 2561 1326 2575 ⁷
1344 2562 1426 2585 Bonelii
1444 2561 1547 2588 adiungit
1563 2559 1672 2589 aliisque.
1690 2563 1712 2582 et
1736 2562 1787 2587 post
1812 2565 1883 2587 pauca
1909 2565 1950 2586 pro
1970 2558 2091 2588 praevalet

1257 2602 1346 2625 exhibet
1361 2608 1385 2624 se
1404 2600 1475 2627 rulet,
1493 2603 1514 2621 et
1531 2598 1628 2621 subinde
1641 2597 1780 2628 protendere
1797 2604 1838 2625 pro
1852 2596 1969 2626 protendi.

1318 2638 1327 2651 Β
1344 2640 1388 2663 cfr.
1409 2639 1481 2661 itiner.
1504 2637 1585 2659 mentis
1607 2637 1628 2658 in
1652 2637 1736 2662 Deum,
1760 2642 1780 2657 e.
1802 2637 1823 2657 2.
1845 2642 1866 2657 n.
1888 2636 1922 2657 12.
1944 2635 1967 2656 in
1988 2635 2045 2662 fine,
2069 2639 2089 2656 et

1257 2678 1380 2707 praecipue
1396 2677 1501 2700 ilexaem.
1518 2676 1589 2698 collat.
1611 2675 1645 2697 li.
1661 2681 1683 2697 n.
1705 2674 1779 2696 13-14.

1315 2715 1325 2728 ⁹
1345 2717 1391 2739 ilac
1404 2716 1484 2739 eadem
1501 2715 1633 2742 metaphora
1645 2716 1724 2736 auctor
1735 2713 1804 2745 utitur
1815 2713 1837 2734 in
1850 2712 1955 2734 Hexae'm.
1967 2711 2039 2734 collat.
2052 2712 2089 2733 20.

1257 2763 1279 2779 n.
1296 2757 1318 2779 9.
1334 2768 1365 2773 ·-—
1382 2756 1414 2778 Do
1430 2755 1477 2777 istis
1493 2761 1531 2776 sex
1548 2753 1669 2781 gradibus,
1680 2751 1764 2781 quibus
1775 2751 1865 2774 venitur
1876 2751 1905 2773 ad
1917 2751 1978 2773 diem
1990 2750 2088 2779 requiei,

1258 2796 1318 2818 idem
1335 2795 1429 2817 docetur
1446 2794 1519 2816 itiner.
1536 2793 1616 2815 mentis
1634 2793 1655 2814 in
1673 2792 1757 2818 Deum,
1775 2796 1795 2812 c.
1812 2790 1833 2812 6.
1850 2796 1873 2811 n.
1890 2789 1911 2811 7.
1929 2791 1951 2811 et
1967 2795 1987 2811 c.
1998 2789 2021 2811 7.
2033 2795 2054 2810 n.
2070 2789 2088 2810 1.

1319 2832 1339 2845 ¹⁰
1356 2834 1388 2856 De
1397 2831 1526 2855 huiusmodi
1539 2831 1624 2854 deliciis
1636 2829 1735 2859 paradisi
1744 2830 1782 2852 cir.
1792 2829 1816 2851 ii.
1826 2829 1886 2851 sent.
1897 2828 1918 2850 d.
1928 2828 1966 2850 23.
1975 2833 1995 2850 a.
2005 2828 2026 2849 2.
2035 2833 2057 2856 q.
2067 2827 2088 2848 3.

1320 2870 1338 2883 ¹¹
1356 2872 1429 2899 Supra
1446 2877 1467 2893 n.
1488 2870 1522 2892 10.
1538 2871 1595 2892 inira
1612 2869 1717 2892 alluditur
1733 2868 1762 2891 ad
1779 2868 1842 2891 Cant.
1860 2867 1886 2894 3,
1902 2866 1924 2889 7.
