2285 3398
318 150 373 178 372

399 229 440 256 19.
464 228 491 255 111
514 227 649 264 lapidibus
666 226 867 255 ordinabantur
882 225 994 254 nomina
1008 226 1161 255 seeundum

175 283 225 325 ⁰533
234 282 303 324 2335?-
317 273 485 302 nativitatem
508 273 646 310 ipsorum,
662 273 709 301 sed
724 273 751 301 in
767 272 895 309 symbolo
916 272 1069 301 secundum
1090 273 1162 302 dicta

187 330 253 349 lorum.

316 321 516 358 Apostolorum.
540 320 629 349 Unde:
656 332 669 345 «
684 319 771 348 Credo
793 319 819 348 in
841 319 929 348 Deum
953 320 1060 348 l'atrem
1074 320 1162 348 onini-

316 370 469 404 potentem,
484 370 636 396 creatorem
651 366 718 395 caeli
739 369 767 395 et
788 369 878 395 terrae
893 377 920 400 »3
936 375 1013 401 ecce,
1029 375 1103 395 unus
1117 375 1161 395 ar-

318 414 419 443 ticulus
448 414 534 442 Patris
558 413 678 450 ingeniti.
701 430 739 434 -—
766 414 825 442 «Et
846 413 873 442 in
894 414 982 442 lesum
1004 413 1161 447 Christum,

317 461 413 490 Filium
434 461 494 490 eius
515 460 644 495 unicum,
660 460 806 489 Dominum
826 463 953 489 nostrum
967 472 994 495 »;
1010 461 1161 493 secundus,

316 509 372 537 Filii
403 509 486 546 geniti
514 517 529 536 a
558 509 644 537 Patre.
674 525 711 529 -
736 508 839 537 Deinde
867 511 1025 546 sequuntur
1053 503 1111 537 sex¹
1128 508 1162 536 ad

317 556 514 585 humanitatem
547 555 725 592 pertinentes.
759 567 771 580 ει
790 555 842 592 Qui
878 558 1028 592 conceptus
1058 559 1099 584 est
1129 555 1163 583 de

316 603 419 640 Spiritu
441 605 547 636 sancto,
569 604 651 631 natus
672 610 707 630 ex
730 602 815 631 Maria
835 602 941 639 virgine
956 614 983 636 »‚
1006 602 1163 631 1011111531·-

317 649 425 678 ticulus.
455 666 493 670 -—
519 661 532 674 «
549 649 646 678 Passus
676 649 729 678 sub
758 649 852 677 Pontio
874 649 972 683 Pilato,
994 649 1163 682 crucilixuS,

315 699 443 725 mortuus
468 699 495 725 et
519 697 687 734 sepultus»,
708 699 827 734 quartus
857 696 1001 725 articulus.
1024 712 1060 717 —-
1085 708 1097 721 «
1113 697 1164 724 De-

932 148 963 176 lN
985 140 1205 177 HEXA'EMERON
1227 148 1389 176 COLLATIO
1410 148 1451 176 lx.

1219 225 1324 255 scendit
1343 225 1378 254 ad
1399 226 1502 254 inferos
1516 238 1543 260 »,
1565 227 1688 264 quintus.
1708 244 1744 249 -
1771 231 1887 259 «Tertia
1907 232 1950 261 die
1972 240 2066 261 resur-

1219 272 1294 301 rexit
1314 282 1331 300 a.
1351 272 1469 302 mortuis
1483 285 1510 306 n,
1533 276 1639 302 sextus.
1661 290 1699 294 —
1725 286 1739 299 «ι
1754 275 1879 304 Ascendit
1899 278 1932 306 ad
1961 279 2065 313 caelos,

1219 319 1295 348 sedet
1314 319 1348 347 ad
1369 319 1514 348 dexteram
1536 320 1582 349 Dei
1616 320 1703 349 Patris
1727 321 1922 358 omnipotentis
1936 335 1963 357 »‚
1985 325 2067 361 septi—

1219 374 1290 394 mus.
1307 382 1343 386 —
1363 378 1377 391 «
1392 366 1455 395 lnde
1477 370 1612 396 venturus
1639 370 1681 396 est
1706 367 1828 397 iudicare
1848 369 1926 397 vivos
1946 373 1973 398 et
1994 378 2067 399 mor-

1220 417 1320 447 tuos»,
1342 416 1464 442 octavus.
1488 431 1524 435 —
1551 415 1666 444 «Credo
1688 415 1715 443 in
1744 415 1876 452 Spiritum
1898 419 2023 445 sanctum
2040 429 2067 451 »,

1220 468 1317 489 11011115.
1335 477 1370 480 —
1387 472 1400 485 (ι
1412 461 1538 490 Sanctam
1555 462 1702 490 Ecclesiam
1717 462 1879 491 catholicam
1893 474 1919 496 ι),
1934 463 2066 492 decimus.

1219 524 1258 529 —
1277 520 1290 532 «
1305 509 1469 537 Sanctorum
1496 509 1734 543 communionem,
1757 509 1946 538 remissionem
1972 518 2067 547 peeca-

1221 558 1353 588 torum»,
1375 554 1546 584 undecimus.
1563 572 1599 576 —
1617 567 1630 580 ι(
1644 556 1741 585 Carnis
1762 556 2011 590 resurrectionem,
2028 557 2067 585 vi-

1221 605 1276 630 13111
1297 605 1438 631 aeternam
1454 614 1482 636 »,
1496 602 1684 632 duodecimus.
1703 620 1738 624 -
1754 603 1785 631 Et
1800 603 1867 631 haee
1880 604 1899 637 ¹,
1914 603 2067 632 seeundum

1220 648 1295 686 quod
1310 648 1428 686 Spiritus
1450 652 1562 678 sanctus
1583 650 1719 685 instituit,
1737 650 1809 683 unit,
1824 650 1965 687 purificat
1979 659 2067 688 quan-

1221 699 1281 724 tum
1302 695 1335 724 ad
1359 699 1415 725 tres
1438 696 1548 725 ultimas
1568 697 1741 734 operationes
1763 700 1872 734 praeter
1894 698 2032 727 ultimum.

1003 861 1270 909 COLLATIO
1305 861 1380 909 IX.

526 979 569 1012 De
595 977 729 1012 secunda
755 977 870 1011 visione
897 977 1034 1013 tractatio
1061 977 1214 1019 secunda,
1241 989 1321 1024 quae
1346 983 1393 1011 est
1418 978 1455 1011 de
1481 972 1589 1023 triplici
1615 979 1755 1012 firmitate
1781 978 1860 1012 lidci.

315 1112 491 1139 Summarum.
508 1126 544 1131 —
560 1109 748 1138 Introductio.
771 1109 887 1146 Triplex
903 1109 1032 1146 firmitas
1053 1109 1122 1146 fidei
1142 1118 1176 1138 61
1197 1109 1308 1147 triplici
1328 1109 1497 1143 testimonio,
1517 1111 1540 1138 1.
1555 1126 1594 1130 —
1608 1110 1673 1139 Pars
1689 1110 1705 1138 l.
1721 1110 1829 1139 Veritas
1850 1109 1912 1138 lidei
1935 1118 2068 1147 expressa

394 1161 493 1199 triplici
515 1160 687 1195 testimonio,
705 1160 808 1190 seilicet
829 1168 879 1198 per
901 1161 1023 1189 Verbum
1045 1160 1216 1195 increatum,
1232 1161 1422 1195 incarnatum,
1437 1161 1609 1198 inspiratum.
1628 1161 1729 1190 Primo
1743 1161 1922 1198 exprimitur
1933 1170 1988 1199 per
2004 1161 2067 1190 Ver-

395 1212 464 1241 bum
484 1212 665 1246 increatum,
688 1214 713 1240 2.
737 1212 763 1241 3.
778 1228 817 1232 -
832 1211 973 1245 Secundo,
994 1220 1046 1249 per
1068 1211 1190 1240 Verbum
1212 1211 1420 1245 incarnatum,
1443 1212 1469 1240 [ι.
1494 1213 1519 1240 5.
1536 1229 1574 1233 —
1595 1212 1698 1247 Tertio,
1717 1221 1772 1250 per
1793 1212 1917 1241 Verbum
1937 1212 2068 1250 inspira-

395 1268 471 1298 tum,
488 1265 513 1291 (ἱ.
530 1265 556 1291 7.
572 1280 610 1284 —-
626 1263 668 1291 Ab
690 1263 753 1300 ipso
773 1266 844 1291 sunt
862 1262 1015 1291 duodecim
1035 1262 1231 1300 simulamenta
1251 1262 1319 1299 fidei
1343 1266 1368 1290 et
1388 1262 1540 1291 duodecim
1560 1263 1689 1292 rationes
1708 1263 1861 1300 firmitatis
1881 1263 1964 1300 fidei;
1980 1263 2068 1292 varia

396 1315 507 1343 06111110
528 1314 612 1351 fidei,
628 1315 654 1342 8.
671 1330 707 1334 —
723 1314 788 1342 Pars
803 1314 831 1342 ll.
847 1314 973 1350 Quatuor
994 1313 1114 1342 rationes
1134 1313 1309 1342 ostendentes
1330 1313 1489 1342 firmitatem
1511 1313 1658 1343 testimonii
1680 1314 1872 1350 Apostolorum
1893 1314 2068 1351 aliorumque

395 1365 523 1399 testium,
546 1366 571 1394 t).
594 1381 632 1385 ——
654 1364 760 1393 Prima
780 1364 909 1401 firmitas
929 1367 969 1393 est
989 1373 1024 1393 ex
1046 1364 1160 1392 testium
1180 1364 1285 1393 notitia
1306 1368 1402 1399 certa,
1424 1373 1499 1402 eptae
1519 1364 1616 1393 oritur
1636 1373 1671 1393 eoe
1692 1364 1803 1402 triplici
1822 1364 1942 1399 visione,
1968 1366 2010 1393 10.
2029 1381 2068 1386 —-

398 1416 474 1445 Visio
496 1415 693 1445 intellectualis
711 1424 809 1453 puru,
835 1417 877 1444 11.
900 1432 938 1436 -—
959 1415 1035 1443 Visio
1058 1415 1255 1444 intellectualis
1280 1415 1381 1444 iuncta
1409 1424 1477 1444 cum
1503 1415 1611 1444 visione
1639 1415 1840 1453 imagyinaria,
1866 1417 1909 1444 12.
1934 1432 1969 1436 -
1992 1415 2068 1444 Visio

396 1466 594 1496 intellectualis
615 1467 716 1495 iuncta
736 1475 803 1495 cum
824 1466 989 1503 corporali,
1015 1466 1057 1495 13.
1074 1483 1112 1487 -
1129 1467 1168 1494 De
1188 1466 1234 1495 liis
1256 1466 1351 1495 tribus
1372 1466 1403 1495 in
1421 1475 1534 1504 yenere,
1556 1467 1599 1495 111.
1616 1483 1654 1487 -
1669 1466 1803 1495 Secunda
1823 1466 1952 1503 firmitus
1973 1469 2015 1495 est
2034 1475 2068 1495 ex

395 1519 509 1548 testium
529 1517 616 1556 fama
633 1517 779 1556 perlecta,
793 1517 923 1555 fututum
945 1517 976 1546 in
997 1517 1108 1555 triplici
1124 1517 1344 1555 praeclaritate,
1364 1519 1406 1546 15.
1422 1534 1461 1539 ——
1475 1517 1680 1547 Praeclaritas
1696 1517 1870 1546 meritorum
1891 1521 1915 1546 et
1936 1517 2068 1546 miracu-

395 1570 507 1605 lorum,
533 1571 575 1599 16.
599 1587 636 1590 —
658 1569 862 1598 Praeclaritas
890 1569 1105 1598 miraculorum
1133 1573 1158 1598 et
1185 1569 1420 1608 martyriorum,
1446 1571 1488 1598 17.
1512 1586 1550 1590 —
1570 1569 1612 1598 De
1636 1568 1682 1598 bis
1709 1569 1814 1603 tribus,
1839 1570 1882 1598 18.
1904 1585 1944 1590 —-
1972 1568 2069 1597 Tertia

394 1622 523 1659 firmitus
543 1625 583 1650 est
603 1630 637 1650 61·
659 1621 774 1650 testium
795 1621 952 1649 concordia
969 1620 1074 1658 plena,
1095 1615 1170 1659 quae
1191 1624 1232 1649 est
1252 1621 1284 1649 in
1304 1620 1424 1659 eloquiis
1445 1620 1628 1658 Scripturae,
1646 1620 1767 1649 decretis
1784 1620 1998 1654 Conciliorum,
2019 1620 2069 1649 do-

394 1673 535 1702 cumentis
564 1672 757 1706 Sanctorum,
783 1673 824 1701 19.
847 1689 885 1692 -
906 1672 948 1700 De
972 1672 1092 1710 eloquiis
1119 1672 1302 1709 Scripturae,
1325 1673 1370 1701 20.
1393 1689 1431 1693 —
1455 1672 1493 1701 De
1520 1671 1641 1700 decretis
1664 1671 1878 1706 Conciliorum,
1900 1672 1946 1700 21.
1969 1687 2007 1692 -—
2029 1671 2070 1700 De

395 1724 573 1753 documentis
594 1724 788 1758 Sanctorum,
810 1724 855 1752 22.
879 1739 915 1744 —-
938 1723 1055 1759 Quarta
1074 1722 1204 1760 firmitas
1224 1726 1265 1752 cst
1285 1732 1319 1752 ex
1341 1723 1456 1752 testium
1479 1723 1620 1752 sententia
1639 1722 1731 1760 firma
1749 1731 1804 1760 per
1824 1731 1997 1751 consensum
2019 1731 2069 1751 ra-

395 1776 489 1804 tionis.
519 1775 634 1812 Tripleoe
655 1775 781 1803 rationis
803 1774 964 1809 iudicium,
980 1774 1026 1804 23.
1040 1791 1076 1796 —
1089 1774 1276 1803 Sentieiulum
1296 1774 1331 1803 de
1350 1775 1406 1804 Deo
1425 1775 1524 1812 primo
1545 1774 1688 1804 altissime
1708 1777 1733 1803 et
1750 1774 1894 1812 piissime,
1909 1774 1955 1803 211.
1969 1790 2005 1795 -
2021 1773 2068 1803 Se-

394 1827 499 1861 cundo,
521 1826 660 1855 altissime
680 1830 706 1855 et
726 1826 886 1860 verissime,
908 1827 953 1855 25.
976 1842 1014 1847 ——
1042 1826 1150 1860 Terti0,
1172 1825 1312 1855 altissime
1336 1830 1360 1855 et
1385 1826 1499 1864 optime,
1521 1827 1567 1855 26.
1591 1842 1628 1847 —
1650 1825 1695 1854 Ab
1723 1825 1782 1855 13111
1809 1825 1871 1854 luce
1897 1828 1937 1854 est
1965 1825 2070 1862 triplex

395 1878 527 1915 influxus
548 1878 580 1906 in
600 1878 751 1912 animam,
773 1877 880 1907 scilicet
902 1877 993 1906 robur
1016 1877 1142 1912 virtutis,
1164 1877 1246 1906 zelus
1273 1877 1416 1912 veritatis,
1437 1886 1571 1906 excessus
1591 1877 1715 1912 amoris,
1734 1878 1780 1906 27.
1797 1878 1843 1906 28.
1860 1893 1896 1898 —
1914 1877 1948 1905 111
1968 1876 2070 1905 ultimo

395 1932 434 1957 est
455 1937 603 1957 summum
624 1932 649 1957 et
669 1937 744 1966 apex
764 1928 849 1966 fidei,
871 1929 917 1957 29.

183 2120 304 2139 introductio.

399 2065 423 2092 1.
454 2063 566 2091 Vocavit
596 2064 671 2092 Deus
697 2065 918 2101 firmamentum
946 2063 1081 2092 caetum²
1109 2066 1159 2092 etc.

318 2111 427 2140 Dictum
450 2114 505 2143 est,
521 2110 594 2147 quod
615 2110 738 2140 altitudo
759 2111 821 2140 lidei
842 2111 870 2139 in
891 2111 1001 2140 duobus
1021 2110 1160 2139 consistit:

317 2159 344 2187 in
365 2157 508 2187 altitudine
529 2157 716 2186 sublimitatis
737 2161 764 2187 et
785 2158 812 2187 in
840 2158 985 2187 altitudine
1002 2157 1162 2195 profundi-

317 2205 393 2234 tatis.
409 2205 448 2233 De
462 2204 605 2233 altitudine
626 2204 688 2233 fidei
709 2205 813 2234 dictum
835 2208 891 2239 est,
907 2205 954 2234 sed
975 2213 1050 2234 nune
1070 2205 1162 2234 dicen-

1218 2072 1268 2101 per
1289 2064 1412 2092 Verbum
1433 2063 1613 2097 increatum,·
1630 2063 1765 2097 secunda,
1787 2071 1824 2092 ex
1847 2062 2002 2092 testimonio
2024 2069 2069 2090 ve-

1219 2111 1309 2140 ritatis
1322 2119 1472 2149 expressae
1490 2119 1540 2148 per
1558 2110 1680 2140 Verbum
1695 2111 1885 2140 incarnatum
1894 2120 1904 2144 ;
1920 2109 2016 2143 tertia,
2031 2117 2068 2138 ex

1220 2158 1376 2187 testimonio
1406 2159 1530 2188 veritatis
1560 2166 1710 2196 expressae
1741 2166 1790 2195 per
1823 2157 1947 2186 Verbum
1977 2156 2068 2193 inspi-

1209 2238 1212 2241 ,
1219 2208 1328 2233 ratum.

316 2253 383 2282 dum
404 2255 445 2281 est
475 2251 509 2280 de
536 2251 596 2280 eius
624 2250 770 2287 firmitate.
800 2252 851 2281 Sed
879 2252 901 2281 si
923 2252 1001 2287 alta,
1023 2252 1162 2290 quomodo

317 2299 416 2328 certa?
438 2298 508 2335 Quia
522 2306 576 2332 res,
591 2301 694 2335 quanto
713 2299 808 2333 altior,
831 2303 907 2328 tanto
928 2299 1020 2328 minus
1040 2301 1119 2334 nota3
1135 2303 1163 2329 et

318 2349 422 2384 quanto
449 2345 542 2374 minus
563 2348 642 2379 nota,
671 2348 746 2374 tanto
773 2346 859 2383 magis
880 2346 1047 2375 dubitabilis.
1070 2364 1108 2367 —
1131 2347 1162 2376 Et

318 2392 379 2422 ideo
409 2391 633 2429 intelligendum,
654 2392 728 2429 quod
757 2393 840 2422 huius
871 2393 933 2422 111101
963 2394 1092 2430 firmitas
1120 2397 1162 2423 est

318 2440 429 2477 triplex.
453 2439 542 2467 Prima
563 2440 604 2467 est
624 2446 661 2467 ex
683 2439 837 2467 testimonio
869 2440 991 2469 veritalis
1011 2448 1161 2477 expressae

1298 2254 1324 2281 2.
1347 2252 1386 2281 De
1407 2252 1497 2289 prima
1517 2252 1558 2281 in·
1566 2252 1672 2289 primae
1703 2252 1811 2281 loannis
1830 2251 1929 2288 quinto
1944 2250 1970 2278 ³:
2000 2250 2068 2279 Tres
2088 2261 2135 2287 pars
2149 2260 2161 2278 ι.
2175 2261 2210 2278 ve-

1218 2303 1301 2333 sunt,
1323 2299 1375 2337 qui
1395 2299 1592 2328 testimonium
1616 2299 1688 2328 dant
1710 2299 1742 2328 in
1762 2298 1857 2332 cacto,
1879 2298 1979 2331 Pater,
2002 2297 2067 2325 Ver-
2080 2286 2210 2331 ἔζωῧὲἶρῦἓῗῖ

1219 2346 1287 2375 bum
1315 2350 1341 2375 et
1368 2347 1499 2384 Spiritus
1519 2350 1657 2380 sanctus,·
1682 2350 1707 2375 et
1728 2345 1760 2375 bi
1786 2349 1844 2375 tres
1871 2353 1966 2373 unum
1989 2347 2066 2373 sunt.
2081 2331 2210 2373 ifflmc‘m'

1219 2394 1237 2422 Α
1269 2393 1359 2422 tribus
1386 2394 1478 2422 datur
1510 2393 1713 2428 testimonium,
1735 2393 1782 2422 sed
1810 2391 1987 2430 exprimitur
2019 2399 2068 2428 per

178 2426 305 2450 mmmm
1220 2440 1355 2474 Verbum,
1370 2440 1436 2477 quia
1451 2440 1573 2469 Verbum
1593 2444 1621 2469 et
1638 2440 1749 2469 *Patrem
1765 2443 1792 2468 et
1806 2447 1835 2468 se
1850 2439 1939 2476 ipsum
1961 2442 1988 2467 et
2010 2438 2068 2475 Spi-

202 2450 285 2469 firmitas.

383 2631 390 2644 ¹
409 2632 461 2654 Scil.
478 2635 577 2661 quatuor
595 2631 665 2654 ultiuii
683 2631 783 2658 articuli,
801 2638 901 2660 quorum
919 2632 1007 2659 primus
1024 2636 1057 2655 est
1075 2634 1103 2655 de
1116 2634 1163 2662 Spi-
1283 2632 1293 2646 ²
1310 2636 1366 2657 Gen.
1388 2635 1410 2661 l,
1428 2635 1450 2656 8.
1466 2645 1498 2650 —-
1516 2634 1539 2656 111
1556 2640 1622 2662 seqq.
1639 2633 1761 2661 respicitur
1779 2633 1869 2655 collatio
1887 2632 2036 2660 praecedens.

320 2673 363 2696 ritu
382 2673 404 2694 S.
421 2671 446 2694 in
462 2677 500 2699 se,
518 2671 565 2693 duo
582 2672 705 2699 sequentes
727 2671 756 2693 de
779 2670 851 2692 tribus
873 2671 922 2692 eius
944 2672 1117 2698 operationibus
1138 2672 1163 2696 in
1283 2671 1293 2685 ⁸
1311 2674 1377 2696 Vers.
1393 2673 1416 2696 7.
1427 2685 1458 2690 —
1471 2673 1524 2702 Seq.
1543 2673 1608 2695 locus
1624 2677 1659 2695 est
1675 2673 1711 2695 Ps.
1728 2673 1770 2699 32,
1783 2673 1809 2699 65
1822 2672 1901 2694 tertius
1913 2672 1948 2694 Ps.
1962 2671 2018 2698 118,
2031 2671 2066 2692 89.

316 2711 439 2743 praesenti
444 2730 450 2740 ,
468 2716 554 2739 nempe
571 2710 600 2732 de
617 2710 757 2732 institutione
774 2710 899 2736 Ecclesiae,
911 2710 941 2732 de
952 2710 1037 2733 unione
1049 2712 1163 2734 membro·
1221 2719 1269 2741 seq.
1287 2725 1318 2729 —
1335 2713 1385 2735 Mox
1403 2719 1446 2741 pro
1463 2711 1608 2741 emprimitur
1629 2712 1646 2734 Α
1668 2711 1841 2741 exprimuntur
1850 2719 1858 2739 ,*
1876 2714 1952 2733 tamen
1969 2709 2067 2732 xerbum

319 2758 372 2775 rum
389 2753 411 2773 et
427 2749 563 2773 remissione
580 2751 741 2777 peccatorunu
758 2748 852 2771 ultimus
874 2748 994 2775 articulus,
1011 2750 1049 2777 qui
1071 2751 1162 2778 respici-

319 2793 356 2813 tur
373 2796 414 2819 per
432 2789 503 2812 verba
521 2788 615 2812 inferius
637 2788 711 2816 posita
730 2788 826 2817 praeter
846 2787 969 2815 ultimum»,
986 2789 1086 2811 ostendit
1105 2789 1163 2811 duas

319 2829 466 2858 operationes
483 2827 581 2856 Spiritus
597 2826 668 2850 sancti
685 2826 711 2850 in
726 2826 817 2856 futuro,
830 2826 878 2848 scil.
889 2826 1097 2849 remunerationem
1116 2834 1163 2850 cor-

321 2868 383 2896 poris
404 2867 492 2897 (caruis
511 2865 717 2894 rffiuffectionem)
738 2868 760 2888 01
781 2865 991 2888 remunerationem
1014 2866 1105 2888 animae
1127 2868 1162 2890 vel

320 2908 389 2930 etiam
411 2907 531 2935 utriusque
553 2905 637 2934 (vitam
659 2905 795 2933 aeternam).
820 2904 866 2927 Ctr.
888 2905 965 2928 Dictae
990 2905 1068 2927 salutis
1091 2905 1163 2933 (inter

320 2952 391 2974 opera
410 2945 559 2974 S.'Bonav.)‚
577 2945 609 2967 tit.
626 2945 648 2967 5.
665 2951 685 2967 c.
703 2945 725 2967 3.

1220 2753 1318 2774 refertur
1336 2752 1418 2775 melius
1436 2751 1465 2774 ad
1483 2750 1652 2774 testimonium.
1669 2750 1765 2773 1111011115
1780 2756 1822 2778 pro
1834 2749 1864 2773 Et
1876 2750 1919 2773 isto
1941 2748 2013 2772 Verbo
2029 2748 2067 2778 fir-

1219 2793 1318 2815 mantur
1340 2793 1362 2814 61
1384 2791 1493 2815 caelestes
1510 2792 1532 2813 et
1548 2789 1702 2813 submlestes
1722 2790 1741 2812 D
1768 2789 1869 2813 Verbum
1892 2788 1954 2812 mim
1971 2789 2005 2811 est
2022 2794 2068 2810 1116-

1220 2830 1286 2853 dium
1303 2830 1469 2860 expressivum
1485 2829 1584 2859 affectus
1601 2830 1623 2852 et
1644 2828 1774 2853 intellectus
1797 2828 1925 2852 interioris.
1949 2826 2013 2850 Unde
2028 2826 2067 2856 fir-

1220 2868 1300 2892 mitate
1317 2869 1388 2892 liuius
1410 2867 1480 2892 Verbi
1495 2869 1544 2892 tam
1557 2868 1666 2892 caelestes
1680 2874 1753 2898 quom
1764 2867 1918 2892 subcoeleste-s·
1929 2867 2067 2897 firmantur.

1220 2907 1379 2931 Subcuelcstes
1396 2907 1494 2931 vin-itale
1511 2914 1624 2938 cupressu
1639 2913 1685 2937 per
1701 2906 1786 2936 ipsam.
