2285 3398
805 144 835 172 lN
858 137 1076 172 HEXAEMERON
1097 143 1258 172 COLLATlo
1281 144 1345 172 xix.

286 223 310 249 35.
333 222 455 258 Qualiter
470 230 536 259 ergo
551 222 716 251 studendum
738 225 779 251 est
792 222 928 251 amentiae
941 224 968 250 et
982 230 1050 250 san-

70 275 193 317 Finigaztfien—
206 268 299 297 ctz‘tati
319 272 345 297 et
365 268 544 305 sapientiae?
558 269 673 306 Oportet
693 270 780 303 scire,
804 272 834 297 ut
848 269 881 297 de
902 268 1050 306 fructibus

205 316 364 354 sapientiae
386 316 529 350 habeatur,
551 320 578 345 et
593 325 642 353 per
664 320 756 353 portas
774 317 891 345 civitatis
913 316 1049 353 possimus

206 363 335 397 introire;
357 363 532 392 Ecclesiastes
546 365 567 391 ¹:
591 363 685 392 Labor
708 364 865 392 stultorum
881 364 980 401 perdet
1004 372 1049 392 ees

206 410 258 449 qui
278 410 409 439 nesciunt
424 410 454 439 in
471 410 569 439 arbem
583 419 711 448 perpere,
727 412 777 439 hoc
792 414 845 445 est,
861 411 908 448 qui
924 411 1050 440 nesciunt

207 457 318 486 studere
346 457 373 486 in
402 457 504 494 quibus
525 460 640 494 oportet.
664 458 691 485 ln
719 457 815 486 Genesi
843 457 953 491 dicitur,
975 456 1048 494 quod

206 505 270 533 tulit
287 505 429 533 Dominus
444 505 520 533 Deus
540 503 681 533 hominem
698 508 723 533 et
733 505 833 542 posuit
850 505 880 533 in
893 504 1047 542 paradise,

206 556 237 580 ut
258 556 431 589 operaretur
452 555 476 579 et
497 551 652 580 castodiret
674 551 764 580 illum.
788 569 825 573 ——
846 551 961 588 Oportet
985 559 1048 588 ‹ype-

72 605 193 647 <Eirffifi³›¹³1}¹o‘3
207 599 274 627 rari
288 599 315 627 in
330 607 408 628 sacra
429 598 571 636 Scriptura
592 601 619 627 et
640 599 795 628 exercitare
810 599 986 628 intellectum.
1003 599 1048 627 Se-

71 634 158 670 ὶῗππτᾱ-ἶ-
179 644 184 647 '
206 655 284 675 neca:
302 647 425 675 «Multos
443 645 532 675 inveni
554 646 739 675 exercitantes
760 655 876 683 corpus,
892 654 994 684 paucos
1008 646 1048 675 in-

206 694 316 730 genium
332 707 357 721 ».
381 694 448 722 Haec
470 693 633 722 exercitatio
653 696 695 721 est
716 693 830 730 spiritus
849 694 881 722 ad
904 693 1047 730 pietatem;

208 740 278 769 ruric
310 741 337 769 in
369 740 561 769 Proverbiis2:
585 740 642 768 Per
673 749 782 777 ayt-am
814 740 940 769 lioiiiz'nis
968 740 1049 778 pieri

206 788 332 817 transivi*
352 792 375 816 et
394 796 447 825 per
467 787 583 815 vineam
613 787 674 815 viri
693 788 781 816 stulti.
808 788 840 816 Et
860 796 936 821 ecee,
959 791 1047 816 tetum

206 837 381 873 repleverant
403 835 527 868 urticae,
550 838 574 862 et
595 838 771 871 operuerant
785 835 967 872 superficiem
987 834 1049 863 eius

204 883 315 919 spinae,
337 887 361 911 et
378 883 508 911 maceria
524 882 658 919 lapidum
672 883 820 911 ‹lestracta
841 886 911 910 erat.
928 883 981 911 Hoc
1003 882 1048 916 tit,

205 930 314 967 quando
329 931 410 959 homo
429 930 511 958 habet
525 929 624 957 bonam
639 929 843 966 dispositionem
859 933 885 958 et
900 938 953 958 non
968 937 1049 958 exer-

205 980 247 1005 cet
265 985 338 1011 eam,
360 977 407 1006 sed
432 979 561 1006 crescunt
586 976 621 1005 ibi
646 977 759 1005 urticae
777 976 966 1013 malignitatis,
991 977 1049 1014 spi—

207 1032 259 1052 nae
280 1024 444 1061 cupiditatis.
468 1023 597 1052 Macarta
619 1023 751 1061 lapidum
772 1023 908 1051 virtutum
930 1023 1050 1051 destrui-

205 1075 250 1099 tur
282 1074 395 1108 propter
425 1070 629 1108 dissipationem
661 1070 871 1108 cogitationum:
900 1069 973 1098 unde
1000 1070 1049 1097 ibi-

203 1119 281 1147 dem:
314 1119 472 1155 Praepara
501 1117 577 1155 foris
608 1126 681 1155 opus
712 1121 812 1151 tuum,
844 1120 869 1145 et
899 1116 1049 1154 (tiliyenter

204 1175 301 1195 exerce
322 1174 431 1204 aerum
452 1168 543 1194 taam.

70 1210 184 1253 Ρζζῖθζῑῐξὲ
285 1215 309 1241 6.
332 1213 427 1242 Modus
445 1212 570 1242 studendi
593 1212 674 1241 debet
691 1212 793 1240 habere
809 1211 935 1248 quatuor
956 1210 1049 1239 condi-

63 1257 144 1276 ⁸2¹¹¹⁰d⁰
154 1260 190 1276 ⁸²¹¹·
205 1260 305 1289 tiones:
322 1260 463 1294 ordinem,
478 1259 691 1293 assiduitatem,
710 1257 958 1295 complacentiam
973 1266 1049 1286 com-

120 1281 158 1299 ndi.

63 1281 146 1336 ngfuor
164 1318 193 1331 re-
205 1307 459 1336 mensurationem.
475 1323 512 1328 —-
530 1306 608 1335 Ordo
628 1304 811 1335 diversimode
834 1304 952 1333 traditur
973 1313 989 1333 a
1009 1304 1050 1333 di-

63 1338 194 1381 P‘ff'i'rff'fflc‘ib.
207 1355 306 1389 versis;
329 1354 376 1384 sed
396 1357 505 1392 oportet
525 1353 649 1383 ordinate
670 1352 828 1390 procedere,
850 1360 884 1381 ne
905 1352 939 1381 de
959 1352 1050 1389 primo

204 1402 303 1431 saciant
324 1402 469 1439 posterius.
491 1402 560 1430 Sunt
581 1408 647 1437 ergo
667 1402 787 1437 quatuor
808 1407 910 1437 genera
930 1399 1050 1436 scriptu-

94 1454 192 1496 ssimi
206 1458 317 1484 rarum,
339 1449 412 1478 circa
433 1456 503 1486 quae
524 1450 632 1485 oportet
656 1447 781 1475 ordinate
801 1447 936 1476 exerceri.
966 1447 1049 1475 Primi

188 1493 267 1526 'libri
289 1499 354 1526 sunt
374 1503 468 1525 sacrae
489 1495 657 1532 scripturae.
678 1494 706 1522 ln
722 1496 885 1523 testamento
907 1494 992 1523 veteri
1008 1502 1050 1523 se-

204 1544 325 1573 cundum
357 1542 574 1579 Hieronymum3
596 1541 690 1579 viginti
722 1541 777 1570 duo
809 1541 887 1576 libri,
920 1541 947 1570 in
979 1550 1050 1570 novo

204 1593 366 1620 testamento
392 1592 454 1618 octo
481 1592 554 1618 sunt.
578 1588 694 1618 Secundi
723 1588 785 1617 libri
814 1591 879 1617 sunt
906 1589 1051 1626 originalia

204 1639 382 1672 Sanctorum;
409 1636 499 1671 tertii,
521 1636 676 1666 Sententiae
704 1636 917 1673 magistrorum3
940 1636 1049 1673 quarti,

202 1685 390 1714 doctrinarum
412 1684 593 1713 mundialium
616 1684 673 1712 sive
691 1683 930 1720 philosophorum.

282 1734 307 1761 7.
330 1732 382 1769 Qui
404 1740 470 1769 ergo
490 1731 551 1760 vult
575 1731 681 1759 discere
709 1733 825 1767 quaerat
852 1730 993 1759 scientiam
1022 1729 1049 1757 in

74 1781 291 1823 gxqeneniiafonte,
313 1779 416 1809 scilicet
436 1779 464 1807 in
478 1786 568 1807 sacra
590 1777 762 1815 Scriptura,
784 1778 850 1814 quia
867 1777 940 1814 apud
961 1776 1037 1814 philo

74 1812 188 1833 ‘mptum'
203 1827 304 1865 sophos
324 1834 379 1855 non
400 1828 442 1855 est
456 1825 570 1854 scientia
589 1825 623 1854 ad
637 1824 754 1853 dandam
776 1824 966 1853 remissionem
988 1832 1050 1861 pec-

203 1877 344 1909 catorum3
366 1880 417 1902 nec
437 1872 512 1910 apud
537 1872 664 1901 Summas
684 1871 897 1908 magistrorum,
925 1871 991 1908 quia
1011 1871 1050 1900 illi

203 1922 238 1951 ab
258 1920 439 1959 originalibus
460 1923 624 1954 traxerunt,
646 1919 790 1957 originalia
810 1914 901 1948 autem
929 1927 945 1947 a
972 1927 1051 1948 sacra

204 1969 355 2006 Scriptura.
378 1965 453 1997 Unde
473 1967 540 1996 dicit
560 1966 730 2004 Augustinus
740 1967 761 2001 4,
782 1966 857 2004 quod
877 1966 935 2003 ipse
963 1966 1050 2003 decipi

204 2018 294 2052 potest
314 2018 341 2044 et
362 2015 420 2049 alii;
440 2014 487 2044 sed
505 2014 541 2043 ibi
557 2017 598 2042 est
619 2013 687 2042 fides
709 2016 796 2047 tanta,
817 2013 863 2042 ubi
886 2021 940 2042 non
962 2016 1052 2050 potest

204 2071 263 2092 esse
284 2063 416 2100 deceptio.
440 2063 470 2091 Et
492 2062 543 2091 hoc
564 2061 630 2090 dicit
650 2061 796 2097 Dionysius
816 2061 850 2089 de
870 2060 975 2089 Divinis
1000 2061 1051 2089 No-

204 2111 339 2145 minibus,
354 2110 428 2148 quod
454 2109 548 2138 «nihil
562 2107 759 2137 assumendum
781 2111 837 2142 est,
852 2107 904 2136 nisi
925 2107 999 2144 quod
1014 2115 1050 2136 ex

77 2164 142 2183 Modus
155 2166 193 2191 ‚stu-
205 2158 322 2195 eloquiis
346 2156 431 2186 sacris
452 2155 584 2185 divinitus
611 2154 690 2183 nobis
715 2158 756 2183 est
783 2162 947 2191 expressum
963 2166 989 2182 n.
1013 2170 1049 2175 —

102 2188 167 2207 dem
205 2205 321 2235 Studere
348 2204 429 2233 debet
449 2202 550 2231 Christi
571 2202 723 2238 discipulus
744 2202 771 2230 in
793 2209 871 2230 sacra
891 2201 1049 2238 Scriptura,

1891 147 1943 175 [tal

1106 221 1178 250 sicut
1199 223 1275 258 pueri
1300 223 1388 259 primo
1409 224 1552 253 addiscunt
1571 233 1599 257 a,
1617 225 1642 257 b,
1658 233 1681 258 c,
1697 225 1716 252 (Ι
1731 228 1791 259 etc.²
1807 228 1833 253 et
1856 228 1948 262 postea

1106 268 1267 304 syllabicam».
1288 273 1314 298 vt
1337 274 1429 306 postea
1445 271 1533 307 legere
1555 274 1582 299 et
1597 275 1705 307 postea,
1727 272 1792 308 qnid
1815 272 1948 308 significet

1107 323 1178 352 pars.
1201 316 1329 344 Similiter
1352 317 1377 345 in
1400 325 1478 345 sacra
1499 318 1642 358 Scriptura
1671 319 1759 355 primo
1786 318 1866 347 debet
1887 319 1949 355 quis

1106 362 1217 390 studere
1240 363 1265 391 in
1288 366 1367 392 textu
1389 368 1415 392 et
1437 365 1527 401 ipsum
1544 365 1645 393 habert¹
1668 365 1693 393 in
1716 368 1845 402 promptu
1868 368 1894 393 et
1909 365 1949 393 in-

1106 409 1240 447 telligere,
1261 423 1273 435 «ι
1286 411 1350 447 quid
1366 411 1468 440 dicitur
1484 420 1532 448 per
1548 420 1646 440 nomen
1658 412 1669 429 ὕ
1682 425 1708 447 n,
1724 421 1777 440 non
1793 412 1882 441 solum
1899 412 1949 440 sic-

1106 459 1137 485 ut
1159 456 1288 491 ludaeus,
1311 458 1358 494 qui
1380 466 1489 494 semper
1518 458 1632 487 intendit
1659 459 1693 487 :id
1722 459 1866 487 litteralem
1889 466 1951 487 sen—

1106 512 1176 532 sum.
1199 504 1266 532 'l'ota
1287 504 1430 541 Scriptura
1452 508 1493 533 est
1514 505 1592 542 quasi
1616 514 1669 533 una
1806 529 1811 539 ‚
1833 508 1860 534 et
1883 505 1949 533 inse-
1964 513 2076 531 homimum.

1106 550 1163 579 rior
1190 551 1294 579 chorda
1314 559 1363 587 per
1392 559 1420 580 se
1442 560 1495 580 non
1518 551 1581 580 facit
1610 552 1706 580 harmo
1790 576 1796 585 ,
1818 552 1865 581 sed
1887 559 1950 580 cum

1105 597 1177 632 aliis;
1209 597 1334 627 similiter
1367 606 1440 627 unus
1472 598 1548 627 locus
1579 599 1738 635 scripturae
1759 599 1893 636 dependet
1917 598 1952 627 ab

1105 645 1171 680 alio,
1192 646 1277 674 immo
1298 654 1386 674 unum
1409 646 1499 674 locum
1522 646 1675 683 respiciunt
1695 647 1769 675 mille
1791 647 1856 675 loca.

1184 693 1209 721 8.
1233 693 1399 727 Notandum,
1421 693 1495 730 quod
1513 693 1624 730 quando
1644 693 1771 722 Christus
1787 694 1848 722 fecit
1869 693 1952 722 mira·
1964 700 2087 727 eoagulatus

1105 740 1199 769 culum
1221 740 1254 768 de
1282 740 1461 769 conversione
1481 748 1569 777 aquae
1591 740 1617 768 in
1649 741 1759 775 vinum,
1786 750 1840 769 non
1861 741 1952 769 statim
1971 724 2080 748 ¹²⁰‘³¹⁷⁰¹¹⁹‘

1105 787 1192 816 dixit:
1215 787 1262 816 siat
1283 787 1395 822 vinum,
1425 795 1474 816 nec
1495 787 1558 816 fecit
1586 788 1619 816 de
1641 787 1744 822 nihilo3
1774 788 1821 817 sed
1849 788 1952 822 voluit,

1106 834 1180 872 quod
1202 834 1320 864 ministri
1342 835 1490 871 implerent
1511 835 1623 871 hydrias
1643 843 1728 872 aqua,
1749 838 1782 864 ut
1801 835 1867 864 dicit
1886 836 1952 864 Gre-

1106 882 1201 919 gorius
1212 882 1231 909 ⁶.
1255 882 1291 910 Ad
1324 882 1465 916 litteram,
1487 890 1574 919 quare
1605 882 1643 911 sic
1674 882 1753 917 fecit,
1775 882 1845 911 ratio
1876 882 1951 911 reddi

1106 937 1160 958 non
1176 932 1277 965 potest;
1293 929 1341 958 sed
1362 929 1515 958 secundum
1529 929 1714 966 spiritualem
1736 929 1952 967 inteltiyemz'am

1107 976 1183 1004 reddi
1199 978 1288 1013 potest
1309 976 1394 1004 ratio:
1410 976 1475 1013 quia
1496 976 1615 1013 Spiritus
1636 979 1748 1005 sanctus
1763 984 1817 1004 non
1838 976 1885 1004 dat
1899 976 1953 1012 spi-

1107 1023 1236 1051 ritualem
1251 1023 1474 1060 intelligentiam,
1489 1016 1548 1051 'nisi
1570 1023 1652 1051 homo
1667 1022 1779 1059 impleat
1799 1021 1952 1059 hydriam,

1106 1069 1210 1098 scilicet
1230 1070 1407 1106 capacitatem
1429 1078 1523 1104 suam,
1545 1078 1640 1108 aqua,
1662 1070 1766 1098 scilicet
1793 1070 1889 1098 notitia
1911 1070 1954 1097 lit-

1107 1116 1201 1145 teralis
1221 1124 1332 1150 sensus,
1353 1120 1380 1145 et
1401 1119 1463 1153 post
1483 1116 1619 1145 convertit
1640 1117 1714 1145 Deus
1735 1125 1836 1153 aquam
1857 1124 1954 1145 sensus

1106 1162 1233 1192 litteralis
1247 1163 1274 1191 in
1290 1163 1385 1192 vinum
1407 1162 1559 1200 spiritualis
1577 1163 1778 1199 intelligentiae.
1791 1163 1955 1199 —Propter
1968 1171 2063 1194 memma.

1106 1209 1159 1238 hoc
1180 1210 1281 1238 Paulus
1301 1210 1354 1238 suit
1373 1210 1462 1243 altus,
1483 1210 1549 1246 quia
1571 1209 1628 1246 ipse
1648 1210 1781 1239 didicerat
1802 1211 1900 1247 Legem
1922 1210 1954 1238 ad

1106 1256 1190 1293 pedes
1209 1256 1365 1285 Gamalielis
1376 1257 1395 1285 ⁷.
1427 1256 1503 1285 Unde
1524 1256 1572 1294 qui
1604 1257 1775 1294 Scripturam
1804 1257 1887 1286 habet
1909 1266 1956 1294 po-

1106 1306 1168 1332 tens
1187 1306 1229 1332 est
1250 1303 1277 1331 in
1308 1303 1426 1341 eloquiis
1450 1306 1477 1332 et
1508 1303 1591 1332 etiam
1613 1303 1640 1332 in
1672 1306 1789 1333 venusto
1820 1312 1955 1334 sermone.

1106 1350 1182 1379 Unde
1202 1350 1300 1379 beatus
1320 1350 1478 1380 Bernardus
1502 1358 1603 1388 parum
1627 1351 1745 1389 sciebat,
1768 1351 1814 1380 sed
1836 1352 1901 1389 quia
1930 1352 1957 1380 in

1106 1397 1251 1435 Scriptura
1270 1398 1391 1427 multum
1417 1393 1538 1433 studuit;
1561 1398 1622 1428 ideo
1649 1399 1760 1428 locutus
1781 1402 1822 1428 est
1849 1399 1957 1436 elegan-

1107 1445 1219 1474 tissime.

1187 1494 1212 1521 9.
1236 1493 1359 1522 Primum
1380 1493 1465 1530 igitur
1486 1497 1542 1528 est,
1564 1493 1638 1530 quod
1661 1494 1742 1522 homo
1764 1493 1864 1522 habeat
1885 1493 1956 1522 Scri-

1106 1544 1218 1578 pturam
1240 1549 1294 1569 non
1316 1541 1388 1569 sicut
1409 1541 1538 1575 Iudaeus,
1560 1541 1607 1578 qui
1630 1541 1721 1570 solum
1742 1541 1801 1569 vult
1816 1541 1954 1569 corticem.

1106 1587 1182 1617 Unde
1203 1587 1315 1624 quidam
1337 1588 1454 1617 Iudaeus
1474 1588 1558 1617 semel
1580 1588 1686 1625 legebat
1707 1587 1773 1616 illud
1802 1587 1954 1624 capitulum
1969 1596 1996 1615 ne
2009 1596 2087 1614 :notiam

1107 1635 1226 1664 lsaiao⁸:
1249 1635 1385 1669 Domine,
1407 1635 1474 1674 quis
1488 1634 1612 1663 credidit
1632 1635 1752 1663 auditui
1765 1638 1864 1663 nostro
1886 1638 1953 1668 etc.;
1990 1620 2008 1638 ¹⁰
2023 1625 2063 1638 Μ

1107 1685 1134 1711 et
1155 1681 1261 1719 legebat
1281 1681 1316 1711 ad
1338 1682 1457 1711 litteram
1478 1685 1506 1711 et
1526 1690 1581 1711 non
1603 1682 1693 1719 potuit
1713 1682 1816 1710 habere
1841 1689 1954 1711 concor—

1106 1730 1226 1758 dantiam
1248 1737 1298 1758 nec
1320 1737 1447 1763 sensum,
1470 1732 1497 1758 et
1517 1729 1578 1758 ideo
1592 1729 1707 1766 proiecit
1728 1729 1831 1758 librum
1851 1729 1885 1758 ad
1900 1733 1955 1758 ter-

1107 1785 1183 1811 ram,
1204 1776 1372 1814 imprecans,
1394 1779 1425 1805 ut
1443 1777 1518 1806 Deus
1538 1777 1719 1806 confunderet
1741 1777 1849 1812 Isaiam,
1871 1777 1955 1815 quia,

1107 1827 1139 1853 ut
1159 1824 1210 1853 sibi
1231 1823 1389 1858 videbatur,
1411 1832 1467 1852 non
1487 1826 1595 1861 poterat
1616 1826 1689 1854 stare
1704 1825 1778 1862 quod
1799 1825 1915 1854 dicebat.

1189 1872 1232 1900 10.
1255 1871 1293 1900 Ad
1317 1871 1389 1900 hanc
1419 1874 1513 1900 autem
1543 1871 1751 1909 intelligentiam
1782 1881 1836 1901 non
1868 1875 1958 1910 potest
1974 1881 2084 1900 Libris-,211-

1108 1919 1191 1948 homo
1214 1918 1360 1956 pervenire
1387 1926 1437 1956 per
1458 1927 1501 1953 se,
1522 1919 1573 1948 nisi
1596 1927 1645 1956 per
1666 1920 1727 1948 illos
1754 1920 1857 1957 quibus
1883 1907 2092 1951 Deusmg‘iili‘ssassff‘

1108 1966 1255 2000 revelavit,
1271 1966 1374 1995 scilicet
1394 1974 1445 2004 per
1458 1966 1620 2004 oriqinatia
1642 1967 1833 2001 Sanctorum,
1852 1970 1883 1996 ut
1904 1969 1956 1996 Au-
1970 1951 2089 1994 pnnrffissspm.

1107 2013 1226 2051 gustini‚
1248 2013 1404 2050 Hieronymi
1426 2016 1453 2042 et
1473 2013 1600 2042 aliorum.
1630 2014 1745 2051 Oportet
1766 2022 1833 2052 ergo
1862 2022 1957 2043 recur-

1108 2068 1171 2089 rere
1191 2061 1225 2089 ad
1246 2060 1390 2097 originalia
1414 2061 1597 2096 Sanctorum;
1619 2061 1667 2090 sed
1692 2061 1744 2090 ista
1767 2064 1832 2090 sunt
1860 2061 1957 2091 diffici-

1107 2107 1157 2142 lia;
1180 2107 1241 2136 ideo
1261 2107 1432 2136 necessariae
1453 2110 1519 2136 sunt
1540 2108 1668 2137 Summae
1690 2109 1903 2145 magistrorum,
1930 2110 1956 2138 in

1107 2154 1210 2191 quibus
1230 2154 1406 2183 elucidantur
1426 2154 1489 2183 illae
1515 2154 1700 2184 difficultates.
1727 2156 1778 2184 Sed
1804 2156 1956 2185 cavendum

1107 2204 1149 2231 est
1168 2201 1202 2230 de
1223 2201 1400 2230 multitudine
1421 2202 1598 2239 scriptorum.
1625 2202 1675 2231 Sed
1697 2203 1763 2240 quia
1783 2203 1834 2232 ista
1855 2204 1957 2240 scripta

269 2407 276 2420 ¹
294 2408 350 2436 Cap.
368 2407 409 2435 110,
428 2407 465 2429 lb.
477 2418 507 2422 -—
519 2407 572 2434 Seq.
585 2406 648 2428 locus
664 2408 698 2428 est
714 2406 769 2428 Gen.
786 2407 811 2435 2,
830 2407 867 2429 45.
884 2407 997 2429 Sententia
1015 2407 1052 2429 Se-
1079 2410 1081 2412 “

206 2454 275 2470 nevae
298 2446 395 2469 liabetur
416 2446 439 2468 in
461 2445 532 2473 Epist.
549 2445 587 2467 80.
605 2444 670 2474 (alias
686 2445 746 2474 840:
762 2444 844 2474 Cogito
861 2452 963 2474 mecum,
981 2452 1051 2475 quam

206 2486 271 2509 multi
287 2492 383 2514 corpora
401 2487 531 2513 exerceant,
547 2484 638 2513 ingenia
655 2491 725 2514 quam
742 2485 816 2513 pauci.

269 2524 278 2537 ²
295 2525 351 2554 Cap.
369 2524 411 2553 24,
429 2525 466 2546 30.
483 2527 505 2547 et
522 2524 561 2547 31.
575 2536 607 2541 -
624 2525 676 2554 Seq-
692 2525 756 2548 locus
772 2528 806 2548 est
822 2525 880 2548 ibid.
896 2532 920 2548 v.
936 2525 974 2547 27.

269 2564 278 2577 ³
296 2565 385 2593 Prolog.
401 2564 423 2586 in
441 2564 511 2586 libros
532 2565 633 2592 Regum:
659 2564 781 2593 Quomodo
805 2565 875 2593 igitur
900 2565 981 2593 viginti
1005 2564 1052 2587 duo

207 2605 317 2628 elementa
334 2603 362 2634 [i.
379 2610 399 2626 e.
416 2604 501 2627 litterae
518 2603 642 2632 alphabeti]
659 2606 723 2632 sunt,
740 2610 781 2632 per
796 2610 856 2633 quae
873 2604 996 2627 scribimus
1012 2605 1053 2627 He-

208 2645 285 2667 broice
302 2650 383 2672 omne,
400 2643 463 2672 quod
480 2643 618 2672 loquimur...
634 2643 665 2665 ita
682 2643 764 2671 viginti
780 2643 827 2666 duo
838 2643 954 2666 volumina
969 2650 1053 2672 suppu-

208 2687 295 2712 tentur,
312 2683 398 2712 quibus
414 2682 481 2711 quasi
498 2682 576 2705 litteris
593 2685 614 2704 et
630 2682 729 2705 exordiis
745 2682 767 2704 in
790 2683 831 2705 Dei
852 2683 955 2706 doctrina
977 2686 1053 2706 tenera

208 2723 284 2746 adhuc
301 2726 322 2745 et
339 2722 422 2745 lactens
439 2722 483 2744 viri
499 2721 552 2744 iusti
567 2721 671 2744 eruditur
682 2721 782 2744 infantia.
793 2722 838 2745 Clr.
850 2729 919 2751 supra
932 2729 985 2751 pag.
997 2723 1053 2750 202,

208 2765 261 2785 nota
280 2762 317 2785 10.

271 2801 280 2813 “
298 2802 368 2829 Epist.
381 2802 419 2823 82.
432 2801 495 2827 (alias
510 2800 553 2829 19.)
566 2807 586 2823 c.
603 2801 623 2823 l.
632 2807 656 2823 n.
667 2801 689 2824 3.
702 2801 733 2830 (et
744 2809 765 2825 c.
776 2803 797 2825 3.
808 2808 830 2824 n.
843 2801 889 2830 24.)
906 2802 974 2830 dicit,
990 2802 1054 2831 quod

209 2841 262 2863 solis
277 2839 392 2863 canonicis
408 2839 578 2868 Scripturarum
595 2839 659 2863 libris
674 2841 792 2869 convenit,
812 2850 823 2862 (ι
835 2844 859 2864 ut
875 2841 960 2864 nullum
973 2848 1054 2864 eorum

207 2882 326 2902 auctorem
344 2878 466 2901 scribendo
487 2879 573 2908 aliquid
598 2885 686 2902 errasse
711 2880 841 2903 firmissime
865 2881 958 2903 credam
971 2889 992 2902 ιι.
1009 2880 1054 2903 cfr.

209 2926 258 2942 can.
276 2918 327 2948 qu
343 2917 400 2941 solis
417 2917 449 2941 eis
468 2918 508 2946 (5.)
526 2921 548 2940 et
570 2924 634 2947 seqq.
651 2918 675 2941 d.
692 2919 714 2941 9.
729 2931 761 2936 —
778 2919 854 2942 Verba
877 2920 970 2947 Dionys.
991 2919 1055 2942 inve-

210 2959 301 2981 niuntur
318 2957 348 2980 de
365 2957 416 2979 Div.
433 2957 499 2979 Nom.
516 2963 535 2980 c.
554 2957 575 2980 i.
592 2956 606 2985 S
622 2958 644 2980 2.

1171 2404 1180 2417 ⁵
1198 2406 1330 2429 Secundum
1347 2407 1439 2429 Aristot.
1456 2412 1526 2434 supra
1545 2412 1599 2434 pag.
1617 2406 1658 2434 50,
1676 2409 1727 2428 nota
1746 2406 1768 2428 7.
1785 2406 1915 2433 allegatum.

1171 2444 1181 2457 ⁶
1198 2445 1260 2468 Libr.
1277 2446 1293 2468 l.
1309 2446 1391 2468 Homil.
1408 2446 1431 2468 in
1448 2446 1527 2469 Ezech.
1546 2445 1625 2468 homil.
1637 2446 1659 2467 6.
1671 2452 1694 2468 n.
1710 2445 1737 2467 7:
1755 2445 1829 2473 Quem
1846 2451 1890 2467 non
1909 2451 1957 2473 par-

1108 2486 1215 2509 vulorum
1232 2486 1281 2514 ipsa
1298 2486 1430 2514 evangelica
1448 2486 1541 2508 historia
1558 2486 1581 2508 in
1598 2485 1702 2508 miraculi
1717 2485 1849 2513 operatione
1860 2484 1957 2511 reficiat,

1109 2526 1172 2555 quod
1190 2526 1283 2554 hydrias
1300 2532 1386 2548 vacuas
1403 2526 1515 2548 Dominus
1531 2531 1590 2554 aqua
1608 2525 1697 2553 impleri
1715 2524 1831 2553 praecepit
1853 2524 1958 2546 eandem-

1109 2571 1155 2594 que
1171 2571 1256 2594 aquam
1273 2565 1377 2593 protinus
1394 2565 1417 2587 in
1434 2565 1514 2587 vinum
1531 2564 1600 2587 vertit
1616 2563 1689 2594 [ioan.
1707 2565 1731 2590 2,
1749 2563 1823 2594 7.]?...
1842 2564 1884 2592 Qui
1896 2563 1956 2586 enim

1110 2608 1199 2627 mutare
1224 2611 1307 2633 aquam
1325 2605 1348 2626 in
1365 2604 1445 2627 vinum
1471 2604 1544 2631 potuit
1566 2604 1634 2626 ctiam
1659 2609 1745 2626 vacuas
1770 2603 1863 2631 hydrias
1887 2603 1958 2625 valuit

1110 2644 1164 2667 vino
1180 2644 1255 2667 statim
1273 2644 1368 2672 replere.
1386 2644 1431 2666 Sed
1447 2644 1538 2672 impleri
1556 2643 1649 2671 hydrias
1665 2649 1725 2671 aqua
1740 2642 1817 2670 iubet,
1828 2643 1881 2671 quia
1894 2643 1958 2670 prius

1110 2689 1151 2711 per
1168 2689 1246 2706 sacrae
1262 2683 1364 2706 lectionis
1380 2682 1499 2705 historiam
1524 2682 1593 2705 corda
1619 2685 1694 2705 nostra
1719 2682 1826 2710 replenda
1852 2685 1910 2704 sunl.
1933 2682 1958 2704 Et

1110 2728 1195 2751 aquam
1212 2721 1279 2744 nobis
1296 2723 1318 2744 in
1334 2723 1414 2744 vinum
1432 2722 1512 2750 vertit,
1529 2722 1622 2750 quando
1639 2722 1688 2749 ipsa
1706 2721 1799 2744 historia
1821 2727 1862 2749 per
1878 2721 1958 2748 allego-

1110 2763 1157 2785 riae
1174 2763 1311 2790 mysterium
1327 2762 1350 2785 in
1367 2762 1492 2790 spiritalem
1518 2761 1585 2784 nobis
1609 2761 1778 2790 intelligentiam
1796 2764 1958 2783 commutatur.

1173 2799 1181 2813 '¹
1200 2802 1248 2824 Art.
1266 2803 1309 2830 22,
1326 2802 1353 2824 3:
1371 2802 1419 2829 Ego
1436 2808 1488 2824 sum
1506 2802 1541 2823 vir
1559 2801 1681 2824 budaeus„
1697 2807 1763 2823 secus
1785 2800 1856 2828 pedes
1878 2801 1958 2821 (iama-

1110 2841 1145 2864 liel
1163 2841 1266 2864 eruditus
1283 2841 1343 2864 iuxta
1361 2841 1481 2863 veritatem
1499 2844 1607 2869 mineruae
1629 2840 1708 2868 Legis,
1731 2839 1856 2862 aemulator
1879 2839 1957 2866 Legis,

1110 2880 1169 2903 sicut
1186 2882 1209 2902 et
1227 2886 1269 2902 vos
1285 2886 1367 2903 omnes
1383 2880 1437 2902 estis
1454 2880 1530 2902 hodic.

1174 2917 1184 2931 ⁸
1200 2918 1256 2947 Cup.
1274 2920 1316 2946 53,
1335 2920 1356 2942 1.
1373 2926 1454 2948 seqq.;
1471 2920 1537 2942 Rom.
1559 2920 1597 2946 ¹0,
1619 2919 1652 2941 16.
1670 2918 1821 2946 praemittitur
1838 2915 1941 2938 Domine.
