2285 3398
229 499 256 517 De
269 499 351 522 generali

246 523 352 548 manifesta·

246 548 302 564 ΙΙΒΠΘ.

366 83 421 111 ἓῖῐίι

364 160 456 188 missio
472 159 513 187 vel
527 159 662 195 apparitio
677 158 799 188 alterius.
816 158 888 187 Licet
902 159 982 187 etiam
999 159 1033 188 sit
1048 159 1083 187 ibi
1100 166 1208 187 summa

364 206 529 243 aequalitas,
552 205 637 234 solius
664 209 754 234 tamen
784 205 871 234 Patris
897 201 939 234 est
965 206 1075 234 mittere
1100 209 1127 234 et
1153 213 1209 232 uon

366 253 441 281 mitti
449 263 459 286 ,·
481 252 599 289 Spiritus
627 252 712 281 sancti
734 255 775 281 est
797 253 987 281 tantummodo
1013 253 1090 281 initti
1116 259 1209 287 respe-

365 303 411 327 ctu
432 299 588 327 divinarum
609 307 808 336 personarum,
828 299 879 327 nisi
894 299 964 327 sorte
978 299 1086 327 dicatur
1101 298 1209 326 mittere

366 345 503 373 bominem
525 349 696 379 assummum
718 345 774 373 Filii
789 348 882 374 autem
897 348 938 374 est
952 345 1062 373 mittere
1076 347 1103 372 et
1118 343 1209 376 mitti,

365 392 435 419 sicut
456 399 492 419 ex
514 391 664 428 Scripturis
685 394 774 428 potest
795 392 883 429 colligi
897 393 915 420 ¹.

443 438 622 475 lntelligentia
647 441 740 468 autern
766 442 792 467 et
814 439 884 467 ratio
912 438 1115 475 praedictorum
1144 437 1211 465 haec

364 488 424 513 est:
445 485 526 522 quia,
549 485 611 514 licet
638 485 760 522 primum
788 486 955 522 principium
984 486 1018 513 sit
1046 485 1211 526 immensum

363 534 390 559 et
411 531 714 569 incircumscriptibile,
740 533 775 561 sit
796 533 989 568 incorporeum
1012 534 1039 559 et
1060 530 1211 563 invisibile,

365 578 400 606 sit
414 581 558 607 aeternum
574 582 601 607 et
615 579 854 613 incommutabile;
877 578 1043 615 principium
1065 580 1155 605 tamen
1171 579 1212 605 est

365 632 460 653 rerum
489 625 674 661 spiritualium
702 628 729 654 et
756 625 959 662 corporalium,
987 623 1156 653 naturalium
1185 625 1212 651 et

365 671 568 708 gratuitarum,
596 680 627 701 ac
655 680 705 709 per
727 672 779 700 lioc
800 680 896 700 rerum
918 671 999 699 eliani
1021 669 1212 703 mutabilium,

364 718 534 747 sensibilium
556 722 583 747 et
603 718 895 754 circumscriptarum,
915 726 964 754 per
978 725 1063 754 quas,
1079 716 1141 744 licet
1155 716 1213 752 ipse

365 766 399 794 sit
420 765 613 799 immutabilis,
635 765 816 798 insensibilis,
835 763 1162 800 incircmnscriptibilis2‚
1185 770 1213 791 se

365 813 455 849 ipsum
477 812 566 840 reddit
588 812 764 840 manifestum
786 814 813 839 et
834 813 939 839 notum.
963 810 1058 839 Reddit
1076 813 1169 838 autem
1184 817 1213 838 se

364 858 539 887 manifestum
560 861 589 886 et
609 861 706 886 notum
725 857 899 895 yencraliter
926 864 976 894 per
1004 856 1213 885 universitatem

365 913 481 934 suorum
502 905 650 933 effectuum
675 904 710 933 ab
741 904 800 941 ipso
825 904 1029 938 emanantium,
1055 903 1083 932 in
1111 903 1213 940 quibus

346 951 466 980 'dicitur
487 960 547 980 esse
568 959 617 988 per
641 952 810 985 essentiam,
836 951 997 988 potentiam
1024 953 1051 979 et
1075 958 1213 988 praesen-

242 1013 269 1031 De
282 1013 354 1036 speria-

224 1036 273 1054 libus
284 1036 354 1054 eflecti-

224 1060 266 1078 bus.

225 1199 274 1223 Quid
288 1200 311 1217 sit
321 1199 355 1217 ha-

255 1223 322 1241 bitot-e.

240 1385 354 1404 Notandum.

237 1618 286 1642 Quid
297 1624 354 1642 appa-

271 1647 319 1661 rere.

240 1757 353 1776 Notandum.

367 998 478 1032 liamss,
507 998 581 1035 quod
602 1006 631 1027 se
651 998 775 1027 extendit
795 997 829 1026 ad
850 997 942 1026 omnia
963 1001 1063 1026 creata.
1086 1013 1122 1017 ——
1145 996 1213 1025 Red-

366 1045 406 1073 dit
426 1045 507 1074 etiam
529 1053 558 1074 se
579 1045 742 1082 specialiter
763 1048 859 1079 notum
885 1047 934 1081 per
955 1044 1062 1081 aliquos
1083 1044 1212 1077 effectus,

366 1092 413 1129 qui
436 1092 463 1120 in
485 1092 575 1128 ipsum
597 1091 751 1128 specialiter
773 1091 894 1125 duc-unt,
916 1091 1021 1119 ratione
1036 1099 1158 1128 quorum
1172 1091 1213 1118 di—

366 1140 439 1168 citur
460 1137 602 1172 habitare,
624 1147 778 1175 apparere,
800 1138 977 1171 descendere,
998 1137 1075 1166 mitti
1097 1141 1124 1166 et
1148 1137 1213 1165 mic-

367 1190 431 1214 tcre.
455 1202 491 1206 —
513 1185 655 1213 Habitare
678 1193 798 1221 namque
825 1184 890 1213 dicit
915 1185 1042 1213 ellectum
1071 1185 1214 1221 spiritaii-

368 1232 442 1260 lcin⁴¹
471 1240 534 1260 cum
565 1231 766 1268 acceptatione,
795 1231 866 1259 sicut
893 1234 935 1259 est
965 1231 1079 1259 effectus
1110 1231 1213 1268 gratiae

368 1282 477 1315 gratum
496 1272 634 1311 facientis,
650 1286 721 1314 quae
742 1280 783 1306 est
803 1277 944 1306 deiformis
964 1281 991 1306 et
1012 1278 1039 1305 in
1061 1278 1148 1306 Deum
1171 1286 1213 1306 re-

367 1325 443 1354 ducit
463 1328 490 1354 ct
512 1325 598 1353 Deum
624 1325 687 1353 t'acit
707 1332 756 1353 nos
778 1324 896 1358 habere,
918 1327 944 1352 et
966 1324 1061 1353 haberi
1083 1332 1099 1352 a
1118 1324 1213 1359 nobis,

367 1380 399 1400 ac
419 1380 469 1409 per
491 1373 542 1400 lioc
563 1375 590 1400 et
612 1364 765 1400 inhabitare
794 1371 820 1399 in
849 1371 935 1399 nobis.
966 1371 996 1399 tit
1024 1371 1089 1408 quia
1109 1372 1214 1408 gratiae

367 1420 480 1448 effectus
501 1418 654 1448 communis
674 1421 715 1447 est
742 1418 871 1446 omnibus
899 1418 1041 1454 personis;
1070 1418 1131 1446 ideo
1158 1426 1214 1446 una

367 1474 484 1503 persona
511 1474 565 1494 non
594 1464 728 1493 inhabitat
756 1464 814 1493 sine
841 1464 909 1498 alia,
938 1464 1021 1492 immo
1047 1464 1129 1492 simul
1158 1467 1214 1492 tota

367 1512 486 1541 Trinitas
497 1512 516 1539 ⁵.

448 1561 598 1596 Apparere
623 1566 689 1586 vero
716 1557 781 1586 dicit
809 1557 937 1586 ellectum
962 1557 1121 1585 sensibilem
1150 1565 1213 1585 cum

367 1614 500 1642 expressa
526 1605 739 1642 significatione,
761 1604 831 1633 sicut
859 1604 978 1641 Spiritus
998 1607 1110 1632 sanctus
1131 1612 1214 1640 appa-

367 1653 424 1681 ruit
445 1652 472 1680 in
493 1652 628 1680 columba.
650 1652 682 1679 Et
703 1651 849 1688 quoniam,
870 1651 942 1679 sicut
957 1658 1091 1687 personae
1105 1650 1214 1679 divinae

366 1699 510 1727 distinctae
538 1701 618 1731 sunt,
650 1698 688 1726 sic
712 1698 839 1726 distincte
867 1697 1014 1734 significari
1043 1701 1159 1734 possunt
1186 1700 1213 1726 et

368 1745 452 1782 signis
473 1748 499 1773 et
520 1745 696 1779 nominibus;
718 1744 778 1773 ideo
804 1744 944 1782 quaelibet
968 1752 1096 1781 persona
1123 1747 1213 1781 potest

364 1800 418 1828 per
439 1800 468 1819 se
489 1799 643 1828 apparere,
665 1794 692 1819 et
713 1790 862 1827 apparitio
881 1794 970 1827 potest
989 1790 1123 1819 omnibus
1137 1800 1213 1819 coin-

364 1842 473 1874 petere,
496 1838 552 1866 sive
573 1835 701 1871 insimul,
722 1837 780 1866 sive
801 1837 914 1866 cuilibet
932 1845 982 1874 per
996 1845 1034 1866 se.
1049 1837 1124 1866 Unde
1138 1837 1213 1874 quod

368 1884 486 1920 Spiritus
504 1887 615 1912 sanctus
629 1884 730 1914 dicitur
745 1884 772 1912 in
788 1884 891 1920 linguis
903 1883 989 1920 igneis
1003 1886 1030 1912 et
1044 1884 1070 1911 in
1086 1884 1213 1912 columba

350 1930 543 1967 apparuisse,
565 1931 617 1959 hoc
638 1939 692 1959 non
714 1929 755 1959 est
776 1934 889 1967 propter
916 1939 1024 1958 novam
1044 1930 1211 1964 vineatam,

368 1977 411 2006 vet
432 1976 559 2014 effectam
580 1977 742 2014 specialem;
765 1977 811 2006 sed
832 1980 946 2014 propter
967 1977 1112 2011 unionem,
1141 1985 1212 2014 quae

368 2026 410 2052 est
430 2024 501 2052 inter
521 2024 670 2060 siqnatunz
684 2027 712 2052 et
724 2024 843 2062 signum
857 2024 908 2052 sibi
923 2024 1076 2060 specialiter
1090 2028 1117 2053 et
1131 2024 1212 2053 modo

368 2074 403 2099 et·
415 2070 521 2107 origine
541 2070 704 2107 deputatum
715 2070 735 2098 ὃ.

1005 81 1212 117 BREVILOQUH
1234 81 1313 108 PARS
1335 80 1351 107 1.
1374 80 1402 107 C.
1425 80 1465 107 Vl.
1490 78 1503 81 “

1345 157 1517 185 Descendere
1546 160 1639 185 autem
1673 158 1738 186 dicit
1769 159 1933 188 utrumlibet
1962 161 2110 189 effectuum
2121 166 2249 190 dedescen-

1266 203 1470 239 praedictorum
1500 211 1563 231 cum
1585 202 1773 232 inchoatione.
1799 205 1872 233 Deus
1897 206 1970 234 enim
1991 207 2113 235 beatissi-
2161 190 2213 209 dm

1266 249 1317 277 mis
1339 249 1444 286 Angelis
1466 257 1575 286 semper
1596 253 1636 278 est
1658 258 1788 286 praesens
1815 251 1843 279 in
1871 252 1967 286 caetis,
1993 253 2058 289 quia
2086 254 2113 282 in

1267 296 1305 324 eis
1327 304 1435 332 semper
1457 296 1601 325 inhabitat
1621 299 1649 325 et
1670 300 1801 334 apparet.
1817 298 2008 327 Peccatoribus
2022 302 2113 329 autem

1267 342 1294 371 in
1317 343 1399 372 terris
1420 346 1461 372 est
1481 343 1561 372 modo
1582 347 1614 372 ut
1632 343 1731 372 absens
1745 346 1772 372 et
1786 348 1921 381 quantum
1936 345 1969 373 ad
1983 346 2114 382 qratiam

1267 392 1294 417 et
1315 392 1450 426 quantum
1472 389 1506 418 ad
1526 390 1681 423 ¹notitiam;
1702 392 1730 418 et
1750 390 1826 424 ideo,
1854 398 1918 419 cum
1946 391 2048 428 incipit
2067 400 2115 428 ap-

1268 443 1366 471 parere
1386 435 1429 464 vel
1451 436 1621 470 inhabitare,
1641 436 1675 465 de
1697 440 1840 473 praesente
1865 437 1968 466 caelis⁷
1989 441 2016 466 et
2037 438 2114 475 quasi

1268 481 1380 510 absente
1400 483 1479 511 nobis
1500 483 1530 511 sit
1551 491 1682 520 praesens
1704 483 1801 512 terris:
1823 487 1850 512 et
1870 484 1946 518 ideo,
1968 484 2030 513 licet
2044 485 2071 513 in
2087 492 2133 513 se.

1269 536 1323 556 non
1344 531 1485 563 mutetur,
1506 529 1585 558 nobis
1606 533 1697 558 tamen
1719 530 1886 559 descendere
1906 530 2015 559 dicitur.

1348 575 1423 603 Mitti
1442 584 1508 604 vero
1528 576 1594 605 dicit
1614 577 1728 605 effectus
1749 577 1903 613 praedictos
1917 585 1981 606 cum
1996 581 2115 607 aeterna
2127 588 2177 611 Qum
2189 588 2250 619 mittis

1267 621 1465 657 productione.
1481 623 1557 651 Tunc
1571 623 1644 651 enim
1659 623 1738 652 Pater
1752 623 1836 652 mittit
1857 624 1970 658 Filium,
1992 624 2115 661 quando,

1269 667 1392 696 faciendo
1412 676 1477 696 eum
1497 669 1576 698 nobis
1596 673 1769 706 praesentem
1790 678 1839 707 per
1858 671 1983 699 notitiam
1997 671 2039 699 vel
2054 679 2116 708 gra-

1270 714 1351 748 tiam,
1374 715 1510 750 insinuat,
1531 716 1605 753 quod
1626 717 1661 745 ab
1688 717 1748 753 ipso
1775 717 1907 754 procedit.
1931 718 1962 746 Et
1982 718 2047 755 quia
2068 718 2116 746 Pa·
2129 726 2245 746 Notandum.

1270 764 1312 789 ter
1333 769 1349 789 a
1369 761 1446 789 nullo
1467 762 1604 799 procedit,
1633 763 1693 792 ideo
1721 771 1859 800 nusquam
1887 763 1988 792 dicitur
2008 764 2114 793 miltiss.

1270 808 1340 844 Quia
1360 816 1426 836 vero
1448 808 1531 837 Filius
1551 812 1578 838 et
1598 810 1726 846 producit
1740 813 1767 838 et
1782 810 1961 847 producitur,
1976 811 2036 840 ideo
2050 811 2116 840 mit-

1271 854 1302 882 tit
1323 858 1350 883 et
1370 855 1505 883 mittitur.
1527 855 1597 892 Quia
1617 864 1683 885 vero
1704 856 1822 893 Spiritus
1844 860 1956 885 sanctus
1973 858 2116 886 aeternali-

1271 904 1312 929 ter
1333 901 1513 938 producitur,
1535 902 1583 931 sed
1604 911 1657 931 non
1679 903 1807 940 producit
1832 903 1883 932 nisi
1912 911 1949 932 ex
1975 907 2116 941 tempore;

1270 948 1330 977 ideo
1352 948 1438 985 ipsius
1459 952 1500 977 est
1521 950 1633 986 proprie
1652 950 1744 984 mitti,
1766 950 1877 978 mittere
1894 958 1960 979 vero
1975 959 2029 979 non
2043 958 2116 979 com-

1270 995 1338 1031 petit
1358 996 1408 1024 sibi
1436 996 1488 1024 nisi
1520 999 1648 1033 respectu
1669 1000 1822 1025 creaturae.
1846 1013 1882 1017 —
1904 997 1944 1025 Ex
1965 1005 2021 1034 quo
2034 1006 2245 1034 appa-tmprqpriae

1270 1046 1325 1076 ret,
1347 1043 1421 1079 quod
1443 1043 1494 1071 liae
1515 1047 1580 1071 sunt
1601 1043 1768 1080 impropriae
1789 1046 1816 1072 et
1837 1044 2030 1080 exponendae:
2059 1044 2118 1081 Spi-
2134 1030 2247 1048 '⁰⁶⁰²¹⁰¹¹⁹⁵'

1271 1090 1342 1117 ritus
1363 1092 1475 1118 sanctus
1495 1090 1578 1118 mittit
1606 1098 1653 1124 se;
1683 1090 1802 1127 Spiritus
1830 1093 1942 1119 sanctus
1966 1091 2050 1119 mittit
2077 1091 2118 1119 Fi-

1271 1136 1357 1170 lium;
1386 1136 1469 1164 Filius
1496 1136 1580 1164 mittit
1607 1144 1636 1165 se
1664 1137 1771 1173 ipsum,
1799 1137 1851 1166 nisi
1879 1137 2067 1174 intelligatur:
2089 1138 2117 1166 in

1271 1186 1406 1220 quantum
1428 1186 1469 1211 cst
1489 1183 1522 1211 de
1544 1183 1655 1219 Virgine
1670 1187 1760 1211 natus.
1776 1200 1813 1204 -
1829 1184 1903 1212 Patet
1917 1184 2015 1218 etiam,
2031 1192 2118 1221 quare

1270 1230 1380 1258 mittere
1401 1233 1428 1258 et
1449 1229 1524 1257 mitti
1543 1238 1597 1257 non
1619 1229 1749 1266 competit
1776 1230 1920 1258 omnibus:
1949 1230 2029 1267 quia,
2055 1231 2118 1259 licet

1270 1276 1342 1304 dicat
1369 1277 1497 1313 ellectum
1513 1272 1553 1304 'in
1582 1279 1724 1310 creatura,
1752 1276 1818 1305 dicit
1845 1279 1935 1304 tamen
1958 1277 2117 1305 relationem

1271 1323 1462 1357 intrinsecam,
1485 1324 1522 1352 ita
1536 1323 1610 1360 quod
1624 1323 1734 1352 mittere
1748 1323 1813 1352 dicit
1826 1323 2028 1357 auctoritatem,
2043 1323 2120 1351 mitti

1271 1370 1533 1404 subauctoritatem,
1556 1370 1661 1399 ratione
1686 1369 1874 1407 produc-tionis
1901 1372 2030 1404 aeternae
2049 1370 2118 1398 inte-

1271 1417 1330 1446 rius
1352 1417 1522 1453 importatae.

1630 1510 1695 1539 CAP.
1718 1510 1759 1538 Vl.

1326 1604 1364 1631 De
1385 1603 1496 1632 unitate
1517 1603 1634 1632 (livinae
1654 1607 1781 1632 naturae
1801 1604 1833 1632 in
1853 1603 2065 1641 multiplicitate

1556 1649 1828 1687 appropriatorum.

1349 1743 1442 1772 Tertio
1463 1751 1530 1772 vero
1550 1742 1583 1771 de
1607 1742 1766 1779 pluralitate
1787 1742 2051 1779 approprialorum
2065 1742 2117 1770 hoc

1270 1789 1349 1818 docet
1363 1797 1442 1818 sacra
1456 1789 1600 1826 Scriptura
1613 1788 1852 1822 essetenendum,
1864 1788 2012 1825 quodlicet
2026 1788 2118 1817 omnia

1270 1836 1425 1865 essentialia
1446 1836 1574 1865 omnibus
1595 1836 1719 1872 personis
1739 1835 1892 1872 aequaliter
1913 1838 1940 1864 et
1960 1835 2117 1864 indifferen-

1270 1886 1313 1912 ter
1334 1883 1511 1917 conveniant;
1535 1886 1625 1911 tamen
1647 1882 1718 1910 Patri
1740 1882 1841 1911 dicitur
1861 1881 2036 1918 appropriari
2050 1881 2116 1910 uni·
2129 1889 2246 1916 Appropriz-

1270 1934 1325 1964 tas,
1340 1930 1406 1958 Filio
1419 1930 1538 1964 veritas,
1554 1929 1667 1966 Spiritui
1689 1932 1784 1958 sancto
1805 1929 1926 1957 bonitas.
1939 1945 1975 1949 —
1987 1929 2019 1957 Et
2037 1928 2117 1957 iuxta

1270 1978 1340 2006 lianc
1365 1977 1485 2006 sumitur
1513 1976 1633 2005 secunda
1660 1975 1847 2012 appropriatio
1868 1975 1960 2004 Hilarii
1972 1975 1993 2010 ⁹,
2014 1975 2222 2004 scilicetseeuncia.

1274 2036 1287 2049 «
1302 2023 1459 2052 aeternitas
1487 2023 1514 2051 in
1540 2023 1635 2056 Patre,
1655 2023 1762 2059 spectes
1783 2022 1810 2050 in
1832 2022 1966 2059 Imagine‚
1988 2030 2061 2050 ustis
2088 2022 2116 2051 in

1269 2072 1382 2100 Munere
1395 2082 1422 2098 ».
1445 2086 1482 2091 -—-
1504 2070 1594 2099 quta*
1613 2070 1683 2098 lianc
1704 2069 1825 2098 sumitur
1847 2069 1943 2103 tertia,
1965 2069 2068 2098 scilicet
2088 2069 2116 2097 in
2128 2076 2199 2095 Tertia.

431 2235 439 2248 ²
458 2236 490 2258 De
507 2235 647 2258 habitatione
664 2235 703 2257 Dei
730 2236 752 2257 in
777 2235 832 2257 viris
856 2235 940 2265 sanctis
964 2236 1005 2257 csr.
1023 2236 1037 2257 l.
1056 2236 1117 2258 Sent.
1133 2236 1156 2258 d.
1174 2237 1210 2258 at.

368 2275 425 2297 dub.
442 2276 468 2302 23
486 2275 540 2297 xide
556 2275 624 2296 etiam
642 2273 697 2297 ibid.
714 2274 738 2296 (l.
758 2274 792 2296 ¹4.
809 2280 830 2296 a.
847 2275 869 2296 2.
886 2281 909 2303 q.
931 2275 948 2296 l.
966 2277 987 2296 et
998 2274 1021 2296 d.
1036 2274 1071 2296 ¹5.
1083 2281 1106 2302 p.
1119 2275 1142 2297 ll.
1154 2281 1177 2303 q.
1193 2276 1211 2297 l.

368 2320 434 2343 seqq.
450 2314 483 2336 Dc
500 2314 643 2341 apparitione
664 2316 686 2335 et
709 2313 818 2335 missione
844 2312 926 2335 visibili
944 2314 985 2335 cfr.
1003 2312 1058 2335 ibid.
1075 2313 1099 2335 d.
1119 2313 1153 2335 16.
1170 2319 1211 2340 per

368 2357 447 2376 totam.
464 2354 496 2375 De
513 2353 622 2375 missione
634 2353 656 2374 in
668 2358 761 2380 genere,
777 2355 800 2374 et
811 2352 846 2374 cui
859 2355 976 2380 competat
991 2352 1081 2376 mittere.
1097 2352 1133 2373 vel
1147 2352 1211 2378 mitti,

368 2392 422 2414 xide
440 2392 495 2414 ibid.
512 2392 536 2413 d.
554 2391 590 2413 15.
607 2398 630 2419 p.
647 2391 662 2413 l.
679 2397 703 2419 q.
722 2391 772 2417 t-t,
790 2390 828 2412 ubi
852 2391 919 2412 etiam
945 2391 987 2412 loci
1013 2391 1144 2418 scripturae
1161 2391 1211 2412 ane-

368 2422 456 2453 rimtur.
473 2442 504 2447 —
521 2430 613 2452 Plurimi
631 2429 700 2452 codd.
716 2435 747 2452 (τι)
763 2429 896 2458 Scriptmie
913 2431 1020 2459 apparet.
1036 2429 1158 2457 Aliquanto
1176 2435 1211 2450 su<

368 2470 449 2497 perias
468 2472 520 2497 post
543 2468 575 2491 ad
598 2468 699 2491 salutem
716 2468 732 2489 Β
749 2468 813 2490 addit
824 2468 945 2490 nostram
968 2467 1011 2490 vel.
1029 2468 1098 2490 ELO
1109 2468 1126 2489 T
1138 2468 1157 2489 V
1175 2468 1211 2489 liic

370 2511 552 2536 prosequuntur:
565 2507 631 2530 Ratio
643 2508 722 2530 autem
733 2506 766 2530 ad
777 2502 954 2535 intelliyenliam
964 2506 1145 2535 praedictorum
1155 2506 1212 2529 haec

369 2548 403 2570 est
419 2549 462 2569 etc.

430 2583 440 2596 ²
457 2584 474 2607 C
484 2585 490 2607 l
500 2585 519 2606 Μ
529 2584 547 2606 O
557 2584 572 2606 P
582 2584 604 2612 Q·
612 2582 843 2613 z'nctrcamscriptus,
856 2583 872 2604 Β
884 2582 1134 2612 incircumscriptibili&
1144 2583 1168 2605 in
1179 2589 1211 2605 sc.

369 2625 412 2646 l‘ro
428 2622 574 2646 sensibilium
586 2623 604 2645 O
614 2623 633 2644 V
646 2622 781 2650 visibilium,
798 2625 820 2644 et
837 2622 856 2650 Q
874 2621 994 2644 invisibilis
1006 2628 1048 2649 pro
1060 2621 1210 2646 insensibilia.

430 2661 440 2675 ⁸
458 2662 517 2685 Vide
534 2663 548 2684 l.
566 2663 627 2684 Sent.
650 2662 672 2684 d.
691 2662 727 2684 37.
745 2668 768 2689 p.
785 2662 800 2683 l.
817 2668 837 2683 a.
855 2662 876 2684 3.
896 2667 918 2689 q.
937 2662 1000 2683 2.—
1012 2661 1061 2683 Mox
1084 2667 1126 2689 pro
1149 2661 1212 2691 quod

368 2702 387 2724 ll
404 2708 460 2731 qua.
477 2701 572 2723 lnserius
588 2707 630 2728 pro
643 2700 733 2723 ducunt
749 2700 765 2722 B
782 2699 931 2729 diriyuntttr,
947 2702 969 2722 ct
985 2699 1131 2727 prodicitur
1147 2699 1210 2722 habi-

368 2742 420 2764 tare
437 2741 477 2762 EF
487 2740 533 2762 llT
552 2739 637 2762 dicitur
654 2738 793 2762 inhabitare.

430 2778 440 2791 ¹
457 2779 516 2806 Vnt„
534 2779 543 2801 l
564 2782 586 2801 et
603 2779 616 2801 3
633 2778 722 2801 addimt
738 2779 760 2801 et
775 2777 908 2807 specialem.

431 2817 440 2830 ⁶
456 2818 502 2841 Csr.
519 2818 579 2840 loun.
598 2817 640 2844 ⁴4,
658 2818 699 2839 23:
717 2818 742 2839 Et
758 2817 788 2839 ad
805 2822 859 2839 eum
881 2816 1002 2838 veniemus
1023 2819 1045 2838 ct
1066 2816 1208 2838 mansionem

369 2857 433 2885 apud
450 2863 503 2879 oum
521 2857 637 2879 faciemus.
655 2856 750 2878 luserius
766 2855 887 2883 respicitur
903 2855 964 2878 loun.
983 2855 1008 2881 l,
1021 2855 1062 2881 32,
1075 2854 1114 2877 ubi
1132 2855 1161 2877 de
1172 2861 1210 2882 ap-

1268 2236 1380 2264 paritione
1398 2236 1496 2263 Spiritus
1512 2235 1584 2257 sani-ti
1603 2234 1762 2265 incolumba,
1780 2237 1802 2256 et
1819 2234 1918 2256 subinde
1936 2234 1983 2256 Art.
1996 2235 2023 2260 2,
2036 2234 2062 2260 3,
2076 2233 2114 2255 ubi

1269 2275 1297 2297 de
1315 2275 1387 2302 ipsius
1404 2274 1547 2302 apparitione
1565 2274 1587 2296 iu
1605 2274 1689 2301 tinguis
1707 2273 1786 2300 igneis.

1331 2312 1340 2325 ὓ
1358 2314 1416 2335 Vide
1434 2314 1448 2335 l.
1466 2314 1528 2335 Sent.
1554 2313 1576 2335 d.
1598 2313 1631 2335 16.
1656 2319 1679 2341 q.
1697 2313 1719 2335 3.
1734 2324 1765 2328 -—
1783 2312 1832 2334 Mox
1858 2318 1900 2340 pro
1925 2311 2062 2335 utrumlibet
2079 2312 2114 2334 ut

1268 2354 1403 2381 aliumque.

1331 2390 1339 2402 ⁷
1358 2392 1374 2413 lt
1392 2390 1415 2413 iu
1433 2390 1516 2419 caelis,
1529 2394 1551 2413 et
1566 2393 1618 2418 post
1635 2396 1707 2418 pauca
1725 2396 1779 2412 cum
1796 2390 1812 2413 C
1823 2391 1865 2412 DF
1882 2389 1905 2412 in
1924 2389 2002 2413 teri-ts.
2020 2390 2114 2412 Inferius

1269 2433 1318 2457 post
1337 2430 1402 2452 nobis
1420 2431 1499 2452 lamen
1517 2430 1523 2452 l
1541 2430 1606 2452 addit
1622 2435 1676 2452 cum
1691 2435 1805 2458 praesens
1823 2430 1864 2452 est.

1331 2466 1340 2479 ⁸
1358 2469 1467 2495 August,
1485 2469 1507 2490 ll.
1526 2468 1554 2490 de
1572 2468 1635 2490 Trin.
1653 2474 1673 2490 c.
1690 2468 1711 2489 5.
1729 2474 1752 2490 n.
1770 2468 1796 2489 8:
1814 2468 1879 2489 Fater
1896 2466 1957 2488 enim
1979 2467 2042 2488 solus
2058 2472 2114 2488 nus-

1268 2513 1338 2534 quam
1357 2508 1439 2534 legitur
1456 2507 1548 2529 missus.
1564 2518 1596 2523 —
1613 2507 1723 2534 Superius
1740 2508 1793 2534 post
1816 2506 1881 2528 Tunc
1902 2504 1965 2528 enim
1982 2505 1998 2526 L
2008 2505 2026 2526 Μ
2038 2505 2057 2526 V
2076 2505 2113 2526 ad-

1269 2545 1326 2567 dunt
1345 2546 1412 2568 Deus.
1430 2546 1525 2568 luserius
1542 2552 1584 2573 pro
1601 2545 1693 2568 mittere
1714 2551 1769 2568 vero
1794 2550 1842 2567 non
1866 2543 1975 2572 competa
1997 2542 2043 2566 sibi
2058 2543 2112 2565 edd.

1268 2590 1321 2606 cum
1339 2584 1426 2612 aliquot
1450 2585 1530 2611 ‹·od‹l.,
1549 2585 1606 2607 iuter
1628 2590 1687 2612 quos
1710 2586 1743 2606 est
1760 2584 1791 2609 M,
1809 2583 1830 2605 et
1846 2588 1894 2605 non
1910 2580 2013 2609 rainere,
2031 2584 2053 2603 et
2069 2588 2112 2609 pro

1267 2624 1367 2651 apparel
1384 2624 1426 2648 AS
1441 2625 1514 2652 patet.

1329 2660 1339 2673 ⁹
1356 2661 1416 2686 Libr,
1433 2663 1457 2684 ll.
1474 2662 1504 2684 de
1522 2661 1585 2684 Trin.
1603 2668 1625 2684 n.
1639 2662 1660 2683 «l.
1671 2660 1717 2683 Cir.
1730 2661 1744 2683 l.
1757 2660 1819 2682 sent.
1830 2659 1853 2681 d.
1866 2659 1903 2681 31.
1915 2665 1938 2687 p.
1951 2659 1974 2680 ll.
1986 2665 2006 2680 a.
2023 2659 2041 2680 l.
2052 2665 2076 2687 q.
2089 2659 2112 2680 3.

1268 2701 1300 2722 De
1322 2701 1370 2723 aliis
1395 2700 1622 2728 appropriationibus
1647 2700 1701 2722 ride
1719 2699 1773 2721 ibid.
1790 2705 1810 2721 a.
1828 2700 1849 2721 2.
1866 2705 1888 2727 q.
1907 2699 1935 2725 3;
1953 2698 1976 2720 d.
1994 2698 2030 2720 34.
2048 2704 2071 2726 q.
2090 2698 2112 2720 h.

1268 2742 1290 2761 et
1305 2739 1329 2761 d.
1345 2740 1367 2762 3.
1385 2746 1409 2767 p.
1426 2740 1440 2761 l.
1458 2739 1514 2761 dub.
1531 2740 1553 2762 3.
1570 2742 1592 2761 et
1609 2739 1630 2761 4.
1646 2750 1678 2755 —
1695 2738 1805 2766 Superius
1827 2743 1869 2765 pro
1891 2743 1961 2760 sacra
1983 2736 2111 2765 Scriptura

1268 2778 1345 2805 plures
1365 2778 1433 2800 codd.
1450 2777 1578 2807 Scriptura
1594 2777 1687 2805 divina,
1701 2777 1721 2799 K
1738 2782 1809 2799 sacra
1824 2775 1894 2805 fides,
1913 2775 1932 2797 M
1944 2775 1958 2796 S
1976 2775 2055 2801 tegunt
2071 2780 2111 2803 ap-

1264 2816 1446 2845 propi-fatorum
1463 2815 1528 2839 docet
1544 2816 1679 2845 Scriptura.
1697 2815 1799 2837 Subinde
1816 2820 1858 2842 pro
1875 2813 1983 2837 omnibus
1997 2813 2014 2835 R
2025 2812 2110 2836 *ti-ibus.

2141 1915 2167 1932 tto
2177 1913 2246 1937 prima.
2282 1929 2284 1931 .
