2285 3398
70 607 133 625 Sexta.

13 747 104 767 Conditio
116 749 133 767 1,

15 983 102 1003 Conditio
115 984 132 1003 2.

13 1360 102 1381 Condicio
113 1362 130 1381 3,

714 192 755 220 tit-2
778 192 875 221 nouis
897 191 1040 220 SPIRITUS
1062 191 1086 219 S.
1109 190 1270 219 COLLATIO
1294 192 1332 219 IX.

149 274 210 299 tant
241 271 326 299 vei-tm
357 271 511 300 iustorum.
539 288 575 291 —
603 272 764 300 lbi-caecant
800 271 910 304 oculos,
940 278 993 298 non

149 318 323 355 corporales,
355 319 401 347 sed
434 318 610 355 spirituatem
643 326 708 354 ergo
739 318 870 347 auserunt
902 318 994 345 lumen

148 365 304 401 sapientiae.
339 365 476 402 Scriptum
509 367 567 394 est:
606 365 735 393 Facilius
766 369 821 399 est,
851 364 994 393 camelum

148 413 277 441 transire
296 421 348 449 per
369 412 507 450 foramen
527 421 616 446 acus,
638 422 725 449 quam
742 413 858 441 [limitem
880 412 994 440 intrare

149 458 179 487 in
200 467 321 496 reynum
344 459 508 494 caelorum,
530 459 595 496 quia
618 460 698 487 {tabet
720 468 766 487 cor
796 462 937 488 terrenum
966 461 993 487 ct

150 507 342 543 ponderosum.

229 554 271 581 16.
294 554 378 582 Sexta
399 553 528 581 columna
548 552 647 581 domus
666 553 814 589 sapientiae
836 555 877 581 est
897 555 993 581 malu-

150 600 225 629 ritas
246 600 273 628 in
295 600 410 634 iudici0;
432 603 459 628 et
480 600 531 628 hoc
553 602 680 633 notatur,
703 608 766 628 cum
789 600 906 628 dicitur:
935 607 993 627 non

148 647 293 676 iudicans.
316 647 457 676 Maturitas
478 650 519 675 est
534 646 560 674 in
583 646 695 680 iudicio,
711 647 822 684 quando
843 647 925 675 homo
940 654 993 674 non

149 694 249 722 indicat
272 694 425 723 temerarie.
447 693 522 722 Unde
544 693 570 721 in
594 694 815 723 licclesiastico¹z
839 694 931 723 Iudex
945 702 993 722 sa-

146 740 228 777 piens
250 740 392 769 iudicabit
403 740 546 778 populum
567 749 671 774 suurn,
688 741 791 770 scilicet
811 749 895 778 super
910 748 993 778 quem

147 786 230 815 habet
250 787 461 816 auctoritatem.
478 787 529 816 Sed
550 788 571 815 si
595 789 769 817 transcendat
787 788 992 822 auctoritatem,

147 842 201 863 non
222 838 263 864 est
284 835 369 864 iudex
384 835 507 872 sapiens,
530 835 577 863 sed
598 839 639 864 cst
654 836 785 865 iudIcium
805 835 992 865 temerarium.

147 881 171 909 Si
188 882 246 911 sine
257 882 421 911 auctoritate
433 882 549 916 iudicat,
566 883 630 919 quid
646 886 707 911 cst?
722 883 801 912 Certe
816 883 892 912 niliil.
905 882 993 920 Opor-

147 932 185 958 tet
198 929 290 964 etiam,
306 930 437 958 iudIcIum
453 929 583 966 sapientis
605 930 707 959 babere
721 930 779 959 zeli
793 930 993 959 rectitudinem

147 979 174 1006 et
194 977 313 1006 notitiae
334 977 504 1006 claritatem.
527 977 566 1006 De
584 978 723 1014 pre'nw2:
748 978 785 1006 Os
813 978 884 1006 iusti
904 977 992 1006 mesli-

146 1024 257 1053 tabitur
283 1025 476 1062 sapientiam,
498 1028 524 1053 et
544 1024 647 1062 linqua
672 1025 734 1054 eius
761 1024 893 1062 loquetur
915 1025 992 1054 iudi-

146 1072 232 1100 cium.
250 1072 335 1101 Iudex
351 1072 440 1101 iustus
459 1075 500 1101 est
515 1072 562 1108 qui
585 1072 657 1101 iusto
672 1072 729 1101 zelo
747 1074 884 1105 movetur,
900 1072 992 1100 omnia

146 1118 217 1147 bona
237 1120 372 1157 approbat
386 1123 413 1148 et
435 1120 506 1148 mala
521 1120 666 1156 reprobat3
689 1119 736 1157 qui
751 1126 818 1147 vero
838 1126 893 1147 non
909 1118 992 1147 habet

146 1169 253 1194 rectum
285 1166 374 1195 zelum
397 1174 451 1195 non
481 1168 570 1203 potest
592 1166 661 1195 bene
692 1166 822 1195 iudicare.
854 1165 937 1192 Amor
964 1167 992 1193 et

144 1212 238 1241 odium
261 1216 425 1249 pervertunt
452 1212 594 1242 iudicium.
617 1213 642 1241 Si
671 1212 730 1241 odis
750 1219 809 1246 me,
838 1219 892 1239 non
914 1213 991 1247 potes

145 1266 188 1287 me
211 1263 284 1288 recte
299 1259 436 1295 iudicare;
458 1263 485 1289 et
499 1263 605 1297 quare?
624 1260 694 1297 Quia
708 1259 817 1288 videtur
840 1258 901 1292 tibi,
917 1257 991 1295 quod

144 1306 251 1340 omnia,
273 1314 344 1344 quae
365 1310 430 1336 sunt
450 1307 478 1336 in
499 1315 558 1341 me,
581 1307 653 1336 mala
674 1307 736 1336 sint.
759 1303 797 1327 -'—
821 1305 887 1334 Item
908 1313 991 1342 opor-

145 1355 198 1388 tet,
227 1354 301 1391 quod
329 1354 414 1383 iudex
442 1354 542 1383 habeat
569 1354 688 1383 notitiae
715 1353 888 1382 claritatem.
917 1353 990 1389 Quo-

143 1400 224 1429 modo
244 1401 396 1430 iudicarem
411 1401 480 1431 bene
501 1401 535 1431 de
556 1409 587 1431 re
601 1401 714 1439 ignota?
734 1400 810 1430 Unde
831 1408 895 1429 cum
910 1400 990 1429 3111101

145 1447 190 1476 Iob
211 1451 361 1486 arguerent
375 1456 455 1483 eum,
477 1449 551 1486 quod
566 1457 620 1477 non
635 1451 706 1477 esset
727 1448 833 1482 iustus,
854 1447 989 1477 dicentes:

143 1495 217 1524 Deus
238 1496 328 1525 iustus
352 1496 457 1525 iustum
478 1504 532 1524 non
560 1496 659 1533 pnnit3
680 1498 707 1524 et
728 1498 755 1525 te
780 1499 872 1525 tamen
894 1495 989 1533 punit:

143 1550 209 1580 ergo
230 1551 284 1572 non
305 1551 334 1572 es
355 1543 460 1577 iustus;
490 1543 639 1572 voluerunt
660 1542 783 1572 iudicare
805 1542 844 1572 :ie
865 1542 989 1572 occultis.

144 1590 204 1624 lob,
226 1590 341 1619 audiens
361 1590 445 1624 haec,
466 1589 607 1627 respondit
628 1590 668 1619 eis
688 1590 820 1619 dicens³z
844 1590 990 1619 Converti-

143 1637 218 1666 mini
237 1640 262 1666 et
284 1637 385 1671 venite,
400 1640 426 1665 et
445 1646 504 1666 non
518 1637 666 1666 inveniam
688 1638 719 1666 in
733 1637 812 1666 vobis
835 1637 927 1666 ullum
941 1646 990 1666 sa-

140 1684 272 1722 pientem.
295 1684 356 1713 Ideo
382 1684 449 1713 dicit
469 1684 566 1713 beatus
595 1684 726 1713 Iacobus:
748 1694 807 1713 non
832 1685 989 1719 iudicans,

143 1739 197 1759 non
218 1730 293 1768 quod
314 1731 396 1760 homo
416 1739 470 1760 non
491 1731 589 1760 debeat
607 1731 729 1760 iudicare
750 1732 809 1760 loco
823 1734 851 1760 et
866 1734 990 1768 tempore

140 1777 174 1807 de
195 1785 241 1813 re,
262 1778 296 1807 de
317 1786 373 1815 qua
395 1778 478 1807 habet
492 1778 687 1807 certitudinem
708 1782 735 1807 et
756 1778 949 1808 auctoritatem
963 1781 990 1807 et

141 1828 248 1854 rectum
270 1825 373 1859 zelum;
388 1825 436 1854 sed
457 1825 523 1863 quia
536 1825 659 1854 iudicant
676 1825 802 1854 homines
823 1825 926 1854 malum
942 1825 990 1854 bo-

141 1880 222 1907 num,
250 1875 278 1902 et
305 1876 418 1902 econtra
444 1873 549 1901 bonum
569 1872 682 1901 malum.
705 1872 801 1901 Melius
821 1875 878 1906 est,
900 1873 922 1901 si
944 1873 990 1902 de-

140 1919 220 1949 beam
242 1920 365 1949 iudicare
395 1920 428 1949 de
459 1920 528 1954 3110,
559 1919 633 1957 quod
662 1920 777 1949 sentiam
810 1920 879 1949 bene
906 1928 990 1958 quam

142 1967 222 1996 male.
244 1967 331 1996 Debet
352 1967 437 1996 homo
457 1975 517 1996 esse
537 1967 651 2005 pronior
671 1967 706 1996 ad
726 1967 876 1996 clementer
903 1975 990 1996 excu-

143 2013 260 2043 sandum
285 2023 370 2052 quam
400 2014 435 2044 ad
466 2014 537 2044 male
569 2014 755 2043 iudIcandum.
777 2014 879 2044 Omnes
909 2015 991 2044 modo

141 2064 207 2091 sunt
234 2061 401 2091 iudicatores
428 2062 604 2100 iniquarum
632 2061 841 2098 cecitationum
855 2062 875 2089 ⁴.
904 2062 990 2091 Debet

141 2108 226 2146 igitur
248 2109 330 2137 homo
351 2117 406 2137 non
428 2109 631 2137 transcendere
652 2109 855 2137 auctoritatem
878 2116 928 2138 nec
950 2112 988 2138 te—

1838 190 1893 219 1503

1051 269 1168 297 incrarie
1200 269 1320 298 iudicare
1352 270 1409 299 sinc
1443 270 1498 298 zeli
1525 270 1694 298 rectitudine
1726 272 1752 297 ct
1776 269 1895 297 notitiae

1049 316 1189 344 claritate.
1214 317 1379 345 Matthaeus:
1404 316 1495 345 Nolite
1516 317 1663 351 iudicare,
1685 320 1717 344 ut
1738 325 1796 344 non
1818 316 1895 344 iudi-

1049 363 1161 390 cemini.
1191 363 1269 399 Quod
1301 364 1426 392 homines
1456 364 1579 393 detectus
1599 364 1701 392 alienos
1733 363 1895 391 intrinsecos

1050 409 1171 438 iudicant
1192 414 1219 438 ct
1240 419 1268 439 sc
1297 411 1456 447 negligunt,
1485 419 1593 439 summa
1615 410 1731 439 stultitIa
1758 412 1807 439 cst.
1829 410 1895 438 Gre-

1049 456 1157 492 gorilis:
1185 457 1340 491 «Animus,
1369 460 1473 493 quanto
1493 458 1628 486 curiosior
1656 460 1697 485 cst
1723 457 1757 485 ad
1785 457 1895 489 investi-

1050 504 1169 540 gandum
1191 504 1294 538 aliena,
1318 507 1393 532 tamo
1420 504 1531 532 stultior
1552 508 1593 533 est
1614 505 1647 533 :ul
1675 504 1894 541 cognoscendum

1035 569 1037 573 -
1050 551 1163 588 propria
1177 563 1202 579 ».

1132 600 1173 626 17.
1204 598 1324 635 septima
1351 601 1378 627 et
1399 598 1496 627 ultima
1523 599 1651 627 columna
1679 598 1827 635 sapientiae
1854 600 1896 627 est
1908 602 2000 627 Septim-

1049 645 1223 682 simplicitas
1245 646 1271 674 in
1294 645 1459 681 intentione,
1481 654 1552 683 quae
1574 649 1702 680 notatur,
1728 654 1790 674 cum
1813 646 1896 674 dicit:

1049 692 1111 721 sine
1138 693 1332 722 simulatione.
1355 693 1393 722 De
1414 693 1466 722 ista
1486 693 1587 722 dicitur
1602 694 1622 728 ⁵,
1644 693 1717 730 quod
1742 702 1795 721 reat
1816 693 1898 722 Salo-
1935 706 1938 709 ¹

1049 748 1117 768 mon
1137 739 1206 777 fecit
1227 739 1365 769 thronum
1387 740 1421 769 de
1441 740 1523 769 ebore
1542 741 1703 778 grandem,
1732 744 1759 770 et
1780 741 1843 770 tecit
1870 741 1898 769 in

1049 795 1081 815 eo
1102 796 1152 815 sex
1172 787 1296 825 yradus.
1326 787 1397 816 Aliae
1419 788 1564 817 columnae
1595 791 1660 817 sunt
1686 788 1717 817 in
1739 797 1829 827 aym,
1851 789 1898 817 sed

1050 834 1101 863 ista
1122 837 1163 863 est
1187 834 1444 872 principalissima
1471 837 1499 863 et
1523 835 1554 863 in
1581 835 1757 864 summitate.
1787 836 1825 864 De
1848 836 1899 865 ista

1051 882 1174 919 loquitur
1195 882 1340 919 Apostolus
1353 882 1459 911 dicens:
1483 883 1564 919 Quae
1584 891 1705 911 sursum
1724 887 1794 912 sunt
1811 892 1898 922 quae-

1049 929 1124 963 rite,·
1145 932 1172 958 et
1192 929 1220 958 in
1242 929 1419 959 Ecclesiaste:
1443 930 1520 966 Quid
1542 929 1626 958 habet
1639 930 1767 968 amptius
1781 931 1899 968 sapiens

1049 985 1068 1005 a
1088 976 1189 1011 stulto,
1211 980 1236 1005 et
1256 977 1328 1015 quill
1342 985 1474 1014 pauper,
1495 977 1556 1006 nisi
1576 981 1609 1006 ut
1619 981 1724 1015 perflat
1746 975 1908 1012 illuc‚'ubi'

1048 1027 1087 1052 est
1108 1023 1190 1052 vita?
1212 1024 1307 1059 Certe,
1330 1024 1381 1053 ubi
1400 1028 1441 1053 est
1463 1023 1614 1059 Christus,
1636 1028 1741 1053 etcum
1762 1033 1898 1062 apparue-

1049 1071 1085 1099 rit
1104 1071 1247 1105 Cbristus,
1262 1071 1407 1108 apparebit
1427 1072 1491 1100 vita.
1508 1088 1546 1092 —-
1561 1071 1611 1100 Sed
1630 1072 1678 1100 ubi
1692 1075 1734 1100 est
1748 1072 1875 1101 ChriStus
1887 1074 1898 1100 ‘t
1911 1075 2041 1094 Christussvita

1924 1101 1943 1117 et
1957 1099 1998 1117 sons
2013 1104 2042 1117 sa-

1047 1117 1143 1153 Certe,
1165 1126 1278 1147 sursum
1301 1119 1328 1147 in
1356 1119 1447 1153 cae-103
1479 1119 1638 1155 Apostolus:
1669 1120 1750 1155 Quae
1776 1128 1898 1147 sursum
1924 1122 2015 1146 pientiae-

1047 1168 1116 1193 sunt
1142 1165 1280 1203 quaerite.
1310 1165 1396 1203 Igitur
1417 1165 1445 1194 in
1460 1160 1542 1194 ¹caelo
1563 1169 1605 1194 est
1625 1165 1753 1194 Christus
1778 1169 1806 1195 et
1833 1166 1897 1195 vita.

1046 1208 1175 1241 Christus
1194 1211 1263 1249 fons
1283 1212 1460 1250 sapientiae,
1490 1212 1547 1249 ipse
1568 1215 1610 1241 est
1638 1212 1723 1241 huius
1749 1212 1813 1241 doni
1835 1213 1959 1242 fun-120⁰),
1975 1216 2043 1235 sunda-

1917 1241 2001 1258 mentum
2021 1241 2042 1258 et

1046 1257 1208 1286 damentum
1229 1262 1257 1287 et
1284 1258 1528 1295 complementum.
1551 1259 1695 1295 Apostolus
1722 1262 1755 1288 ut
1781 1260 1899 1297 sapiens
1917 1263 2044 1290 wmvlefflen-

1047 1303 1223 1334 architectus
1243 1305 1347 1334 dicit⁶z
1371 1305 1610 1335 Fundamentum
1635 1306 1719 1335 aliud
1740 1315 1822 1336 nemo
1847 1316 1899 1345 po-

1047 1356 1099 1381 test
1110 1361 1217 1390 ponere
1234 1356 1354 1390 praeter
1375 1353 1406 1381 icl
1431 1353 1508 1392 quod
1526 1354 1656 1391 positum
1678 1357 1734 1389 est,
1757 1355 1834 1393 quod
1858 1359 1899 1384 est

1049 1398 1184 1429 Christus
1200 1400 1288 1428 lesus.
1311 1400 1345 1429 Ut
1359 1400 1425 1429 dicit
1446 1400 1581 1438 quaedam
1600 1401 1709 1437 Glossa,
1726 1402 1815 1431 1101110
1835 1410 1900 1432 con-

1046 1447 1133 1476 trario
1156 1447 1238 1477 modo
1262 1456 1291 1477 se
1313 1448 1397 1477 habet
1421 1448 1514 1477 arbori
1538 1449 1564 1477 in
1591 1449 1696 1484 radice3
1718 1450 1802 1479 arbor
1826 1451 1900 1480 enim

1047 1494 1130 1524 habet
1151 1495 1272 1524 radicem
1286 1495 1433 1529 deorsum,
1456 1496 1539 1525 homo
1553 1504 1666 1526 sursum
1673 1508 1679 1532 3
1702 1500 1729 1526 et
1743 1497 1899 1527 aedificium

1046 1541 1190 1579 spirituale
1204 1542 1287 1571 habet
1308 1542 1518 1572 fundamentum
1538 1551 1666 1578 sursum,
1688 1544 1735 1573 sed
1756 1545 1899 1581 corporale

1046 1589 1190 1624 deorsum;
1212 1589 1339 1619 Christus
1359 1590 1445 1627 igitur
1465 1594 1507 1619 est
1528 1591 1613 1620 liuius
1633 1591 1697 1620 doni
1721 1591 1899 1629 fundamen-

1046 1640 1117 1665 tum.
1140 1636 1212 1665 Idem
1241 1639 1282 1665 est
1303 1637 1385 1666 etiam
1413 1637 1473 1666 eius
1501 1638 1753 1676 complementum,
1776 1639 1842 1676 quia
1870 1640 1897 1669 in

1046 1684 1106 1721 ipso
1132 1688 1202 1712 sunt
1229 1692 1327 1712 omnes
1354 1683 1487 1713 thesauri
1516 1685 1678 1723 sapientiae
1705 1690 1730 1715 et
1760 1687 1898 1716 scientiae

1046 1730 1210 1759 absconditi
1220 1731 1240 1759 ⁷.
1263 1731 1290 1760 ln
1313 1732 1372 1769 ipso
1393 1736 1603 1762 consummatur
1624 1733 1724 1763 domus
1739 1735 1896 1772 sapientiae.

1046 1777 1121 1807 Unde
1135 1777 1238 1807 dieitur
1259 1778 1287 1807 in
1302 1779 1476 1809 Ecclesiaste:
1498 1779 1646 1818 Sapientis
1660 1781 1739 1810 oculi
1758 1781 1788 1810 in
1803 1782 1898 1820 capite

1046 1825 1125 1859 etus,
1147 1825 1174 1853 id
1189 1828 1230 1854 est
1244 1825 1271 1854 in
1293 1826 1419 1862 Christ0;
1437 1827 1544 1856 stultus
1564 1827 1596 1856 in
1617 1828 1741 1857 tenebris
1755 1829 1896 1859 ambulat.

1047 1872 1075 1901 In
1102 1872 1213 1902 Christo
1243 1876 1285 1902 est
1315 1874 1516 1904 consummatio
1546 1875 1636 1904 omnis
1667 1876 1740 1905 boni.
1766 1876 1842 1906 Unde
1869 1877 1898 1907 in

1047 1919 1161 1949 Ioanne:
1183 1920 1262 1950 Haec
1288 1925 1330 1950 est
1356 1925 1455 1951 autem
1482 1922 1543 1951 vita
1571 1926 1708 1958 aeterna,
1734 1927 1768 1952 ut
1794 1933 1898 1962 coquo-

1046 1971 1131 1996 scant
1151 1971 1176 1996 te
1201 1968 1298 1997 solum
1320 1968 1412 1998 Deum
1433 1977 1535 1998 verum
1563 1973 1589 1998 et
1609 1978 1693 2008 quem
1720 1971 1829 2000 misisti
1855 1972 1898 2000 Je-

1046 2023 1112 2043 sum
1145 2014 1302 2044 Christum.
1333 2015 1379 2044 Illa
1406 2025 1481 2054 quae
1510 2025 1633 2046 sursum
1659 2021 1742 2052 sunt,
1764 2018 1898 2048 debemus

1045 2061 1218 2096 desiderare,
1240 2062 1334 2092 videre
1355 2066 1382 2092 et
1402 2063 1509 2098 facere;
1530 2067 1558 2093 et
1581 2064 1615 2093 ad
1637 2072 1669 2093 ea
1690 2073 1740 2094 nos
1762 2066 1897 2103 perducat

1045 2109 1093 2146 qui
1114 2109 1173 2138 sine
1193 2109 1249 2138 fine
1270 2109 1338 2138 vivit
1358 2113 1385 2139 et
1407 2113 1511 2148 regnat.
1534 2112 1628 2140 Amen.

660 2226 825 2247 EXPLICIUNT
846 2227 1031 2248 COLLATIONES
1051 2228 1086 2248 DE
1107 2227 1188 2248 130le
1209 2228 1330 2249 51²1anth
1351 2229 1373 2250 S.

204 2609 212 2622 ¹
230 2609 285 2639 Cap.
304 2611 345 2639 to,
366 2612 386 2634 1.

178 2663 181 2665 -
203 2648 213 2662 ⁹
230 2650 311 2673 Psalm.
329 2651 371 2679 36,
389 2651 427 2673 30.

203 2687 213 2701 ⁸
230 2689 287 2718 Cap.
305 2690 347 2718 17,
367 2690 402 2712 10.
419 2689 477 2713 Ibid.
499 2690 541 2719 29,
560 2691 604 2713 ⁴6:
621 2690 731 2720 Causam,
748 2698 819 2721 quam
841 2692 987 2721 nesciebam,

142 2729 318 2757 diligentissime
341 2729 520 2758 investigabam.
536 2742 567 2747 —
583 2730 678 2753 Inferius
694 2731 814 2761 respicitur
830 2732 880 2755 Isai.
896 2732 923 2760 5,
941 2733 986 2755 20:

141 2768 186 2797 Qui
202 2768 278 2791 dicitis
295 2768 381 2791 malurn
398 2768 486 2791 bonum
504 2771 526 2791 ct
542 2768 629 2792 bonum
647 2770 742 2793 malum.

203 2806 213 2819 ⁴
230 2808 274 2830 13(·.
291 2808 317 2836 2,
336 2807 364 2830 1,·
382 2808 460 2831 Nonne
477 2808 583 2831 iudicatis
594 2809 657 2838 apud
670 2810 824 2839 vosmetipsos
835 2814 857 2834 et
868 2811 920 2834 tacti
932 2812 986 2834 estis

140 2846 229 2869 iudices
245 2847 411 2875 cogitationum
429 2848 580 2877 iniquarum?
597 2861 628 2865 —
645 2849 697 2878 Seq.
714 2849 778 2873 locus
791 2853 826 2873 est
836 2849 914 2874 Matth.
924 2850 951 2880 7,
968 2852 986 2873 1.

141 2886 257 2908 Sententia
274 2886 380 2914 Gregorii
396 2886 525 2909 insinuatur
541 2887 565 2910 in
582 2887 615 2910 llI.
632 2888 708 2910 Moral.
724 2894 744 2911 c.
756 2889 794 2911 3I.
805 2880 828 2912 n.
840 2890 885 2912 60:
902 2890 987 2919 Sicque

141 2924 178 2952 tit,
195 2927 232 2952 ut,
249 2925 306 2947 dum
323 2925 354 2948 ad
370 2926 443 2948 aliena
461 2926 608 2950 diiudicanda
625 2933 691 2950 mens
707 2928 811 2955 ducitur,
825 2929 913 2958 proprii
930 2930 987 2952 iudi·

140 2964 170 2986 cii
186 2963 272 2986 lumine
290 2965 406 2994 privetur,
424 2968 446 2987 ct
462 2971 490 2988 co
508 2965 589 2989 durius
605 2969 683 2989 contra
701 2966 774 2990 aliena
790 2968 921 2998 superbiat,
938 2975 986 2998 quo

139 3009 181 3026 sua
198 3003 352 3032 negligentius
369 3004 466 3032 ignorat.

1107 2616 1117 2627 ¹²
1133 2614 1196 2638 Libr.
1212 2616 1245 2639 III.
1261 2617 1320 2645 Reg.
1337 2617 1379 2645 10,
1394 2617 1429 2639 ts.
1446 2620 1468 2639 et
1488 2617 1522 2639 19.
1533 2629 1565 2633 -
1576 2617 1630 2646 Seq.
1642 2617 1706 2639 Iocus
1717 2619 1752 2640 est
1763 2616 1809 2640 Col.
1824 2618 1851 2645 3,
1864 2618 1873 2640 1
1887 2625 1893 2647 ;

1044 2654 1125 2677 tertius
1141 2655 1214 2678 Eccle.
1230 2656 1257 2684 6,
1274 2656 1297 2679 8.
1313 2655 1417 2679 Subinde
1433 2656 1555 2685 respicitur
1571 2655 1618 2679 Col.
1637 2656 1663 2684 3,
1677 2657 1711 2679 =l.:
1728 2656 1773 2679 Ubi
1789 2656 1894 2680 Christus

1044 2696 1079 2717 est
1095 2693 1118 2716 in
1134 2694 1227 2717 dextera
1244 2695 1284 2717 Dei
1301 2696 1399 2724 sedens;
1412 2698 1435 2718 et
1447 2695 1475 2718 4:
1492 2695 1551 2719 Cum
1568 2694 1672 2719 Christus
1689 2696 1834 2724 apparuerit,
1846 2696 1893 2720 vita

1044 2736 1133 2762 vestra,
1150 2736 1204 2757 tunc
1220 2737 1243 2757 et
1258 2740 1302 2758 vos
1318 2734 1461 2763 apparebitis
1478 2740 1531 2757 cum
1549 2735 1600 2764 ipso
1618 2734 1640 2757 in
1657 2735 1738 2763 gloria.

1106 2770 1117 2784 ⁰
1132 2773 1205 2801 Epist.
1221 2773 1236 2796 I.
1252 2773 1305 2797 Cor.
1321 2774 1348 2803 3,
1366 2774 1404 2797 11.
1420 2776 1443 2797 et
1467 2781 1492 2797 v.
1517 2774 1562 2797 1οε
1587 2774 1615 2797 Ut
1638 2774 1731 2803 sapiens
1755 2775 1893 2798 architectus

1043 2811 1219 2835 fundamentum
1236 2812 1312 2840 posui.
1328 2825 1360 2831 —
1376 2813 1410 2836 De
1426 2813 1505 2836 Glossa
1522 2813 1618 2843 eiusque
1642 2814 1784 2842 expositione
1807 2814 1892 2843 (sumta

1042 2856 1070 2873 ex
1087 2851 1184 2879 August.
1200 2850 1224 2873 in
1241 2851 1277 2874 Ps.
1294 2852 1332 2874 29.
1348 2854 1448 2875 enarrat.
1464 2853 1487 2876 2.
1503 2859 1526 2875 n.
1543 2852 1581 2875 10.
1599 2852 1648 2882 (cst.
1667 2859 1737 2881 supra
1760 2859 1815 2881 pag.
1832 2852 1891 2880 438,

1042 2892 1095 2912 nota
1113 2889 1143 2918 2.)
1161 2889 1216 2912 vide
1233 2892 1287 2913 torn.
1305 2891 1343 2914 IV.
1360 2897 1414 2920 pag.
1432 2892 1490 2919 583,
1508 2894 1560 2915 nota
1579 2892 1601 2915 1.
1617 2891 1695 2915 Verba
1718 2892 1811 2914 Glossae
1829 2892 1852 2914 in
1873 2892 1891 2914 B

1043 2931 1150 2957 corrupta
1167 2931 1189 2951 et
1206 2929 1228 2951 in
1244 2929 1263 2952 Α
1279 2930 1364 2953 omissa
1381 2930 1542 2959 supplevimus
1558 2937 1586 2953 ex
1598 2931 1683 2954 Bonelli
1695 2931 1716 2953 in
1728 2931 1773 2953 fine
1784 2930 1890 2954 eiusdem

1043 2967 1176 2991 collationis.

1105 3005 1114 3020 “’
1132 3007 1179 3031 Col.
1196 3008 1223 3036 2,
1236 3008 1258 3031 3.
1269 3020 1300 3025 -
1311 3009 1356 3038 Seq
1368 3009 1432 3032 locus
1441 3012 1475 3033 est.
1484 3009 1557 3033 Ecclc.
1566 3010 1593 3037 2,
1603 3008 1644 3038 ⁴4;
1654 3009 1734 3032 tertius
1744 3009 1804 3032 ioan.
1816 3008 1856 3036 17,
1866 3008 1889 3032 3.

1918 1288 1957 1305 tum
1974 1287 2041 1311 ipsius.
