2285 3398
239 347 325 367 claritas.

220 489 324 508 Subtilitas.

205 630 325 673 1111ρὲἑωὶ-

236 725 323 749 Agililas.

214 1056 235 1075 ln
248 1056 323 1080 regione

227 1080 311 1099 caelesti.

195 1576 233 1600 Pro
246 1575 295 1595 thesi
307 1575 325 1594 3.

197 2094 280 2114 Ani-eota
295 2094 327 2114 tri-

242 2118 292 2143 plex.

344 168 400 197 290

340 246 412 275 ordo
433 245 565 279 sustinet,
587 245 661 282 quod
682 245 846 274 restituatur
867 253 970 282 corpus
984 245 1093 282 spiritui
1108 246 1187 274 beato

339 292 390 322 nisi
412 300 461 330 per
481 291 572 320 omnia
594 291 632 320 illi
654 291 794 321 conforme
815 294 842 320 et
861 292 1029 327 subiectum,
1051 295 1187 330 quantum

339 342 428 377 potest
449 346 550 376 corpus
571 338 681 376 spiritui
702 339 876 368 conformari.
892 334 1027 376 Quoniam
1048 348 1114 376 ergo
1132 339 1186 375 spi-

339 387 411 418 ritus¹
424 388 466 415 est
480 385 583 415 visione
599 385 667 414 lucis
682 388 810 415 aeternae
825 386 1008 421 clarificatus;
1031 386 1091 415 ideo
1105 386 1187 415 debet

339 434 366 463 in
388 433 447 463 eius
468 441 585 470 corpore
606 433 728 462 claritas
750 433 820 462 lucis
845 434 1019 471 permaxima
1040 434 1184 463 resultare.

338 480 408 518 Quia
428 488 495 509 vero
516 480 661 510 dilectione
678 481 752 510 illius
773 481 874 510 summi
889 481 1008 518 Spiritus
1022 484 1064 510 est
1077 488 1185 510 summe

337 527 488 564 spiritualis
502 528 630 562 effectus;
652 528 713 557 ideo
727 528 754 556 in
770 536 885 565 corpore
906 528 1009 558 habere
1023 528 1104 557 debet
1125 535 1185 555 cor-

338 575 549 612 respondentem
559 574 745 604 subtilitatem
757 578 784 604 et
795 575 1026 612 spiritualitatem.
1042 575 1111 611 Quia
1127 577 1185 603 ten-

339 623 411 651 tione
431 622 601 652 aeternitatis
622 623 711 651 factus
731 625 773 651 est
793 622 905 651 omnino
919 622 1109 659 impassibilis;
1125 620 1186 649 ideo

337 669 365 698 in
387 677 503 706 corpore
524 669 584 698 eius
604 669 685 698 debet
705 677 765 699 esse
787 669 1008 708 impassibilitas
1029 667 1186 697 omnimoda

339 718 393 744 tam
415 715 488 744 intra
508 724 592 753 quam
620 718 709 744 extra.
732 716 802 752 Quia
830 723 896 744 vero
924 723 960 744 ex
985 715 1029 744 his
1056 713 1186 743 omnibus

338 763 452 801 spiritus
473 763 698 801 promptissimus
717 765 759 792 est
781 763 815 791 ad
838 762 1005 791 tendendum
1030 762 1057 790 in
1080 761 1184 795 Deum;

338 811 397 840 ideo
419 811 446 839 in
471 819 587 848 corpore
608 810 734 848 glorioso
746 810 828 839 debet
842 817 951 838 5111111113
971 809 1091 846 aquilas
1106 816 1184 845 repe-

338 858 395 887 riri.
412 858 546 895 Quoniam
561 858 646 895 igitur
661 866 710 894 per
732 858 782 886 has
801 859 922 894 quatuor
943 856 1127 894 proprietates
1154 855 1186 883 fit

337 913 438 943 corpus
458 904 581 942 spiritui
601 903 770 942 conformel
789 906 816 933 et
835 903 916 932 etiam
931 903 1104 936 subiectum;
1121 902 1185 930 hinc

337 954 390 986 est,
412 951 486 989 quod
508 951 535 980 iu
557 951 600 980 his
624 953 746 988 quatuor
771 950 920 988 praecipue
947 949 1047 979 dotari
1073 949 1184 983 dicitur,

337 999 443 1028 ratione
470 1006 591 1036 quorum
616 998 790 1027 idoneitatem
823 997 923 1026 habeat
947 996 1026 1034 sequi
1055 996 1185 1033 spiritum

337 1049 364 1076 et
379 1046 472 1075 locari
486 1046 517 1075 in
531 1046 646 1084 remonte.
661 1045 783 1080 caelesti,
796 1053 867 1083 quae
881 1047 923 1074 est
937 1044 1013 1082 regio
1027 1040 1183 1073 Beatorum.

338 1095 366 1123 In
398 1094 456 1123 istis
484 1094 557 1123 enim
588 1093 804 1130 proprietatibus
832 1092 996 1122 caelestibus
1020 1091 1184 1129 corporibus

337 1141 518 1176 assimilatur,
540 1149 589 1178 per
618 1149 687 1178 quas
712 1140 791 1178 quasi
819 1140 954 1177 gradatim
975 1139 1058 1168 distat
1082 1146 1184 1175 corpus

337 1189 453 1218 caeleste
477 1197 493 1217 a
518 1191 638 1225 quatuor
659 1188 816 1222 elementis;
841 1190 868 1216 et
893 1187 931 1216 sic
960 1186 1009 1215 dos
1034 1193 1183 1223 corporum

338 1235 548 1273 quadruplicata
578 1238 605 1264 et
629 1243 731 1272 corpus
756 1235 783 1263 in
806 1243 834 1263 se
860 1234 1012 1271 perfectum
1040 1232 1130 1262 reddit
1157 1235 1184 1261 et

338 1282 477 1312 conforme
505 1282 666 1310 habitationi
695 1282 803 1311 caelesti
828 1284 855 1310 et
876 1280 990 1318 Spiritui
1018 1280 1112 1313 beato,
1134 1287 1184 1316 per

338 1337 422 1366 quem
450 1337 466 1357 a
486 1336 594 1357 summo
622 1328 715 1366 capite
743 1328 799 1357 Deo
820 1336 909 1365 usque
937 1327 968 1356 in
996 1336 1081 1356 oram
1101 1326 1183 1354 vesti-

337 1375 464 1409 menti2,
496 1374 598 1404 scilicet
626 1375 763 1411 corporis,
795 1374 937 1411 plenitudo
971 1373 1123 1402 dulcedinis
1158 1374 1185 1401 et

338 1421 515 1451 beatitudinis
529 1421 647 1450 ebrietas
669 1421 820 1455 redundat,
845 1424 871 1449 et
886 1423 1022 1457 quantum
1042 1423 1083 1449 est
1098 1419 1184 1457 possi-

339 1469 408 1503 bile,
429 1468 580 1498 derivatur.

418 1516 570 1549 Postremo,
592 1515 723 1552 quoniam
744 1514 790 1543 illa
820 1514 981 1550 praemiatio
1006 1513 1086 1542 debet
1108 1513 1184 1547 fieri,

338 1563 491 1593 secundum
512 1562 586 1600 quod
608 1562 694 1599 exigit
719 1561 866 1591 retributio
887 1561 959 1590 iusta
986 1564 1013 1590 et
1040 1561 1185 1597 productio

337 1611 463 1640 virtuosa
483 1612 510 1639 et
530 1609 694 1647 gubernatio
721 1608 847 1637 ordinata
874 1611 901 1637 et
928 1608 1010 1636 etiam
1036 1607 1185 1645 reparatio

336 1658 484 1696 9loriosa‚·
498 1660 525 1686 et
546 1657 573 1685 in
594 1656 710 1685 diversis
731 1656 832 1685 Christi
847 1655 979 1684 membris
993 1654 1102 1684 diversa
1120 1657 1185 1690 sunt

338 1704 504 1735 charismata
524 1704 677 1742 gratiarum
698 1712 753 1732 non
774 1703 864 1732 solum
892 1705 1029 1740 quantum
1056 1701 1090 1730 ad
1116 1701 1184 1730 inte-

338 1753 413 1781 riora
432 1752 516 1786 dona,
538 1760 636 1781 verum
657 1751 739 1780 etiam
761 1753 898 1788 quantum
925 1750 959 1779 ad
980 1749 1115 1779 exercitia
1135 1757 1184 1778 ex-

338 1799 478 1833 teriora⁸;
500 1807 555 1828 non
586 1799 674 1837 solum
706 1797 798 1835 quoad
826 1797 950 1831 habitus,
972 1805 1070 1826 verum
1102 1796 1185 1825 etiam

338 1846 428 1883 quoad
449 1848 549 1880 status;
571 1854 625 1874 non
647 1845 737 1874 solum
758 1844 849 1882 quoad
870 1844 1065 1882 perfectionem
1086 1844 1185 1873 carita—

338 1892 373 1922 tis
393 1893 421 1922 in
443 1896 549 1928 mente,
572 1901 670 1922 verum
691 1892 774 1922 etiam
795 1891 886 1929 quoad
908 1891 1084 1928 perfectionis
1104 1891 1184 1920 deco-

338 1947 398 1969 rem
419 1939 682 1977 etpulcritudinem
703 1939 731 1968 111
762 1947 845 1976 opere
867 1939 1019 1976 corporali:
1042 1939 1105 1968 hinc
1127 1941 1184 1973 est,

338 1986 412 2024 quod
439 1987 579 2024 aliquibus
606 1986 739 2016 membris
766 1994 820 2015 non
849 1986 938 2015 solum
966 1985 1040 2014 stola
1068 1986 1186 2015 animae

338 2042 401 2063 cum
424 2035 513 2064 tribus
532 2035 593 2064 eius
612 2034 724 2063 dotibus
743 2036 771 2063 61
790 2034 865 2062 stola
885 2033 1018 2071 corporis
1038 2041 1103 2062 cum
1117 2041 1185 2071 qua-

339 2084 416 2116 tuor,
437 2089 535 2111 verum
556 2081 638 2110 etiam
663 2080 827 2110 excellentia
847 2081 992 2119 quaedam
1021 2080 1133 2109 decoris
1160 2083 1188 2108 et

337 2128 444 2166 yaudii
469 2128 587 2158 debetur
618 2130 732 2166 propter
760 2127 981 2165 praecellentiam
1010 2127 1185 2164 perfectionis

339 2178 366 2205 et
385 2175 599 2205 decoris'habiti
620 2175 647 2204 in
673 2183 757 2213 opere
783 2175 915 2204 virtuoso.
938 2174 1072 2212 Quoniam
1100 2174 1185 2212 igitur

340 2223 440 2260 triplex
463 2226 505 2252 est
524 2231 612 2260 genus
638 2222 730 2260 operis
750 2222 948 2260 praecellenter
977 2221 1130 2259 perfectum
1158 2224 1186 2251 et

340 2270 469 2308 pulcrum
483 2273 510 2299 et
525 2269 655 2307 speciali⁴1
671 2265 841 2298 formositate
859 2269 1010 2298 formosum
1031 2268 1184 2298 secundum

340 2317 476 2355 triplicem
497 2317 553 2346 vim
575 2317 700 2346 animae:
722 2316 874 2345 secundum
896 2316 1070 2350 rationalem,
1096 2324 1184 2354 prae-

402 2497 411 2511 ¹
429 2498 549 2521 lKLOV
567 2497 670 2522 totaliter
687 2497 821 2527 conforme,
838 2497 878 2526 qui
901 2497 969 2520 etiam
988 2497 1015 2527 (O
1033 2498 1138 2527 excepto)
1157 2499 1188 2520 in-

341 2538 410 2561 terius
427 2544 480 2560 cum
497 2538 514 2560 E
528 2537 630 2567 perfecte
646 2536 725 2560 reddit
740 2536 861 2566 conforme
878 2542 920 2564 pro
935 2537 1067 2566 perfectum
1078 2536 1156 2561 reddit
1166 2539 1187 2561 et

340 2577 469 2607 conforme.
485 2577 528 2599 Pro
544 2576 571 2607 fit
587 2577 635 2599 HM
652 2575 687 2600 sic
703 2577 745 2599 est.

402 2614 412 2628 ²
428 2616 512 2638 Psalm.
530 2615 585 2643 432,
604 2617 631 2638 2:
649 2616 712 2638 Sicut
728 2617 874 2643 unguentum
893 2615 915 2637 in
938 2616 1036 2644 capite...
1060 2617 1125 2646 quod
1150 2617 1187 2639 de-

343 2654 431 2678 scendit
448 2654 471 2677 in
488 2660 553 2678 oram
570 2657 614 2677 etc.
630 2654 675 2678 Cir.
693 2654 785 2682 Prolog.
801 2653 815 2682 ς,
832 2654 854 2676 3.

402 2693 412 2706 ¹³
428 2694 475 2718 Csr.
491 2695 507 2719 1.
523 2694 577 2717 Cor.
595 2694 636 2722 42,
649 2693 670 2716 4.
687 2700 753 2722 seqq.
763 2705 795 2711 --
806 2693 928 2722 Aliquanto
946 2694 1040 2717 interius
1057 2701 1099 2723 pro
1117 2701 1186 2725 opere

339 2733 445 2758 virtuoso
462 2734 526 2761 Vat.,
545 2734 554 2756 l
575 2736 598 2756 et
615 2734 628 2756 3
646 2739 745 2763 corpore
762 2732 877 2756 virtuoso.

402 2772 412 2785 *¹
428 2774 459 2796 lta
475 2774 491 2796 F
508 2776 531 2796 et
548 2774 574 2801 2,
594 2773 616 2795 in
633 2773 683 2795 aliis
705 2772 782 2795 minus
802 2771 863 2795 b'ene
878 2772 1010 2802 spirituali.-
1024 2775 1074 2797 Mox
1091 2780 1134 2803 pro
1150 2780 1186 2797 se-

339 2810 444 2834 cundum
461 2812 540 2839 plures
557 2812 626 2835 codd.
642 2810 743 2840 sedicet,
762 2811 778 2833 F
788 2811 805 2833 Ο
822 2811 911 2835 scilicet
925 2812 1062 2836 secundum.

402 2849 411 2862 ⁶
428 2850 485 2879 Cap.
496 2850 538 2873 24:
551 2851 626 2874 Excita
644 2857 706 2874 nunc
723 2853 767 2874 etc.
777 2862 808 2868 —
820 2851 879 2878 Vah,
894 2851 901 2873 l
918 2853 940 2873 et
952 2852 964 2874 3
982 2851 1097 2876 Excilare
1112 2858 1185 2876 nunc.

340 2889 435 2912 lnl'erius
452 2891 504 2918 post
518 2890 584 2919 poles
602 2889 671 2913 codd.
687 2892 710 2912 et
726 2890 739 2912 2
758 2890 866 2912 omittunt
882 2889 952 2919 quale
973 2891 995 2914 ec
1016 2892 1133 2920 quantum
1154 2890 1186 2914 sic

339 2927 400 2952 illud
416 2927 513 2957 bonum,
526 2931 549 2951 et
559 2935 572 2951 3
584 2928 690 2958 pluribus
706 2929 776 2952 codd.
787 2931 810 2952 et
821 2930 834 2952 2
848 2932 1028 2957 transponuntur
1044 2931 1100 2953 haec
1112 2929 1184 2953 verba

339 2970 392 2996 post
408 2974 481 2998 quam
497 2963 629 2991 delectabile
645 2968 676 2991 sit
687 2967 748 2991 illud
759 2967 853 2991 bonum.
867 2967 970 2991 subinde
981 2971 1034 2996 post
1044 2968 1092 2992 vita
1104 2971 1185 2993 creata

961 167 1171 203 BREVILOQUll
1194 166 1277 195 PARS.
1293 165 1345 194 Vll.
1368 165 1395 194 C.
1419 165 1470 194 Vll.

1244 243 1351 272 dicatio
1372 243 1503 272 veritatis
1525 244 1679 280 perducens
1700 245 1767 274 alios
1781 246 1815 274 ad
1836 246 1969 281 salutem;
1991 254 2089 276 secun-

1243 290 1310 318 ‹lum
1338 289 1592 326 concupiscibilem,
1620 290 1750 327 perlecta
1771 291 1923 320 declinatio
1954 294 2088 330 concupi-

1242 336 1421 364 scentiarum
1442 345 1491 373 per
1513 337 1696 374 integritatem
1722 341 1884 375 perpetuam
1908 339 2088 369 continentiae

1244 383 1402 420 virginalis;
1431 384 1584 413 secundum
1605 384 1786 419 irascibilem,
1812 385 1960 422 perpessio
1983 387 2089 415 mortis

1242 429 1277 458 ad
1298 430 1431 460 honorem
1460 431 1576 460 Christi:
1599 431 1663 460 hinc
1691 434 1745 466 est,
1767 432 1841 469 quod
1862 431 1906 461 his
1934 432 2024 461 tribus
2044 441 2090 469 ge-

1243 476 1357 505 neribus
1379 477 1531 512 iustorum,
1553 478 1656 507 scilicet
1673 470 1945 515 praedicatoribus,
1967 479 2090 517 01797711-

1244 523 1297 552 bus
1318 527 1345 553 et
1365 525 1563 563 martyribus,
1583 525 1700 554 debetur
1722 526 1768 555 illa
1788 526 1952 555 excellentia
1975 526 2089 563 praemii

1243 571 1447 609 accidentalis,
1475 572 1549 610 quod
1580 573 1704 601 aureola
1734 576 1933 610 nuncupatum
1955 573 2030 610 quod
2053 573 2089 605 ad

1242 618 1370 647 decorem
1391 619 1455 647 l'acit
1475 628 1528 648 non
1550 620 1639 649 solum
1661 620 1784 654 animae,
1807 628 1905 649 verum
1927 620 2009 649 etiam
2030 628 2091 649 cor-

1242 666 1333 703 poris,
1355 666 1420 703 quia
1434 675 1488 695 non
1510 667 1634 696 redditur
1649 668 1784 697 voluntati
1807 670 1930 702 tantum,
1952 667 1998 697 sed
2013 667 2090 705 operi

1242 713 1412 747 extrinseco,
1441 714 1620 744 substernens
1648 715 1699 743 sibi
1720 709 1851 744 meritum
1879 717 1907 744 et
1935 714 2090 752 praemium

1243 759 1377 794 caritatis,
1408 760 1482 797 quod
1503 761 1627 790 consistit
1657 761 1685 790 in
1706 761 1858 799 septiformi
1889 761 1966 796 dote,
1988 761 2089 798 triplici

1235 806 1349 843 *animae
1370 809 1397 836 et
1417 807 1590 845 quadruplici
1613 809 1751 845 corporis,
1774 808 1801 837 in
1822 808 1925 845 quibus
1951 808 2089 837 clauditur

1243 854 1456 889 consummatio,
1478 854 1619 892 integritas
1640 860 1667 885 et
1688 856 1830 893 plenitudo
1858 856 1983 885 omnium
2005 851 2089 885 bono-

1237 909 1307 938 ·rum
1330 901 1511 938 spectantium
1532 902 1566 931 ad
1587 903 1689 940 gloriae
1710 903 1951 940 complementum.

1323 947 1431 984 Qualia
1452 951 1544 979 autem
1575 952 1602 978 et
1622 953 1734 988 quanta
1755 949 1810 978 sint
1841 949 1902 984 illa,
1924 958 1980 979 non
2004 950 2089 979 verba
2099 958 2198 985 Conclusio
2207 958 2231 977 ae

1242 1003 1318 1029 mea,
1340 994 1387 1024 sed
1408 995 1479 1024 beati
1495 996 1611 1025 Anselmi
1634 999 1781 1033 ponantur.
1804 996 1845 1025 Ait
1869 996 1943 1025 enim
1963 996 1991 1025 in
2012 996 2088 1026 fine⁵
2114 982 2232 1025 ῗέῗῗιῗι.Β”““

1243 1042 1386 1079 Proslogii:
1406 1055 1416 1067 u
1431 1042 1527 1071 Excita
1541 1046 1567 1072 te
1581 1052 1664 1078 nunc,
1682 1044 1773 1072 anima
1787 1052 1857 1077 mea,
1872 1047 1899 1072 et
1910 1043 1985 1081 erige
1999 1046 2088 1073 totum

1242 1090 1411 1119 intellectum
1434 1093 1512 1119 tuum
1534 1094 1561 1120 et
1581 1091 1684 1128 cogita,
1713 1094 1850 1128 quantuni
1881 1093 1977 1128 potes,
2006 1091 2089 1129 quale
2102 1100 2129 1119 oe
2143 1100 2232 1128 ipsoco-

1242 1140 1269 1166 et
1289 1140 1433 1175 quantum
1454 1138 1489 1166 sit
1509 1138 1578 1166 illud
1599 1138 1713 1166 bonum.
1737 1138 1763 1166 Si
1789 1138 1862 1167 enim
1884 1138 1992 1175 singula
2019 1138 2090 1167 bona
2114 1129 2143 1166 31⁰⁵
2155 1124 2222 1167 ἶιῖᾛῗ
2224 1134 2233 1139 “

1241 1184 1411 1213 delectabilia
1425 1188 1505 1219 sunt,
1527 1185 1616 1222 cogita
1634 1185 1750 1219 intente,
1772 1193 1855 1222 quam
1877 1185 2037 1214 delectabile
2055 1185 2090 1214 sit
2134 1204 2136 1206 -

1242 1231 1310 1261 illud
1334 1232 1453 1266 boumn,
1484 1232 1559 1269 quod
1590 1233 1711 1261 continet
1738 1232 1938 1262 iucunditatem
1965 1233 2089 1262 omnium

1242 1280 1394 1314 bonorum,
1417 1288 1470 1308 non
1490 1280 1600 1317 qualem
1622 1280 1649 1308 in
1683 1280 1781 1309 creatis
1810 1280 1895 1309 rebus
1916 1288 2013 1309 sumus
2040 1288 2089 1309 ex-

1242 1327 1328 1364 perti,
1350 1327 1397 1356 sed
1419 1330 1493 1356 tanto
1521 1327 1712 1361 differentem,
1734 1330 1838 1364 quanto
1859 1327 1951 1356 differt
1977 1327 2090 1356 Creator

1241 1383 1257 1403 a
1278 1377 1413 1403 creatura.
1430 1375 1456 1403 Si
1478 1374 1550 1403 enim
1566 1375 1637 1403 bona
1658 1378 1699 1403 651
1720 1374 1776 1403 vita
1794 1378 1900 1409 creata,
1922 1383 2005 1412 quam
2019 1375 2091 1403 bona

1241 1425 1282 1451 est
1304 1421 1359 1450 vita
1379 1422 1522 1450 creatrix?
1544 1422 1570 1450 Si
1592 1422 1713 1450 iucunda
1734 1424 1775 1450 est
1796 1421 1871 1450 salus
1896 1421 1982 1456 facta,
2007 1429 2090 1458 quam

1241 1469 1362 1498 iucunda
1382 1472 1423 1498 est
1451 1469 1540 1503 salus,
1563 1477 1634 1506 quae
1665 1469 1729 1498 facit
1753 1477 1862 1498 omnem
1894 1469 2036 1498 salutem?
2064 1468 2091 1497 Si

1241 1515 1366 1544 amabilis
1386 1519 1427 1544 est
1455 1516 1587 1552 sapientia
1615 1516 1642 1544 in
1664 1516 1818 1553 cognitione
1846 1524 1943 1545 rerum
1970 1515 2091 1545 condita-

1243 1570 1321 1595 rum,
1343 1570 1425 1598 quam
1448 1562 1572 1591 amabilis
1593 1565 1635 1591 est
1656 1562 1804 1599 sapientia,
1828 1570 1898 1599 quae
1920 1562 2013 1591 omnia
2027 1570 2091 1591 con-

1242 1607 1310 1635 didit
1329 1615 1366 1636 ex
1388 1608 1497 1636 nihilo?
1518 1608 1657 1645 Denique,
1686 1608 1707 1637 si
1729 1609 1833 1639 multae
1854 1613 1881 1637 et
1909 1616 2024 1645 magnae
2045 1608 2091 1637 de-

1243 1654 1401 1683 lectationes
1421 1657 1487 1682 sunt
1518 1654 1544 1682 in
1576 1655 1660 1683 rebus
1691 1655 1914 1689 delectabilibus,
1947 1655 2036 1692 qualis
2064 1659 2092 1684 et

1243 1704 1348 1738 quanta
1367 1703 1409 1730 est
1429 1700 1572 1729 delectatio
1596 1701 1623 1729 in
1652 1701 1698 1729 illo
1725 1701 1773 1738 qui
1804 1701 1867 1731 fecit
1888 1702 1947 1739 ipsa
1973 1702 2091 1731 delecta-

1242 1748 1308 1777 bilia
1322 1760 1335 1774 »
1350 1751 1361 1776 ?

1327 1808 1339 1821 «
1354 1795 1406 1832 Qui
1426 1796 1477 1824 hoc
1492 1795 1564 1824 bono
1585 1795 1695 1823 fruetur
1706 1795 1727 1829 ⁶,
1742 1795 1809 1833 quid
1830 1796 1868 1824 illi
1893 1797 1961 1830 erit,
1982 1799 2010 1825 et
2024 1796 2091 1834 quid
2106 1806 2133 1826 ne
2149 1807 2184 1834 ime
2200 1807 2233 1826 bo-

1242 1843 1350 1872 illinon
1365 1843 1437 1872 erit?
1458 1842 1538 1871 Certe
1557 1841 1691 1879 quidquid
1713 1842 1785 1871 volet
1809 1843 1877 1877 erit,
1899 1846 1926 1872 et
1947 1843 2022 1881 quod
2042 1851 2091 1872 no-
2115 1836 2234 1879 ssssriliffiff‘

1242 1891 1279 1920 let
1300 1899 1354 1919 non
1379 1890 1440 1919 erit.
1463 1889 1501 1918 lbi
1523 1889 1625 1927 quippe
1646 1892 1728 1918 erunt
1750 1890 1821 1919 bona
1841 1890 1966 1927 corporis
1986 1893 2013 1919 et
2033 1890 2091 1919 ani-

1242 1946 1318 1973 mae,
1340 1937 1432 1975 qualia
1457 1946 1507 1966 nec
1532 1936 1633 1965 oculus
1660 1936 1749 1971 vidit,
1770 1945 1821 1966 nec
1848 1937 1935 1966 auris
1959 1937 2090 1972 audivit,

1241 1994 1292 2014 nec
1306 1994 1356 2014 cor
1370 1984 1497 2014 hominis
1511 1984 1655 2022 cogitavit.
1668 1984 1724 2013 Cur
1736 1992 1802 2021 ergo
1813 1992 1863 2021 per
1874 1984 1963 2013 multa
1974 1984 2090 2022 vagaris,

1243 2031 1406 2066 homuncio,
1428 2031 1587 2069 quaerendo
1608 2030 1680 2060 bona
1700 2030 1807 2059 animae
1832 2033 1895 2060 tuae
1917 2034 1944 2060 et
1968 2031 2091 2068 corporis

1243 2080 1306 2109 tui?
1327 2080 1394 2108 Ama
1421 2087 1508 2108 unum
1531 2079 1650 2113 bonum,
1680 2078 1707 2107 in
1728 2086 1783 2115 quo
1804 2081 1869 2107 sunt
1889 2078 1981 2107 omnia
2002 2079 2090 2111 bona.

1242 2130 1269 2156 et
1290 2127 1399 2156 sufficit.
1422 2127 1553 2156 Desidera
1573 2127 1691 2164 simplex
1713 2126 1832 2160 bonum,
1857 2125 1931 2162 quod
1952 2128 1994 2155 est
2011 2134 2092 2155 omne

1242 2175 1359 2210 bonum,
1381 2178 1408 2204 et
1423 2175 1488 2204 satis
1502 2178 1551 2204 est.
1568 2174 1639 2212 Quid
1654 2173 1727 2203 enim
1742 2181 1832 2208 amas,
1851 2181 1916 2202 caro
1936 2181 2010 2208 mea,
2025 2173 2090 2211 quid

1241 2222 1396 2257 desideras,
1411 2222 1503 2251 anima
1523 2221 1656 2252 1116311111
1675 2224 1717 2251 est
1738 2220 1872 2259 quidquid
1886 2220 1996 2255 amatis,
2011 2220 2091 2259 quid-

1241 2269 1309 2306 quid
1338 2269 1507 2298 desideratis.
1536 2269 1563 2298 Si
1591 2269 1708 2298 delectat
1738 2266 1912 2305 pulcritudo;
1939 2265 2092 2304 fulyeburzt

1241 2316 1314 2345 iusti
1336 2316 1412 2345 sicut
1435 2316 1478 2345 sol
1488 2316 1508 2344 ⁷.
1538 2316 1563 2345 Si
1585 2316 1729 2350 velocitas,
1751 2317 1800 2344 aut
1820 2313 1964 2348 fortitudO,
1989 2317 2037 2343 aut
2058 2314 2090 2343 li-

1244 2499 1259 2521 P
1277 2499 1365 2528 quanto
1392 2498 1477 2522 niclim'
1504 2498 1552 2522 vila
1578 2497 1711 2522 creati-im...
1736 2497 1824 2526 quanto
1848 2495 1974 2520 iucimdior
1998 2496 2088 2520 salus...

1244 2539 1332 2568 qimnto
1358 2537 1484 2561 amabilior
1508 2537 1640 2568 sapicnlia;
1657 2537 1709 2560 cod.
1726 2537 1742 2559 P
1759 2536 1861 2565 primum
1887 2536 1962 2558 locum
1987 2535 2087 2558 Anselmi

1245 2579 1333 2599 tantum
1350 2578 1427 2605 affert,
1444 2580 1533 2600 ceteros
1550 2577 1641 2600 omittit.
1658 2577 1701 2599 Pro
1718 2575 1777 2606 facit
1791 2581 1885 2600 omnem
1901 2575 1956 2598 edd.
1972 2581 2025 2598 cum
2043 2575 2088 2598 ori-

1244 2616 1313 2644 ginali
1330 2616 1384 2646 sccil
1401 2622 1504 2640 omnem.

1305 2654 1316 2667 ⁶
1332 2656 1434 2678 Anselm.
1443 2656 1487 2678 loc.
1496 2655 1533 2678 cit.
1542 2662 1563 2678 c.
1572 2655 1609 2678 25.
1617 2666 1649 2671 —
1658 2655 1711 2677 Post
1722 2659 1797 2683 pauca
1809 2654 1920 2682 allegatur
1931 2654 1946 2676 l.
1958 2653 2010 2677 Cor.
2022 2654 2048 2681 2,
2061 2654 2087 2676 9:

1244 2695 1311 2723 Quod
1323 2695 1404 2718 oculus
1415 2686 1463 2717 non
1475 2695 1557 2717 vidit...
1568 2700 1610 2717 nea=
1622 2694 1645 2716 in
1657 2699 1697 2716 cor
1706 2692 1806 2716 hominis
1814 2693 1917 2716 ascendit
1925 2692 1965 2722 (ita
1974 2692 2041 2715 etiam
2051 2692 2088 2722 Α).

1242 2746 1274 2751 -
1290 2734 1343 2756 Post
1359 2733 1420 2757 volet
1436 2734 1471 2757 ll<
1482 2734 1498 2756 L
1508 2733 1526 2756 Ο
1544 2733 1633 2757 addunt
1649 2731 1740 2756 habebit
1755 2733 1784 2756 et.
1801 2732 1896 2755 Interius
1912 2732 1932 2755 M
1943 2730 2020 2755 *finem
2037 2732 2088 2754 Bre-

1243 2773 1338 2802 viloquii
1355 2773 1420 2801 ponit
1436 2772 1472 2796 lbi
1487 2774 1522 2796 est
1537 2771 1652 2803 quidquid
1666 2777 1748 2800 amas,
1766 2770 1881 2802 quidquid
1897 2770 2024 2797 desideras,

1305 2810 1314 2823 ⁷
1332 2812 1409 2834 Matth.
1427 2812 1469 2839 13,
1487 2811 1525 2834 43.
1540 2823 1572 2828 -
1589 2810 1710 2833 Secundus
1735 2811 1799 2833 locus
1824 2813 1858 2833 est
1882 2810 1959 2833 Matth.
1983 2810 2027 2837 22,
2044 2810 2086 2833 30:

1243 2851 1313 2874 Erunt
1324 2851 1383 2874 sicut
1393 2850 1474 2879 Angeli
1486 2851 1535 2874 Dei.
1543 2847 1639 2873 ‘Tertius
1650 2850 1666 2872 1.
1678 2849 1730 2873 Cor.
1740 2849 1780 2877 l5‚
1790 2849 1818 2873 tt
1824 2858 1830 2877 ;
1840 2851 1936 2879 quartus
1946 2848 2001 2877 sap.
2010 2848 2035 2876 5,
2046 2850 2074 2871 16
2080 2858 2086 2877 ;

1242 2890 1337 2920 quintus
1353 2890 1390 2913 Ps.
1407 2890 1450 2917 36,
1468 2890 1509 2917 39,
1527 2892 1604 2912 sextus
1626 2889 1662 2912 Ps.
1679 2889 1721 2916 ⁴6,
1740 2889 1781 2911 45:
1805 2887 1922 2915 satiabor,
1939 2893 1993 2910 cum
2014 2894 2087 2917 appa-

1241 2930 1313 2953 ruerit
1327 2929 1401 2958 gloria
1419 2932 1466 2952 tua.
1483 2929 1599 2958 Septimus
1615 2929 1652 2951 Ps.
1669 2928 1711 2956 35,
1724 2928 1746 2952 9.
1756 2940 1788 2946 -
1799 2928 1842 2951 Pro
1854 2926 1975 2958 corporis,
1987 2926 2027 2951 cui
2037 2933 2087 2956 per-

1241 2969 1306 2992 multi
1324 2969 1392 2992 codd.
1410 2968 1517 2999 corporis
1534 2967 1582 2997 tui,
1601 2970 1633 2992 ut.
