2285 3398
56 753 137 774 Tertius,
151 760 180 771 :is-

51 777 122 795 secutio
138 778 180 796 bea-

52 799 144 819 titudinis.

51 894 149 913 Peccatum
157 900 185 913 ar-

59 917 92 936 hor
105 919 176 937 mortis.

48 1358 122 1382 Triplex
139 1365 178 1383 gra-

771 156 813 184 ΜΞ
837 156 935 184 1)οΝΙὸ
956 156 1099 185 Sl’llill‘us
1121 157 1146 185 S.
1169 157 1329 186 COLlATlO
1352 159 1368 186 l.

193 231 281 259 oinnis
303 232 385 260 homo
407 232 575 269 intelligitur,
600 234 680 262 l'lena
702 234 785 270 igitur
813 234 916 263 iustitia
937 237 977 263 est
998 234 1037 262 di-

194 278 277 314 ligere
293 279 379 307 Deum
401 288 485 316 super
499 280 603 314 omnia,
625 283 652 309 et
674 281 725 309 lioc
740 284 781 309 est
801 281 914 317 diligere
928 289 1036 310 omnem

71 330 110 349 ¹100
123 330 180 357 efficit
194 326 345 360 hominem,
361 335 427 363 ergo
448 330 475 355 et
489 327 670 356 domesticum
691 331 718 357 et
733 328 882 357 inimicum.
906 329 955 357 Sed
971 328 1037 366 qnid

93 356 158 377 gralia.

193 373 287 407 faciet,
309 374 382 410 quod
412 374 494 402 homo
524 375 631 403 levetur
652 378 748 403 contra
769 383 797 403 so
825 379 851 404 et
873 383 958 412 supra
986 378 1037 403 se?

192 421 271 449 certe
292 421 394 457 gratia;
414 421 487 455 dico,
508 422 688 458 praetactae
709 426 733 450 et
760 422 899 450 ‘ueritatis
923 422 1036 451 Dillicile

192 471 233 497 ost
254 469 351 503 alicui,
373 469 447 505 quod
468 469 562 505 diligat
583 469 741 502 inimicum,
764 469 814 497 nisi
841 477 889 506 per
910 469 1035 505 gratiam.

194 515 270 552 Lapis
291 524 344 544 non
377 518 466 552 potest
487 516 634 543 calefacere
666 524 714 551 per
736 524 779 549 se;
802 516 848 543 sed
870 516 891 543 si
919 518 1036 552 ponatur

193 564 272 591 iuxta
292 564 431 592 fornacem
462 563 623 596 ardentem,
646 565 734 599 potest
766 566 859 599 postea
878 563 1033 591 calefacere.

193 610 225 638 Ni
244 610 365 648 (liliqitis
386 610 437 648 qui
463 618 513 638 iios
540 609 682 646 adipum,
711 618 782 646 quae
810 610 941 645 gratia1‘l
971 609 1035 638 Dili-

192 666 255 692 μου·
277 657 396 685 amicum
419 660 525 685 tantum
548 664 602 684 non
623 659 664 684 est
686 657 774 685 virtus
795 657 906 693 gratiae.

276 706 316 732 lli.
339 704 448 732 Tertius
466 703 574 732 fructus
588 703 691 740 gratiae
706 707 747 732 ost
762 704 904 733 assecutio
919 704 1036 732 beatitu—

192 751 271 779 dinis
286 754 426 779 aeternae.
439 750 514 778 Unde
529 750 673 786 Apostolus
687 751 721 779 ad
736 752 871 779 Romanos
883 751 908 779 2:
925 751 1035 788 Stipen—

193 799 244 825 dia
262 798 375 834 peccati
394 805 491 830 niors;
509 797 611 834 qratia
634 802 732 826 autem
756 799 807 827 Dei
828 798 887 827 uita
908 802 1034 827 aeterna.

194 845 278 873 llalies
293 844 486 881 plantationem
503 844 575 873 vitae
589 848 616 873 et
631 846 736 874 mortis.
752 845 844 874 Gratia
859 846 905 875 Dei
921 849 962 875 est
978 845 1036 874 vita

192 896 318 920 aeterna.
342 891 412 928 Quid
433 894 525 920 autem
547 889 765 929 est'peceatum?
786 893 865 922 Certe
880 893 948 922 niliil
962 893 1036 922 aliud

192 939 242 967 nisi
264 939 348 967 arbor
369 939 474 967 mortis.
496 938 542 968 Hic
563 942 605 968 est
625 940 709 969 arbor
730 940 849 975 mortis,
876 944 903 969 et
924 941 968 970 hic
995 944 1036 970 est

191 986 274 1015 arbor
294 986 386 1020 soitae;
408 994 477 1023 pone
499 989 525 1015 te
546 986 573 1015 in
603 987 699 1022 horto,
722 987 769 1016 uhi
791 989 831 1016 est
853 987 966 1024 lionam
996 988 1035 1016 oi-

191 1033 266 1062 laes.
289 1034 395 1062 Stultus
416 1036 487 1063 esset
500 1034 548 1071 qui
568 1034 705 1071 plantaret
724 1034 853 1063 arborem
878 1034 990 1069 mortis;
1013 1035 1034 1063 si

191 1081 317 1117 plantasti
338 1081 481 1115 arborem,
504 1081 530 1109 in
553 1089 608 1118 qua
629 1082 743 1110 deberes
769 1080 911 1117 suspendi,
933 1082 1035 1109 stultus

190 1137 270 1158 esses.
294 1129 353 1158 Mali
376 1129 459 1166 igitur
480 1129 554 1157 illam
575 1129 703 1158 arborem
724 1127 827 1166 peccati
849 1127 981 1164 plantant.
997 1144 1035 1148 —-

191 1177 235 1206 Est
255 1177 340 1214 igitur
361 1177 463 1214 triplex
485 1177 593 1206 fructus
608 1177 727 1214 gratiae:
749 1175 857 1213 primus
871 1177 913 1204 est
933 1175 1034 1203 remis-

189 1224 232 1252 ,τέο
254 1224 371 1262 eulpae,
394 1224 531 1254 secundus
552 1226 594 1253 est
611 1223 760 1261 plenitudo
774 1221 916 1256 iustitiae,
938 1224 965 1250 et
981 1224 1034 1249 ter-

191 1270 252 1301 tius‘
266 1275 307 1301 est
328 1272 471 1301 assecutio
492 1271 679 1301 beatitudinis
696 1274 836 1299 aeternae.

274 1321 316 1348 17.
340 1320 371 1348 Et
399 1319 551 1349 secundum
580 1319 632 1348 hoc
653 1321 695 1348 est
714 1318 816 1355 triplex
837 1317 941 1354 gratia,
963 1317 1035 1346 scili-

191 1369 234 1396 cet
251 1367 351 1405 'gratia
383 1376 512 1401 curans,
544 1367 632 1405 gratia
662 1365 857 1395 corroborans¹
888 1367 916 1393 et
946 1365 1035 1402 gratia

48 1413 430 1462 gugggffigffl}consummans&
453 1431 489 1435 —
511 1415 604 1443 Gratia
631 1421 742 1442 curans
769 1412 860 1441 datar
882 1413 909 1441 in
930 1416 1035 1450 septem

189 1462 372 1491 sacramentis
393 1464 489 1490 contra
509 1460 713 1498 septemplicem
738 1459 884 1494 morbum;
906 1460 934 1488 in
955 1459 1035 1488 iustis

189 1509 353 1537 custoditur
373 1516 423 1545 per
444 1510 549 1544 septem
569 1506 703 1536 exercitia
724 1506 856 1541 iustitiae,
878 1506 912 1536 de
932 1507 1035 1544 quibus

188 1556 280 1593 agitur
310 1556 338 1584 in
369 1558 473 1592 septem
502 1554 614 1584 Psalmis
641 1554 891 1592 poenitentialibus.
922 1555 953 1583 Et
980 1563 1034 1583 non

188 1603 246 1632 sine
268 1603 373 1631 ratione
393 1602 525 1631 dicuntur
546 1602 585 1631 illi
606 1604 711 1640 septem
732 1602 831 1632 Psalmi
856 1602 1035 1640 poenitentia-

188 1650 240 1684 les,
255 1652 282 1678 et
296 1657 350 1678 non
365 1649 423 1683 alii,
442 1657 492 1678 nec
506 1649 608 1678 mutari
623 1652 739 1687 possunt
753 1657 803 1678 nee
824 1649 1001 1686 multiplicari
1013 1648 1033 1676 ⁵.

188 1696 269 1731 ltem,
291 1696 447 1734 perficitur
473 1697 562 1735 gratia
589 1705 691 1726 curans
712 1697 740 1725 in
767 1699 872 1734 septem
903 1696 1034 1733 operibus

1883 162 1936 190 461

1096 235 1307 265 misericordiae.
1334 254 1370 258 —
1396 238 1488 266 Gratia
1511 248 1575 267 vero
1597 240 1791 268 corroborans·
1816 240 1939 268 consistit
1969 248 2080 282 normantia

1095 282 1122 310 in
1143 282 1260 312 duobus.
1283 286 1335 313 Aut
1362 285 1433 314 enim
1457 294 1485 314 se
1515 287 1596 315 habet
1622 296 1669 323 per
1699 288 1810 316 modum
1833 274 2081 324 i-ei·ttfi-f=¹3'r'f²1f“⁵⁰¹'²⁰'

1095 330 1205 363 cantis,
1227 334 1254 359 et
1275 331 1313 360 sic
1334 332 1458 360 consistit
1480 333 1505 361 in
1528 337 1631 370 septem
1647 334 1822 367 virtutihus,·
1843 338 1891 362 aut
1910 342 1938 362 se

1095 376 1177 405 habet
1199 385 1246 413 per
1278 379 1390 407 modum
1422 380 1611 416 eoepcttientis,
1643 381 1730 410 etsie
1761 381 1884 409 consistit
1912 381 1938 409 in

1094 427 1197 460 septem
1219 425 1303 453 (lona-
1325 425 1454 462 Spiritas
1475 428 1599 456 sanctifi.
1617 445 1652 448 —
1668 428 1760 456 Gratia
1785 436 1851 456 vero
1872 436 1937 456 con-
1954 435 2006 455 nom.
2020 441 2064 462 «ος.-

1093 479 1247 499 samnians*
1278 472 1402 501 consistit
1433 473 1458 501 in
1491 474 1600 503 duobus
1631 475 1807 512 septenariis,
1835 461 2067 503 scinoetsummsnm.

1093 518 1181 554 gratia
1208 526 1402 548 consummans
1427 520 1453 548 in
1488 521 1535 549 oia
1564 521 1589 549 in
1622 525 1725 558 septem
1755 522 1938 550 beatitudini-

1093 563 1162 597 bus,
1185 572 1255 600 quae
1284 568 1436 602 tanguntur
1464 566 1490 594 in
1520 567 1678 604 Evangelio,
1704 576 1767 597 cum
1795 568 1937 597 dicitur⁷t

1094 611 1177 639 Beati
1205 620 1369 648 pauperes,
1405 612 1544 650 quoniam
1577 614 1710 650 ipsorum
1742 620 1781 643 cst
1815 623 1939 652 regnum

1093 658 1240 686 caelorum
1265 661 1335 693 etc.;
1365 659 1411 688 sed
1443 660 1531 696 gratia
1558 668 1753 690 consummans
1771 662 1890 698 patriae
1910 661 1938 690 in

1093 708 1196 741 septem
1211 706 1341 740 dotibus,
1363 706 1466 735 seilicet
1487 707 1513 735 in
1532 707 1621 736 tribus
1642 707 1752 736 dotibus
1773 708 1859 745 ipsius
1874 708 1938 737 ani-

1093 760 1173 786 mae,
1195 760 1266 789 quae
1294 756 1359 781 sunt
1379 753 1469 788 visio,
1493 752 1599 790 fruitio
1620 756 1647 782 et
1675 754 1767 783 tentio.
1791 755 1880 783 Prima
1895 763 1938 784 re-

1093 800 1208 836 spondet
1238 800 1320 834 fidei3
1350 800 1486 835 secunda,
1518 801 1593 838 spei;
1625 804 1652 830 et
1680 801 1760 830 tertia
1791 802 1938 839 respondet

1093 847 1208 875 caritati.
1231 847 1360 876 Consistit
1381 847 1461 876 etiam
1487 848 1514 876 in
1546 850 1666 885 quatuor
1696 848 1806 877 dotibus
1837 857 1937 886 corpo—

1093 894 1153 928 ris,
1180 902 1251 933 quae
1278 894 1305 922 in
1327 903 1429 932 corpus
1450 895 1606 924 redundant
1633 903 1669 924 ex
1690 895 1859 924 beatitudine
1879 896 1937 924 ani-

1093 949 1153 970 mae
1174 944 1201 970 et
1222 945 1287 971 sunt
1301 941 1440 977 claritas,
1461 942 1624 977 subtilitas,
1646 942 1765 980 apilitas
1779 945 1806 972 et
1827 943 1937 980 impas-

1092 988 1233 1022 sibz'litas;
1262 997 1333 1026 quae
1361 989 1528 1026 respondent
1555 993 1675 1027 quatuor
1700 989 1851 1019 virtutibus
1876 998 1936 1019 car-

1092 1035 1237 1064 dinalibus.

1174 1083 1216 1111 18.
1240 1083 1271 1111 Et
1302 1083 1341 1111 sic
1371 1086 1436 1111 sunt
1464 1086 1567 1120 septem
1600 1084 1756 1120 septenarii.
1778 1084 1874 1113 Dicere
1901 1084 1935 1113 de
1948 1093 2054 1116 Septenarii

1092 1133 1197 1167 septem
1219 1129 1417 1163 Sacramentis,
1438 1130 1472 1158 de
1493 1132 1598 1166 septem
1614 1130 1755 1159 exercitiis
1775 1131 1895 1159 iustitiae
1910 1134 1937 1160 et
1962 1118 2041 1140 sepoem'

1091 1177 1125 1206 de
1146 1179 1251 1213 septem
1281 1176 1413 1213 operibus
1440 1176 1644 1206 miser1cordiae
1674 1180 1746 1206 esset
1766 1178 1848 1207 nimis
1878 1178 1937 1207 lon-

1092 1232 1175 1261 gum3
1197 1223 1288 1252 dicere
1310 1223 1391 1252 etiam
1412 1223 1446 1252 de
1474 1226 1578 1260 septem
1606 1224 1823 1253 beatitudinibus
1850 1228 1877 1254 et
1904 1225 1937 1254 de

1092 1273 1196 1308 septem
1217 1270 1328 1299 dotibus
1347 1270 1382 1299 ad
1402 1278 1533 1307 praesens
1553 1273 1626 1299 esset
1646 1271 1727 1300 nimis
1754 1271 1882 1301 arduum.
1906 1273 1938 1301 Et

1092 1318 1152 1347 ideo
1173 1318 1200 1346 in
1222 1317 1311 1347 medio
1339 1318 1521 1355 proponimus
1541 1326 1591 1347 nos
1618 1321 1712 1347 tenere
1734 1321 1761 1347 et
1788 1319 1879 1348 dicere
1903 1319 1937 1349 de
1975 1328 2079 1351 Argumen-

1092 1368 1196 1403 septem
1210 1365 1289 1394 donis
1310 1365 1429 1402 Spiritus
1450 1366 1552 1400 sancti,
1574 1374 1645 1403 quae
1672 1368 1737 1395 sunt
1764 1366 1867 1395 donum
1887 1375 1935 1396 sa-
1948 1351 2077 1394 ἷὲἲῖἓιῑῗὲἓίἓῗ

1088 1413 1215 1451 pientiae
1236 1415 1262 1441 et
1284 1412 1455 1447 intellectae,
1477 1413 1581 1442 donum
1602 1413 1718 1442 consilii
1741 1417 1767 1443 et
1787 1412 1937 1452 fortitudi-

1090 1461 1155 1495 nis,
1176 1460 1280 1489 donum
1301 1460 1437 1489 scientiae
1458 1463 1485 1490 et
1502 1461 1620 1498 pietatis·
1641 1464 1668 1490 et
1689 1461 1793 1491 donum
1823 1462 1937 1491 timoris

1092 1508 1218 1537 Domini.
1242 1508 1273 1536 Et
1293 1508 1476 1545 procedemus
1490 1516 1544 1537 non
1566 1516 1598 1537 eo
1619 1508 1716 1543 modo,
1738 1517 1794 1546 quo
1813 1509 1937 1546 procedit

1092 1556 1173 1584 isaias
1184 1555 1204 1590 Β,
1227 1555 1274 1584 sed
1305 1555 1468 1592 incipiemus
1489 1555 1523 1584 ab
1554 1556 1653 1584 ultimo
1683 1556 1769 1590 dono,
1791 1556 1894 1585 scilicet
1920 1564 1937 1585 a

1091 1603 1162 1631 dono
1184 1602 1298 1630 timoris
1315 1601 1448 1635 Domini;
1463 1605 1490 1630 et
1505 1602 1664 1639 rogabimus
1684 1603 1846 1637 Dominum,
1861 1603 1937 1640 quod

1091 1649 1136 1678 det
1157 1649 1235 1677 nobis
1256 1649 1327 1677 dona
1357 1648 1476 1685 Spiritus
1497 1649 1599 1684 sancti,
1631 1649 1679 1686 qui
1707 1657 1771 1678 cum
1803 1650 1881 1679 Patre
1909 1653 1936 1679 et

1091 1696 1195 1733 Spiritu
1216 1698 1311 1724 sancto
1332 1695 1398 1729 vivit
1419 1698 1446 1724 et
1467 1699 1564 1733 regnat
1584 1698 1634 1725 etc.

190 2107 242 2130 dico
259 2105 338 2129 vobis:
356 2106 446 2134 Diligite
469 2106 575 2128 inimicos
592 2108 681 2128 vestros
698 2108 741 2128 etc.
758 2105 814 2128 lbid.
832 2106 874 2133 22,
892 2106 933 2128 39:
950 2105 1035 2133 Diliges

191 2145 321 2174 proximum
338 2147 404 2167 tuum
427 2145 485 2167 sicut
503 2148 523 2167 te
544 2144 628 2172 ipsum.
640 2156 671 2160 —
683 2144 790 2172 August„
808 2145 823 2167 l.
840 2144 869 2167 de
886 2145 962 2166 Doctr.
979 2144 1035 2166 cliri-

189 2186 273 2213 stiana,
286 2191 306 2208 C.
317 2185 356 2207 30.
367 2191 390 2207 n.
402 2185 442 2207 32:
456 2184 598 2206 Manifestum
610 2186 651 2211 est,
664 2190 756 2206 omnem
767 2184 884 2207 hominem
893 2183 1035 2214 proximum

190 2231 240 2248 esse
257 2224 426 2253 deputandum.
448 2223 493 2246 Csr.
510 2224 543 2246 lll.
560 2223 621 2246 Sent.
638 2223 670 2246 lit.
686 2224 799 2252 Magistri,
817 2224 840 2247 d.
857 2224 956 2248 XXVlll.
973 2230 993 2246 c.
1010 2224 1032 2247 3.

253 2263 260 2276 ¹
279 2264 355 2286 lllattli.
367 2264 393 2290 5,
406 2263 446 2285 46:
459 2263 481 2285 Si
494 2262 555 2285 enim
568 2262 660 2291 diligitis
672 2269 712 2286 eos
723 2263 762 2293 qui
779 2270 822 2286 vos
838 2264 947 2292 diligunt,
964 2269 1033 2293 quam

191 2304 322 2327 mercedem
340 2301 468 2325 habebitis?
485 2308 562 2324 nonne
579 2304 601 2325 et
617 2302 733 2331 publicani
751 2304 794 2326 hoc
813 2304 912 2326 faciunt?

252 2341 262 2355 ⁹
280 2342 336 2371 Cap.
353 2342 380 2370 6,
398 2342 434 2364 23.

253 2380 262 2393 ¹³
279 2381 408 2410 Respicitur
433 2381 489 2403 Gen.
507 2382 533 2408 2,
556 2376 582 2403 9}
608 2382 763 2411 Produxitque
787 2382 921 2405 Dominus...
946 2381 1033 2409 lignum

191 2421 259 2443 ctiam
277 2420 337 2443 vitae
354 2420 376 2442 in
394 2420 471 2442 medio
483 2421 596 2448 paradisi,
608 2421 744 2450 lignumque
754 2422 862 2444 'scientiae
874 2421 928 2444 boni
940 2424 962 2443 et
973 2420 1034 2443 mali.

252 2458 262 2472 ⁴
279 2459 325 2482 Csr.
342 2460 378 2482 lV.
397 2459 458 2482 Sent.
475 2459 498 2482 d.
517 2460 537 2482 l.
554 2466 577 2488 p.
594 2461 609 2483 l.
626 2467 649 2489 q.
666 2461 729 2483 6.—
746 2460 802 2484 lbid.
818 2461 841 2483 d.
858 2462 879 2483 2.
897 2467 917 2483 a.
935 2461 955 2483 l.
973 2466 995 2489 q.
1013 2460 1034 2482 3.

190 2499 312 2523 deducitur
328 2505 441 2522 numerus
458 2500 658 2523 sacramentorum
676 2506 703 2523 ex
719 2500 846 2529 septiformi
859 2499 940 2522 morbo
952 2499 1035 2529 culpae

192 2539 330 2567 (originalis,
348 2539 463 2566 mortalis,
481 2538 585 2567 venialis)
608 2541 630 2561 et
647 2544 737 2568 poenae
761 2540 923 2569 (ignorantiae,
941 2539 1035 2561 infirmi-

192 2579 253 2606 latis,
271 2579 382 2605 malitiae,
399 2578 619 2607 concupiscentiae),
636 2578 666 2601 de
683 2585 730 2608 quo
747 2579 801 2601 vide
817 2579 885 2601 etiam
897 2584 967 2606 supra
984 2579 1035 2600 Bre-

192 2617 261 2646 viloq.
279 2623 302 2645 p.
319 2618 357 2640 Vl.
374 2623 394 2640 e.
412 2618 433 2640 3.

253 2654 263 2667 ⁶
280 2656 369 2678 Alcuin.
385 2660 407 2678 et
424 2657 540 2679 innocent.
561 2657 594 2679 111.
619 2657 642 2679 in
667 2656 815 2687 Praefatione
839 2657 986 2685 expositionis
1011 2658 1034 2679 in

192 2696 229 2718 Vll
246 2696 282 2717 Ps.
299 2695 485 2723 poenitentiales,
510 2702 633 2724 numerum
656 2697 738 2719 horum
762 2696 904 2719 Psalmorum
929 2697 1035 2720 derivant

192 2742 218 2757 ex
231 2734 374 2764 perfectione
390 2735 520 2763 septenarii.
537 2735 624 2758 Alcuin.
645 2735 687 2758 ait:
709 2735 856 2758 Notissimum
878 2735 966 2764 quippe
988 2739 1033 2765 est,

192 2775 214 2796 in
231 2775 309 2796 sancta
326 2773 443 2802 Scriptura
466 2780 575 2802 magnam
598 2774 683 2797 habere
699 2774 861 2803 perfectionem
878 2776 1033 2803 septenarium

192 2814 215 2836 ‘m
232 2813 398 2841 significatione
415 2813 503 2842 ubique
519 2820 667 2837 numerum...
684 2813 791 2843 quocirca
803 2817 897 2843 propter
909 2816 1034 2843 perfectam

192 2852 352 2875 remissionem
369 2855 530 2881 peecatorum,
552 2859 623 2882 quam
648 2853 672 2875 in
697 2852 812 2882 baptismo
837 2855 982 2883 accepimus,
998 2855 1035 2877 vel

192 2892 260 2915 etiam
277 2891 384 2919 lacrymis
401 2892 551 2915 confessionis
568 2895 591 2915 et
606 2893 771 2923 poenitentiae,
787 2894 869 2917 Psalmi
887 2895 1035 2923 poenitentia-

192 2932 224 2953 les
240 2930 370 2959 septenario
391 2936 488 2952 numero
509 2934 680 2954 consecrantur.
701 2932 816 2955 lnnocent.
832 2933 865 2955 lll.
881 2933 947 2956 dicit:
967 2942 979 2953 α
991 2933 1036 2956 Ve—

191 2975 255 2997 rum,
267 2968 307 2991 etsi
320 2969 398 2996 plures
418 2968 463 2990 sint
484 2968 567 2991 Psalmi
588 2969 771 2999 poenitentiales,
788 2971 876 3001 ratione
893 2973 968 2994 tamen
986 2977 1036 2999 my—

1091 2105 1153 2127 sterii
1170 2107 1259 2132 septem
1275 2104 1422 2127 solummodo
1439 2107 1493 2127 sunt
1509 2105 1598 2133 excepti
1614 2105 1644 2128 de
1661 2105 1777 2135 pluribus,
1795 2107 1834 2136 qui
1852 2113 1936 2135 appro-

1091 2145 1165 2173 priato
1193 2143 1306 2166 vocabulo
1330 2143 1507 2173 poenitentiales
1534 2144 1667 2168 dicuntur...
1697 2146 1846 2174 Septenarius
1875 2147 1936 2169 enim

1091 2189 1201 2206 numerus
1218 2186 1252 2206 est
1268 2186 1370 2206 sacratus
1387 2186 1481 2212 propter
1498 2187 1587 2212 septem
1604 2185 1664 2208 dona
1677 2186 1775 2214 Spiritus
1787 2186 1857 2209 sancti
1867 2195 1878 2206 ν)
1893 2189 1937 2209 etc.

1091 2224 1182 2245 Praeter
1198 2223 1257 2245 hanc
1274 2223 1405 2251 generalem
1423 2223 1536 2246 rationem
1554 2224 1618 2247 addit
1633 2225 1769 2253 specialem:
1786 2225 1839 2248 Ideo
1857 2226 1937 2254 poeni-

1091 2262 1192 2285 tentiales
1204 2262 1286 2284 Psalmi
1298 2262 1428 2290 septenario
1437 2266 1491 2286 sunt
1502 2270 1600 2286 numero
1613 2265 1782 2292 comprehensi,
1795 2268 1819 2287 ut
1830 2268 1923 2293 peccata
1931 2284 1936 2294 ,

1090 2308 1150 2331 quae
1166 2300 1211 2324 sub
1227 2302 1271 2324 hoc
1288 2308 1385 2325 numero
1402 2303 1585 2331 praevaricando
1602 2304 1780 2331 committimus,
1798 2304 1841 2327 sub
1853 2304 1936 2327 eodem

1090 2347 1187 2364 numero
1204 2341 1344 2369 poenitendo
1362 2342 1488 2366 deleamus.
1505 2344 1598 2372 Septem
1616 2344 1677 2367 euim
1690 2347 1743 2367 sunt
1754 2344 1808 2367 vitia
1820 2345 1937 2372 principa-

1090 2381 1131 2408 lia,
1148 2386 1174 2403 ex
1189 2380 1277 2409 quibus
1294 2382 1401 2405 universa
1418 2385 1512 2411 peccata
1529 2386 1678 2406 nascuntur...
1696 2386 1720 2406 ut
1737 2386 1769 2413 et,
1786 2384 1936 2412 quemadmo-

1091 2421 1147 2443 dum
1165 2422 1269 2444 maeulae
1285 2422 1408 2445 criminum
1426 2423 1448 2445 in
1466 2424 1509 2446 lioc
1526 2424 1616 2446 saeculo
1634 2426 1722 2452 septem
1743 2424 1833 2446 dierum
1850 2422 1935 2445 hebdo-

1091 2461 1159 2483 mada
1176 2463 1349 2492 contrahuntur,
1366 2463 1395 2485 ita
1413 2464 1496 2485 horum
1521 2466 1609 2491 septem
1632 2463 1773 2486 Psalmorum
1796 2462 1935 2491 poenitentia

1091 2500 1209 2523 diluuntur
1232 2503 1274 2524 etc.
1296 2501 1342 2525 Csr.
1364 2502 1432 2524 etiam
1455 2502 1563 2531 Gregor.⁷
1586 2503 1685 2530 Exposit.
1702 2502 1725 2524 in
1742 2503 1779 2524 Vll
1797 2502 1831 2524 Ps.
1849 2502 1935 2530 poenit.

1091 2539 1154 2562 idem
1172 2539 1211 2562 lib.
1227 2540 1288 2563 XlX.
1305 2541 1381 2563 Moral.
1394 2547 1414 2563 c.
1426 2542 1464 2563 23.
1481 2547 1504 2563 n.
1522 2542 1559 2563 38.
1575 2541 1655 2568 docet,
1672 2547 1742 2569 opera
1760 2540 1861 2563 iustitiae
1872 2546 1935 2568 prae—

1091 2579 1149 2601 mitti
1168 2579 1253 2602 debere
1270 2580 1381 2608 operibus
1397 2579 1587 2603 misericordiae:
1601 2580 1636 2602 llle
1648 2580 1735 2608 quippe
1747 2579 1806 2602 bene
1817 2580 1865 2608 agit
1875 2586 1936 2609 quae

1091 2618 1128 2646 pia
1146 2621 1209 2647 sunt,
1226 2619 1266 2648 qui
1283 2619 1325 2641 scit
1342 2619 1406 2648 prius
1423 2625 1516 2642 servare
1533 2625 1593 2647 quae
1611 2619 1680 2647 iusta,
1698 2622 1723 2641 ut
1740 2619 1832 2641 collatus
1845 2619 1866 2641 in
1884 2625 1935 2646 pro-

1090 2658 1165 2681 ximos
1181 2659 1245 2682 rivus
1262 2659 1434 2682 misericordiae
1451 2659 1480 2681 de
1497 2659 1593 2681 iustitiae
1612 2660 1672 2681 fonte
1683 2659 1789 2681 ducatur.
1801 2659 1857 2681 Nam
1870 2659 1934 2681 inulti

1091 2697 1201 2725 proximis
1216 2698 1283 2726 quasi
1303 2704 1374 2726 opera
1397 2698 1568 2721 misericordiae
1590 2698 1739 2727 impendunt,
1756 2698 1797 2720 sed
1815 2698 1935 2720 iniustitiae

1092 2739 1148 2760 facta
1166 2744 1213 2760 non
1231 2738 1363 2761 deserunt...
1380 2739 1445 2761 Unde
1461 2738 1572 2766 scriptum
1590 2740 1624 2760 est
1641 2737 1717 2767 [Eccli.
1734 2738 1775 2766 30,
1794 2737 1853 2766 241:
1869 2737 1935 2761 Mise—

1091 2783 1143 2799 rere
1163 2776 1257 2800 animae
1273 2778 1339 2805 tuae,
1356 2777 1454 2807 placens
1471 2777 1525 2800 Deo.
1541 2789 1573 2793 —
1590 2777 1621 2799 De
1638 2776 1748 2805 operIbus
1765 2776 1935 2799 misericordiae

1091 2815 1146 2838 vide
1162 2815 1239 2837 Matth.
1255 2815 1298 2844 25,
1315 2816 1353 2839 35.
1371 2819 1392 2838 et
1409 2817 1447 2838 36.

1153 2852 1164 2866 θ
1180 2853 1226 2877 Cfr.
1242 2860 1312 2882 supra
1329 2855 1444 2884 Breviloq.
1460 2861 1484 2883 p.
1501 2855 1528 2877 V.
1545 2861 1566 2877 c.
1584 2854 1604 2877 A.
1622 2857 1644 2877 et
1660 2855 1682 2878 5.

1153 2892 1163 2906 '¹
1180 2894 1256 2917 Matth.
1273 2894 1300 2923 5,
1318 2895 1340 2917 3.
1364 2901 1429 2924 seqq.
1454 2894 1500 2918 Cfr.
1525 2901 1595 2923 supra
1620 2895 1733 2923 Breviloq.
1750 2900 1773 2922 p.
1792 2893 1819 2916 V.
1837 2899 1857 2916 c.
1873 2894 1936 2919 6.,et

1091 2940 1115 2962 p.
1132 2933 1178 2956 Vll.
1195 2938 1216 2955 c.
1231 2933 1254 2956 7.

1154 2969 1163 2983 ⁸
1179 2970 1236 2999 Cap.
1253 2972 1290 2999 ll,
1307 2973 1329 2994 2.
1346 2974 1368 2994 et
1383 2972 1407 2995 3.
