2285 3398
44 723 87 741 Tria
102 728 165 743 neces-

78 752 131 765 fflss'lss.

56 1000 124 1027 Primo,
136 1001 162 1027 ¹ile

63 1026 158 1047 patientia.

75 1980 128 1998 Ratio
142 1980 159 1998 ί,

972 220 1080 251 SERMO
1102 221 1130 249 ll.

183 299 267 335 igitur
282 299 385 328 dicere:
403 300 499 334 Nemo,
514 300 627 328 mittens
641 308 764 328 manum
784 308 871 328 suam
892 300 932 328 ad
949 308 1020 328 ara-

183 349 262 373 trum
277 349 302 374 ot
316 347 471 383 respiciens
491 349 585 378 retro,
601 350 688 383 aptus
703 350 742 375 est
756 355 844 383 roomo
862 346 922 381 Dei,
937 353 1019 383 quam

182 392 288 420 dicere:
310 401 406 427 nemo,
429 393 455 421 in
477 392 652 429 producendo
677 389 748 422 bono
768 402 850 430 opere
871 400 1021 430 cooperans

182 438 285 475 gratiae
315 441 342 467 et
376 438 566 473 retrocedens,
595 447 657 467 cum
691 439 801 468 minime
833 437 1020 476 perseveret¹‚

182 488 262 522 aptus
283 488 324 514 est
345 493 429 522 regno
449 485 512 519 Dei;
528 485 604 522 qiua,
620 486 691 514 sicut
708 486 773 514 dicit
791 485 952 522 Gregorius,
968 485 1020 513 «in

182 539 289 560 cassum
311 532 413 560 bonum
434 532 534 568 agitur,
555 532 577 559 si
598 535 660 560 antu
684 533 831 562 terminum
853 532 923 560 vitae
943 531 1020 560 dese-

182 581 302 611 ratur»;
324 578 388 615 quia
408 580 435 606 et
456 577 558 606 frustra
583 578 710 607 velociter
731 578 835 612 currit,
857 578 903 614 qui
926 577 1019 614 prius,

181 633 264 662 quam
285 625 318 653 ad
339 628 425 653 metas
446 625 548 659 veniat,
569 625 667 653 delicit.

260 672 305 699 ⁹29.
328 671 377 699 Sed
399 671 564 705 notandum,
587 672 659 707 quod
681 672 732 699 tria
754 674 834 705 sunt,
855 678 925 707 quae
941 671 1018 699 istam

181 718 296 755 gratiam
318 718 468 754 integrant3
492 726 561 753 quae
582 718 694 746 suntad
709 717 886 746 obtinendum
903 724 1018 753 regnum

180 764 347 797 necessaria,
370 763 472 792 scilicet
492 764 595 792 stabilis
612 764 771 800 patientia,
793 763 918 792 sublimis
932 763 1019 799 eonfi-

180 811 276 839 (lenita
298 814 324 838 et
346 809 507 845 longaminis
527 811 750 846 perseuerantia.
768 810 798 838 Et
819 810 909 838 oritur
930 818 1018 838 unum

180 864 215 885 ex
236 856 338 889 altero,
359 855 430 883 sicut
450 855 550 883 dicitur
572 856 604 884 ad
620 857 754 884 Romanos
768 856 906 892 quinto²x
922 856 1017 884 Scien-

179 906 233 935 tes',
256 901 332 939 qaod
352 900 500 929 tribulatio
513 903 685 937 patientiam
699 905 860 938 operatur,-
876 902 1017 938 patientia

179 950 273 976 atatem
293 946 512 984 probacionenm
533 948 665 983 probatio
679 956 745 976 uero
766 956 865 985 spem,·
885 956 948 985 spes
963 956 1017 975 au—

180 997 233 1022 tent
258 1002 315 1021 iton
336 992 486 1030 confundit
508 997 556 1021 etr.
581 1011 615 1013 —
639 994 683 1021 Est
709 1001 775 1029 ergo
803 994 956 1022 necessaria
983 994 1016 1022 ad

180 1040 335 1068 habendum
357 1047 470 1076 regumn
492 1039 603 1067 stabilis
621 1039 771 1076 patientia.
788 1040 925 1076 Scriptum
940 1048 1016 1067 narn-

179 1094 232 1123 que
253 1089 293 1115 est
315 1087 429 1115 Actuum
452 1086 556 1114 decimo
578 1086 714 1123 quarto&
732 1085 788 1113 Per
802 1086 910 1113 ‘multas
925 1086 1017 1113 tribu-

179 1133 297 1162 lationes
319 1136 425 1170 oportet
451 1141 503 1161 nos
532 1133 645 1162 intrare
666 1133 696 1161 in
716 1140 839 1168 requam
860 1132 1014 1164 caelorum.

179 1180 231 1208 Hoc
251 1179 322 1208 dixit
343 1179 456 1213 Paulus,
478 1187 527 1208 nec
550 1180 615 1208 illud
634 1182 741 1216 oportet
755 1181 832 1206 sonat
846 1178 873 1205 in
889 1179 1017 1214 congrui—

178 1230 277 1260 tatem,
305 1226 351 1255 sed
380 1226 407 1254 in
436 1226 633 1258 necessitatem.
662 1225 736 1255 Unde
763 1225 886 1252 Salvator
908 1227 1016 1258 noster,

178 1273 303 1302 Matthaei
332 1273 477 1310 vigesimo,
499 1273 579 1300 matri
602 1273 721 1301 filiorum
743 1270 873 1299 Zebedaei
897 1271 1015 1308 petenti:

178 1320 246 1354 Dic,
269 1324 302 1348 ut
320 1320 434 1348 sedeant
455 1318 486 1348 ln·
505 1319 563 1347 dito
583 1319 639 1354 filii
651 1319 708 1347 mei
721 1327 799 1347 tirum:
815 1319 853 1346 art
868 1318 1018 1347 dexteram

178 1370 276 1400 taam,
298 1370 324 1395 et
344 1366 422 1395 alias
442 1367 481 1395 act
501 1366 654 1397 sinistram
675 1366 706 1394 in
719 1374 807 1403 regino
823 1369 889 1399 tum·
905 1373 1017 1402 respon-

177 1413 233 1442 dit:
257 1413 393 1447 Nescitis,
415 1413 486 1452 quid
504 1413 616 1451 petatis.
640 1412 761 1441 Potestis
776 1412 868 1440 bibere
882 1412 1016 1446 caticeu'z,

178 1468 259 1497 quem
284 1468 333 1497 epo
362 1460 505 1489 bibiturus
525 1459 616 1488 sum?
638 1460 745 1488 Dicunt
766 1459 810 1487 ei:
833 1460 1017 1493 Possumus,-

178 1506 254 1543 quasi
282 1506 370 1535 dicat:
400 1514 448 1536 vos
478 1507 569 1544 petitis
600 1514 732 1543 regnum,
761 1506 807 1534 sed
839 1506 922 1542 petite
953 1514 1017 1535 cuin

177 1560 208 1580 eo
229 1552 359 1581 iustitiam
380 1553 447 1582 eius.
469 1553 573 1582 lustitia
593 1556 648 1586 est,
673 1556 705 1581 ut
725 1553 771 1589 qui
794 1553 853 1581 vult
874 1560 933 1581 esse
954 1561 1017 1590 par-

178 1599 261 1635 ticeps
287 1599 315 1627 in
343 1607 428 1636 regno
456 1600 490 1628 sit
518 1599 653 1636 particeps
674 1599 702 1627 in
729 1599 923 1633 tribulatione;
949 1600 1017 1636 Apo-

177 1645 292 1683 calypsis
312 1646 402 1683 primo
413 1647 424 1663 4
437 1657 443 1674 ς
467 1646 618 1682 Particeps
636 1646 667 1673 in
682 1645 866 1674 tribulatione
879 1649 905 1673 et
918 1654 1014 1682 regino.

177 1692 251 1721 Unde
268 1692 332 1721 dicit
347 1693 457 1721 loannes
478 1692 505 1720 in
526 1692 636 1719 Glossa:
657 1689 716 1719 «Et
738 1692 789 1719 hoc
810 1691 927 1725 sciebat,
943 1692 1015 1727 quod

176 1739 235 1767 eius
256 1738 409 1775 passionem
430 1740 556 1774 poterant
577 1737 696 1771 imitari;
722 1737 768 1765 sed
797 1737 848 1765 hoc
876 1736 956 1770 dicit,
985 1740 1016 1764 ut

176 1793 208 1813 eo
228 1785 429 1821 interrogante,
457 1786 484 1812 et
511 1783 564 1811 illis
590 1783 833 1820 respondentibus,
855 1783 1014 1817 audiamus,

177 1831 249 1867 quod
270 1838 349 1859 nemo
370 1838 433 1859 cum
454 1830 562 1859 Christo
584 1832 671 1866 potest
692 1838 822 1867 regnare,
844 1830 894 1858 nisi
914 1830 1015 1866 passio—

177 1885 237 1906 nem
259 1878 318 1906 eius
339 1877 374 1906 sit
394 1877 516 1905 imitatus
530 1888 556 1905 ».
574 1876 658 1905 Erae
680 1877 731 1905 hoc
753 1877 854 1913 triplex
875 1879 916 1905 est
937 1876 1014 1905 ratio.

255 1924 299 1953 30.
323 1924 412 1953 Prima
433 1926 492 1953 est:
513 1924 579 1960 quia
604 1924 698 1952 Deus⁵
727 1924 834 1952 nullum
862 1923 943 1952 debet
970 1924 1016 1952 ad-

176 1972 284 2000 mittere
305 1972 338 2000 ad
360 1971 436 2008 regni
458 1971 500 1999 sui
522 1971 706 2005 consortium,
727 1971 777 1999 nisi
800 1971 834 1999 sit
852 1971 956 1999 anneus
972 1979 1016 1999 ve-

176 2026 225 2047 rus
245 2022 272 2047 et
292 2018 468 2055 approbatus.
492 2018 542 2046 Sed
563 2018 656 2046 nullus
677 2018 822 2054 approbari
848 2018 943 2052 dehet,
965 2019 1015 2047 nisi

175 2064 253 2100 prius
274 2065 425 2101 probetur3
447 2064 541 2093 nullus
561 2064 671 2101 probari
692 2067 780 2101 potest
794 2065 831 2092 iia
846 2064 929 2098 bene,
945 2065 1016 2093 sicut

176 2118 224 2146 per
246 2111 468 2144 tribulationem,
490 2111 562 2139 sicut
582 2110 683 2139 dicitur
703 2110 736 2139 de
757 2110 909 2144 Abraham,
926 2111 1014 2139 iudith

176 2158 311 2186 octavossc
338 2159 475 2187 Mentores
502 2166 560 2186 esse
587 2158 736 2192 debemus,
765 2159 905 2194 quomodo
926 2162 1014 2195 pater

239 2334 245 2346 ¹
265 2336 293 2357 lta
312 2336 328 2357 A
339 2334 368 2361 C,
386 2334 426 2357 sed
443 2334 577 2362 particulam
595 2340 648 2357 cum
664 2341 707 2357 nos
718 2336 890 2363 supplevimus,
902 2339 926 2358 ut
938 2342 1014 2358 sermo

175 2374 204 2396 sit
220 2380 343 2402 congruus.
361 2374 416 2396 Nam
433 2373 518 2396 Bonelli
534 2377 642 2401 corrupte
663 2373 730 2396 habet
751 2374 897 2398 retrocedens
919 2374 1015 2397 minime

173 2415 318 2442 perseverat,
330 2415 400 2443 optus
412 2414 451 2436 est.
461 2425 491 2429 —
503 2413 576 2435 Locus
587 2413 690 2441 Gregorii
702 2416 735 2436 est
746 2414 762 2436 1.
774 2414 849 2446 Marah
861 2420 881 2436 c.
894 2414 929 2436 37.
943 2420 965 2435 n·
977 2414 1013 2437 55.

238 2451 246 2464 ²
264 2452 330 2475 Vers.
348 2453 368 2474 3.
385 2464 416 2468 —
433 2451 543 2480 Superius
559 2457 612 2474 cum
629 2451 673 2474 AC
690 2451 849 2475 substituimus
865 2451 897 2474 od
913 2451 1015 2474 obtinen-

176 2490 232 2512 dum
250 2496 292 2518 pro
309 2490 340 2513 ad
357 2489 497 2513 habendum.

238 2527 247 2540 ³
264 2530 329 2552 Vers.
347 2530 384 2551 21.
395 2541 425 2546 —
437 2530 489 2557 Seq.
502 2529 565 2551 locus
581 2531 615 2551 est
631 2529 706 2551 Matth.
723 2530 765 2556 20,
783 2530 865 2556 21-22;
883 2529 965 2551 deindo
982 2534 1015 2550 re-

175 2568 269 2595 spicitur
286 2569 342 2591 ibid.
359 2569 385 2597 6,
403 2569 443 2590 33:
461 2568 567 2596 Quaerite
583 2574 639 2595 ergo
656 2569 757 2596 primum
773 2574 872 2596 regnum
889 2568 928 2590 Dei
946 2567 968 2589 et
984 2562 1021 2589 iu-'

175 2607 259 2629 stitiam
276 2607 326 2629 eius
342 2610 385 2630 etc.
396 2620 427 2624 —
444 2607 527 2629 Bonelli
545 2609 663 2634 corrupte:
680 2606 817 2629 Possumus.
836 2606 883 2635 Qui
898 2606 967 2629 etiam
984 2605 1015 2628 di-

176 2644 216 2672 cit,
236 2650 275 2667 vos
292 2645 333 2674 qui
348 2645 462 2675 quaeritis
478 2645 525 2669 sive
538 2644 616 2674 petitis
631 2651 745 2674 requam,
761 2644 866 2674 quaerite
882 2644 930 2667 siue
946 2644 1016 2673 petite

176 2681 290 2705 iustitiam
306 2683 356 2706 eius
373 2689 428 2706 cum
444 2690 478 2707 eo.
496 2684 593 2706 Textum
610 2683 749 2711 praebemus
765 2690 791 2706 ex
808 2683 836 2711 C,
847 2683 949 2706 cuicum
961 2689 1014 2711 pau-

176 2720 208 2742 cis
224 2720 366 2744 variantibus
382 2722 522 2745 conveniunt
538 2723 555 2744 A
565 2722 589 2744 B.

237 2758 247 2770 ⁴
264 2759 330 2781 Vers.
346 2760 369 2782 9,
385 2760 438 2782 Post
457 2761 551 2784 loannes
573 2761 667 2789 supple:
689 2761 883 2791 Chrysostomus,
900 2763 940 2783 aut
955 2761 1015 2789 quis-

175 2797 227 2826 quis
239 2800 273 2820 est
284 2800 363 2820 auctor
374 2798 456 2825 Operis
471 2800 607 2829 imperfecti,
619 2800 700 2823 Homil.
711 2806 780 2829 super
796 2800 872 2823 Matth.
888 2800 964 2822 homil.
977 2800 1014 2823 35.

175 2836 260 2858 —Pro
277 2835 339 2865 quod
356 2842 423 2859 nemo
440 2837 483 2860 AC
500 2838 556 2867 quia
572 2844 653 2866 mmo,
670 2845 770 2868 quoi-um
788 2839 833 2861 fide
850 2838 918 2860 etiam
935 2837 1015 2860 substi·

176 2874 261 2897 tuimus
277 2873 308 2897 sit
323 2874 428 2899 imitatus
445 2882 488 2904 pro
505 2876 615 2900 imitetur.

238 2912 247 2925 ⁵
264 2914 348 2936 Bonelli
364 2913 460 2942 Prima,
479 2915 542 2944 quod
557 2915 680 2940 Dominus.
697 2916 784 2940 Deinde
801 2923 854 2939 cum
866 2916 882 2940 C
894 2917 1015 2944 posuimus

175 2953 222 2977 uisi
237 2953 267 2976 sit
283 2952 374 2976 amicus
390 2959 461 2976 verus
478 2955 499 2977 et
519 2954 664 2984 approbatus
686 2962 728 2984 pro
744 2956 792 2984 msi
812 2956 916 2979 amicum
933 2962 1015 2980 verum

175 2994 198 3016 et
213 2991 381 3023 approbatam,
398 2996 420 3015 et
436 2998 489 3015 cum
507 2994 524 3015 A
534 2993 551 3015 B
568 2993 693 3017 adiecimus
707 2994 777 3024 prius
793 2999 844 3018 ante
858 2994 980 3025 probetur.

1858 225 1911 253 51⁴7

1075 302 1170 327 noster
1192 299 1344 328 Abrabam
1366 304 1491 330 tentatus
1511 304 1564 335 est,
1580 304 1604 329 et
1622 310 1675 338 per
1692 301 1801 329 multas
1822 301 1912 329 tribu-

1077 343 1194 373 lationes
1221 345 1378 382 probatae,
1407 347 1521 375 amicus
1551 347 1602 375 Dei
1628 346 1741 385 (illectus
1767 350 1815 375 est.
1845 347 1914 383 Ergo

1077 391 1259 421 tribulationis
1280 393 1438 422 sufferentia
1463 394 1505 422 vel
1526 394 1655 430 patientia
1674 394 1707 422 ad
1730 401 1844 430 regnum
1866 394 1913 422 ha-

1077 438 1195 467 bendum
1222 443 1263 468 est
1290 440 1450 469 necessaria.
1473 456 1509 461 -—
1531 441 1654 469 Secunda
1679 441 1748 469 ratio
1768 443 1827 469 est:
1849 441 1914 477 quia

1077 484 1149 512 Deus
1168 484 1193 512 in
1216 493 1301 521 regno
1321 493 1371 514 suo
1392 493 1486 514 omnes
1507 490 1634 521 coronat,
1655 487 1727 515 sicut
1746 486 1848 515 dicitur
1868 488 1913 515 Sa-

1076 530 1193 571 pientiae
1213 531 1346 567 quinto⁷:
1370 532 1516 569 Accipient
1537 541 1659 569 regnum
1680 533 1792 561 decoris
1812 536 1836 561 et
1850 532 1913 561 dia-

1076 576 1159 605 dema
1179 577 1282 614 speciei
1301 577 1335 605 (ιε
1355 585 1448 605 manu
1470 578 1528 606 Dei.
1551 578 1603 606 Sed
1623 579 1716 607 nullus
1736 578 1817 607 dehet
1837 586 1913 607 coro-

1076 623 1150 656 nari,
1172 623 1222 651 nisi
1246 623 1358 656 vicerit;
1382 623 1475 651 nullus
1500 627 1588 660 potest
1610 624 1733 658 vincere,
1755 624 1805 652 nisi
1827 627 1913 653 certa-

1076 669 1163 703 verit3
1186 677 1235 698 nec
1262 673 1384 703 certare,
1411 671 1460 698 nisi
1483 671 1606 699 inimicos
1627 674 1654 698 et
1676 671 1837 699 tentationes
1864 679 1912 699 seu

1076 716 1265 745 tribulationes
1287 716 1430 750 hahuerit,
1452 717 1522 744 sicut
1542 717 1607 745 (licit
1628 718 1719 745 Glossa
1742 726 1825 754 super
1847 718 1911 746 illud

1075 762 1213 790 Psalrni⁸:
1244 762 1320 790 Dum
1347 763 1525 790 (anxiaretur
1552 772 1602 791 eor
1629 772 1742 797 meum,
1771 764 1802 791 in
1828 768 1910 800 petro

1073 808 1210 837 exaltasti
1235 818 1286 837 mo.
1317 809 1386 846 Ergo
1416 810 1449 837 ad
1481 817 1608 838 coronam
1642 811 1716 846 regni
1749 810 1910 838 veniendum

1073 858 1114 884 est
1142 863 1191 892 per
1219 856 1289 884 viam
1317 856 1463 892 patientiae
1494 856 1615 889 stabilis;
1645 856 1780 885 secundae
1807 856 1839 884 ad
1868 857 1911 884 Ti-

1073 902 1214 930 motheum
1236 902 1373 930 secundo:
1397 901 1461 930 Non
1481 903 1679 936 coronabitur,
1695 903 1754 930 nisi
1773 903 1825 940 qui
1846 902 1911 940 lepi-

1073 948 1139 976 time
1159 948 1319 976 certauerit.
1342 964 1378 968 —
1394 949 1485 976 Tertia
1507 948 1576 976 ratio
1596 952 1651 977 est:
1674 949 1738 985 quia
1759 949 1784 977 in
1808 949 1853 977 illo
1869 957 1910 977 re-

1072 1002 1125 1030 gno
1152 996 1194 1022 est
1220 1001 1300 1022 omne
1327 994 1457 1031 gaudium
1478 998 1505 1023 et
1526 994 1686 1023 delectatio:
1710 995 1911 1024 Delectationes

1072 1040 1144 1068 enim
1172 1040 1202 1068 ‘in
1216 1040 1348 1069 alex'tera
1370 1044 1420 1069 tua
1444 1049 1534 1079 usque
1555 1041 1586 1069 in
1605 1041 1689 1077 finem
1702 1042 1721 1069 ⁹.
1744 1042 1794 1070 Sed
1819 1042 1911 1070 nullus

1072 1086 1105 1115 ad
1127 1087 1284 1116 huiusmodi
1306 1087 1436 1124 gaudium
1459 1088 1552 1116 venire
1566 1088 1665 1125 dignus¹
1679 1091 1735 1122 est,
1752 1088 1801 1117 nisi
1816 1097 1832 1117 a
1846 1097 1911 1125 gau-

1071 1134 1123 1162 diis
1143 1138 1170 1162 et
1190 1134 1396 1163 delectabilibus
1417 1134 1511 1162 mundi
1533 1138 1574 1163 est
1595 1135 1744 1171 elongatus.
1760 1135 1835 1164 Unde
1849 1135 1911 1164 dicii

1072 1180 1253 1215 Hieronymus
1274 1180 1307 1208 ad
1328 1180 1503 1209 Heliodorum
1516 1181 1552 1209 ¹⁰:
1573 1192 1586 1205 «
1602 1181 1738 1210 Delicatus
1755 1190 1800 1216 es,
1820 1182 1913 1214 frater,

1073 1226 1093 1254 si
1116 1229 1143 1254 et
1164 1226 1208 1254 liic
1229 1227 1270 1255 vis
1290 1226 1411 1263 gaudere
1432 1235 1496 1255 cum
1517 1228 1626 1256 saeculo
1647 1231 1673 1256 et
1693 1232 1785 1264 postea
1800 1237 1915 1265 regnare

1073 1280 1135 1301 cuni
1157 1273 1307 1301 Christo».
1330 1273 1412 1307 Nam,
1434 1274 1505 1302 sicut
1527 1274 1597 1303 idem
1618 1275 1683 1303 dicit
1699 1274 1740 1303 *ad
1763 1275 1915 1309 lulianum7

1078 1330 1091 1344 α
1105 1318 1229 1353 difficile,
1252 1319 1336 1348 immo
1356 1320 1523 1357 impossibile
1548 1324 1604 1355 est,
1626 1324 1657 1349 ut
1678 1325 1704 1350 et
1726 1322 1916 1358 praesentibus

1073 1366 1136 1403 quis
1156 1369 1183 1395 et
1204 1365 1305 1396 futuris
1326 1366 1435 1395 fruatur
1461 1367 1552 1402 bonis,
1580 1371 1611 1396 ut
1632 1372 1658 1397 et
1680 1369 1724 1397 hic
1746 1372 1869 1398 ventrem
1891 1374 1917 1398 et

1073 1413 1109 1441 ihi
1130 1415 1250 1441 mentem
1272 1413 1397 1450 impleat,
1426 1417 1456 1442 ut
1477 1414 1510 1443 de
1531 1414 1634 1443 deliciis
1657 1418 1776 1444 transeat
1797 1415 1830 1443 ad
1851 1415 1917 1444 deli-

1073 1459 1128 1488 cias
1141 1470 1154 1493 ;,
1174 1462 1207 1488 ut
1235 1459 1260 1487 in
1288 1463 1409 1497 utroque
1436 1461 1546 1489 saeculo
1574 1461 1682 1497 primus
1707 1461 1755 1495 sit,
1784 1465 1862 1489 utet
1890 1462 1915 1489 iu

1073 1506 1147 1535 caelo
1168 1509 1195 1535 et
1216 1507 1243 1534 in
1266 1509 1340 1535 terra
1367 1510 1497 1543 appareat
1518 1508 1654 1543 gloriosus
1669 1519 1695 1539 »;
1717 1511 1744 1536 et
1765 1508 1836 1536 alibi.
1866 1509 1914 1536 Sed

1073 1553 1141 1581 nihil
1162 1556 1217 1585 est,
1246 1553 1319 1589 quod
1342 1553 1378 1581 ita
1398 1554 1433 1581 ab
1454 1553 1512 1582 istis
1533 1554 1640 1591 elonget
1661 1555 1798 1583 hominem
1828 1558 1854 1583 et
1875 1562 1916 1583 se-

1073 1601 1212 1635 questret,
1234 1599 1305 1627 sicut
1326 1598 1389 1627 facit
1411 1599 1559 1627 tribulatio.
1577 1599 1646 1636 Ergo
1661 1600 1801 1628 tribulatio
1816 1603 1857 1629 est
1872 1608 1914 1628 re<

1072 1648 1115 1673 cta
1136 1645 1179 1672 via
1199 1644 1232 1672 ad
1254 1652 1388 1680 regnum:
1415 1644 1490 1673 beati
1516 1653 1596 1682 ergo,
1618 1646 1670 1683 qui
1686 1647 1911 1682 persecutionem

1068 1691 1227 1728 patiuntur
1244 1694 1364 1727 propter
1384 1691 1544 1725 iustitiam,
1566 1692 1705 1729 quoniam
1727 1693 1860 1728 ipsorum
1875 1695 1915 1721 est

1071 1739 1193 1774 regimim
1215 1737 1378 1770 caetorum,
1401 1738 1527 1766 Matthaei
1549 1739 1646 1775 quinto
1659 1740 1689 1766 ¹¹.

1149 1783 1195 1812 31.
1219 1783 1263 1812 Est
1284 1784 1385 1812 iterum
1407 1784 1440 1812 ad
1465 1784 1620 1813 habendum
1647 1794 1762 1822 regnum
1791 1794 1915 1815 necessa—

1072 1830 1113 1858 ria
1138 1829 1272 1858 sublimis
1292 1830 1478 1867 confidentia,
1505 1839 1588 1868 quam
1618 1832 1776 1861 benedictus
1804 1833 1848 1861 ille
1877 1833 1913 1861 la-

1072 1879 1115 1905 tro
1137 1877 1248 1912 habuit,
1269 1877 1317 1914 qui
1338 1878 1409 1906 dixit
1437 1879 1527 1924 Lucae
1548 1878 1678 1915 vigesimo
1707 1879 1787 1907 tertio
1799 1880 1837 1907 12:
1860 1880 1914 1908 Me-

1071 1927 1163 1952 mento
1178 1924 1251 1958 mei,
1266 1924 1402 1958 Domine,
1418 1925 1490 1953 (lum
1503 1925 1615 1954 veneris
1630 1925 1661 1953 iii
1675 1934 1797 1963 reynuuz
1813 1929 1913 1960 tuum,

1072 1971 1119 2008 qui
1141 1971 1233 1999 statim
1255 1974 1367 2008 propter
1389 1980 1465 2009 spem
1488 1980 1582 2006 suam,
1606 1980 1688 2009 quam
1710 1973 1736 2001 in
1760 1973 1807 2001 Dei
1833 1973 1914 2001 mise-

1073 2017 1192 2046 ricordia
1211 2019 1318 2054 posuit,
1340 2018 1436 2047 audire
1458 2019 1577 2047 meruit:
1601 2021 1692 2047 Amen
1706 2019 1770 2048 (lieo
1785 2020 1851 2053 tibi,
1868 2019 1915 2048 bo-

1072 2065 1117 2093 (tie
1137 2073 1250 2093 mecum
1276 2066 1334 2094 eris
1360 2066 1391 2094 io
1409 2066 1562 2103 paradiso.
1585 2083 1623 2086 —
1645 2066 1695 2095 Sed
1717 2075 1803 2104 quare
1831 2067 1915 2096 debeo

1072 2111 1208 2140 confidere
1230 2112 1272 2141 vel
1293 2120 1420 2149 sperare,
1442 2113 1515 2149 quod
1531 2121 1647 2150 regnum
1662 2113 1709 2142 Dei
1725 2113 1838 2142 debeam
1854 2122 1915 2151 pos—

1072 2158 1183 2187 sidere?
1204 2159 1283 2187 Certe
1311 2162 1424 2196 propter
1446 2160 1506 2188 eius
1526 2160 1743 2195 liberalitatem,
1773 2169 1843 2198 quae
1871 2169 1915 2190 nie

1135 2334 1144 2347 '³
1161 2336 1226 2358 Vers.
1243 2337 1281 2358 22.
1298 2336 1340 2357 Pro
1357 2336 1452 2358 lectione
1470 2337 1581 2364 Vulgntne
1599 2337 1692 2366 effectus
1709 2338 1742 2359 est
1758 2338 1773 2361 Λ
1786 2337 1827 2359 BC
1839 2337 1915 2366 appel>

1072 2374 1134 2397 latas
1151 2376 1193 2397 est.

1133 2411 1142 2424 '¹
1161 2413 1227 2434 Vers.
1245 2413 1281 2434 Π.
1293 2425 1323 2429 -
1335 2413 1429 2435 inferius
1445 2420 1471 2436 cx
1488 2415 1504 2436 A
1515 2414 1532 2437 C
1549 2414 1709 2436 substituimus
1724 2413 1860 2437 tornationes
1873 2420 1914 2441 pro

1072 2453 1206 2474 tentatores.

1134 2488 1143 2502 ⁸
1160 2490 1242 2513 Psalm.
1259 2491 1302 2518 60,
1320 2492 1346 2519 3,
1363 2498 1415 2513 cum
1433 2492 1510 2514 Glosse
1528 2491 1651 2514 ordinaria
1670 2492 1731 2519 apud
1749 2492 1871 2519 Lyranum.
1883 2504 1914 2508 —

1072 2530 1124 2558 Seq.
1141 2529 1205 2552 locus
1221 2533 1255 2552 est
1272 2531 1295 2552 11.
1313 2531 1372 2552 Tim.
1390 2531 1415 2557 2,
1435 2531 1456 2553 5.
1479 2530 1518 2553 ubi
1536 2531 1632 2559 Vulgata
1651 2532 1780 2554 coronatur
1798 2531 1845 2554 m'sz'
1861 2531 1914 2561 leoi-

1072 2568 1126 2591 time
1143 2574 1185 2596 pro
1202 2568 1355 2592 coronabitur
1371 2569 1419 2592 m'si
1435 2569 1477 2599 qui
1487 2569 1600 2599 leqz'tz'me,
1617 2570 1670 2597 sed,
1689 2573 1744 2592 teste
1761 2570 1858 2597 Bonelli,
1877 2577 1914 2593 no-

1071 2610 1116 2630 stra
1134 2608 1199 2630 lectio
1215 2608 1332 2630 invenitur
1348 2608 1411 2636 apud
1429 2609 1489 2636 Hug.
1506 2608 1581 2635 Card.v
1599 2610 1714 2636 Lyranum
1733 2610 1842 2638 aliosque.

1133 2645 1143 2658 Β
1159 2647 1241 2670 psalm.
1254 2648 1295 2675 45,
1311 2648 1344 2670 10.
1355 2659 1387 2664 -
1398 2647 1501 2670 Subinde
1512 2654 1538 2670 ex
1551 2649 1567 2670 A
1577 2648 1594 2671 C
1611 2648 1771 2671 substituimus
1787 2649 1819 2676 od
1835 2650 1913 2674 lem'us-

1071 2685 1136 2708 modi
1150 2685 1266 2715 gaudium
1282 2692 1326 2714 pro
1342 2686 1374 2709 ad
1389 2686 1440 2710 hoc.

1133 2722 1153 2735 ¹⁰
1170 2725 1238 2752 Epist.
1256 2724 1292 2747 14.
1310 2725 1374 2753 (alias
1395 2726 1424 2754 ri.)
1444 2732 1464 2747 n.
1486 2726 1519 2748 10.
1536 2738 1567 2742 -
1583 2727 1686 2755 Sequens
1703 2727 1766 2750 locus
1786 2730 1819 2749 est
1836 2728 1864 2749 nd
1883 2728 1914 2750 lu-

1071 2762 1169 2791 lianum,
1194 2763 1265 2791 Epist.
1291 2764 1342 2786 4¹8.
1369 2764 1433 2791 (alias
1450 2764 1497 2793 34.)
1516 2771 1539 2787 n.
1556 2765 1582 2791 63
1600 2765 1678 2787 tertius
1695 2766 1723 2788 ad
1750 2766 1913 2793 Nepotianum,

1071 2800 1140 2828 Epist.
1158 2801 1196 2823 52.
1221 2801 1285 2829 (alias
1302 2802 1333 2830 2.)
1359 2808 1380 2824 n.
1402 2803 1440 2825 12:
1466 2803 1524 2825 Dum
1550 2803 1643 2826 delicias
1668 2808 1793 2828 sectamur.
1811 2810 1823 2826 a
1841 2811 1913 2832 regno

1071 2839 1187 2862 caelorum
1199 2840 1344 2864 retrahimur.
1355 2840 1400 2864 Csr.
1412 2843 1481 2871 Epist.
1494 2843 1543 2865 108,
1556 2843 1620 2871 (alias
1630 2844 1676 2872 27.)
1686 2844 1714 2866 ad
1726 2844 1830 2865 Eustorli.
1843 2839 1912 2875 mi&

1070 2890 1101 2895 —
1113 2878 1216 2902 Subinde
1228 2885 1254 2902 ex
1270 2881 1288 2902 A
1298 2880 1315 2904 C
1328 2881 1499 2904 interseruimus
1511 2882 1567 2912 fucit
1579 2885 1631 2905 ante
1643 2881 1771 2905 tribulatio.

1134 2916 1152 2930 ¹²
1170 2918 1235 2941 Vers.
1257 2919 1289 2942 l0.

1134 2955 1153 2969 ¹²
1170 2957 1235 2980 Vers.
1253 2958 1293 2987 42,
1310 2959 1392 2982 deinde
1410 2966 1433 2982 v.
1451 2959 1486 2982 43.
1503 2972 1534 2977 —
1550 2959 1607 2983 Cum
1625 2961 1641 2982 A
1652 2959 1669 2983 C
1687 2960 1806 2988 posuimus
1824 2959 1912 2982 [κρηναί-

1071 2998 1122 3020 ctus
1139 2996 1178 3020 ille
1194 2996 1256 3020 latro
1273 2997 1355 3022 habuit
1370 3005 1412 3027 pro
1429 2998 1510 3022 habuit
1527 2998 1565 3022 ille
1582 2999 1661 3022 beatus
1679 2999 1749 3022 latro.

1931 445 1984 464 natio
1996 446 2015 464 ·2.

1928 954 1981 973 Ratio
1995 954 2012 971 Ζ.

1931 1791 2023 1812 Secundo,
2035 1792 2058 1809 de

1935 1815 2053 1833 confidentia.

1933 2167 1986 2186 Ratio
2001 2167 2017 2184 1.
