2285 3398
655 173 698 200 DE
721 172 887 201 MYSTERIO
909 171 1091 201 TRlNlTATls
1111 171 1245 208 QUAEST.
1269 172 1309 201 lV.
1332 173 1402 201 ΛΒΤ.
1427 173 1442 201 Ι.
1879 175 1912 202 81

175 253 218 279 cet
236 250 383 287 privative
404 253 431 279 et
458 250 595 287 negative.
628 250 783 279 Secundum
816 250 889 287 quod
920 250 1022 278 dieitur

170 297 332 334 privative,
348 297 387 325 sic
402 297 492 333 privat
507 301 605 325 actum
620 300 647 325 et
663 297 793 334 relinquit
811 297 1021 334 aptitudinem:

172 346 200 372 et
214 344 266 372 hoe
282 343 362 372 modo
376 343 477 372 dicitur
492 343 640 380 infinitum
655 344 728 380 quod
743 347 784 372 est
798 347 902 372 natum
919 343 1020 380 liniri,

174 398 228 418 non
252 393 341 418 tamen
364 392 405 418 est
427 390 552 424 finitum,
574 392 601 418 et
622 390 659 418 sic
681 393 758 418 sonat
780 390 806 417 in
835 389 1021 426 incompletio—

173 444 244 465 nem.
267 452 303 458 —
327 436 484 465 Secundum
506 440 598 465 autem
618 436 691 473 quod
706 436 807 464 dicitur
821 436 966 473 neyatz'me,
982 435 1020 463 sic

173 483 343 520 simpliciter
366 487 490 512 removet
507 483 593 519 finem
623 483 679 511 sive
711 483 858 517 iinitaten13
890 482 937 511 sed
970 483 1021 510 hoc

168 522 318 566 'dupliciter
350 531 431 558 habet
459 530 570 565 intelligi
599 529 750 558 secundtun
778 529 914 567 duplicem
943 537 1020 557 acce-

172 577 293 613 ptionem
307 576 384 613 Ῐῖηιζς.
402 576 508 604 Dicitur
522 576 594 604 enim
609 576 851 612 finis—terminus,
862 575 1020 612 sinis-com-

56 623 364 660 Subututtu-plemmttttm;
385 626 412 651 et
434 622 493 651 ideo
515 622 662 659 infinitum
685 622 786 651 dieitur
801 622 962 659 dupliciter:
979 622 1021 650 vel

81 658 125 674 ‘²¹⁰’
175 677 224 705 per
246 669 453 705 abnegationem
474 668 769 705 finis-complemeutz',
798 672 825 697 et
852 669 890 697 sic
918 669 1020 696 malum

173 715 275 743 dicitur
297 715 445 752 iufi‘nt'tum
458 716 485 747 ¹,-
508 716 549 743 vel
571 724 620 752 per
648 716 854 752 abnegationem
882 715 1021 752 siuas-ter-

31 772 100 791 nomm
118 772 162 790 sui>-
172 761 263 795 mim,
286 764 312 789 et
334 762 385 789 hoe
406 761 552 798 dupliciter
575 765 663 798 potest
685 770 745 802 esse
765 762 916 790 secundum
931 761 1038 798 dupli-v

31 795 160 818 mmmm*
175 816 233 837 cem
257 808 420 836 terminum.
444 808 489 836 Est
510 808 582 836 enim
606 809 740 837 terminus
761 809 912 837 secundum
927 817 1020 845 quau-

173 855 279 883 titatem
295 855 493 888 materialem,
510 858 536 883 et
551 859 591 883 est
607 856 742 884 terminus
757 855 906 884 secundum
926 864 1020 892 quan-

172 901 279 929 titatem
302 901 505 938 spirituatem,·
527 902 616 938 prima
636 902 737 930 dicitur
752 902 901 939 quantita-5
918 901 1019 935 molis,

173 948 295 976 secunda
316 948 466 986 quantitas
488 948 612 976 uirtutis.
638 948 789 985 Infinitum
811 948 893 983 igitur
909 955 958 983 per
972 947 1018 975 ab-

32 994 347 1031 anamim-negationem
370 995 487 1023 termini
507 995 588 1023 circa
610 995 799 1033 quantitatem
813 993 897 1022 molis
912 1000 1019 1029 semper

42 1028 154 1051 ‘mmmmm'
175 1041 240 1069 dicit
262 1041 381 1077 aliquam
404 1042 641 1077 incompletionem
663 1042 755 1077 aliquo
776 1040 867 1073 modo,
883 1039 924 1067 vel
940 1042 1019 1073 actu,

174 1086 216 1114 vel
238 1087 374 1122 potentia,
397 1087 462 1122 quia
483 1087 547 1115 dis-it
570 1095 708 1115 recessum
729 1094 745 1114 a
766 1085 946 1122 simplicitate.
968 1085 1018 1112 Ta-

173 1133 206 1161 lis
227 1133 299 1161 enim
321 1133 460 1169 quantitas
482 1141 535 1161 non
564 1133 645 1161 simul
675 1136 728 1161 stat
755 1140 818 1160 cum
847 1131 1019 1168 simplicitate

171 1180 199 1208 in
222 1179 317 1207 eodem
338 1183 365 1208 et
387 1180 538 1208 secundum
561 1180 647 1214 idem,
669 1183 696 1208 et
718 1180 769 1207 tale
791 1178 928 1207 infinitum
948 1186 1018 1206 nnn-

171 1234 254 1262 quam
277 1229 318 1254 est
338 1229 417 1259 actu,
440 1226 486 1255 sed
508 1227 596 1254 solum
619 1226 753 1262 potentia,
768 1228 831 1253 actu
850 1228 941 1253 autem
958 1225 1018 1252 fini-

56 1282 150 1301 inffitum
172 1275 230 1301 tum
244 1273 262 1300 2.
287 1273 425 1301 lnfinitum
441 1281 507 1301 vero
522 1281 571 1309 per
587 1273 793 1309 abnegationem
809 1271 925 1300 termini
938 1271 1019 1310 eirca

46 1306 157 1330 ”mm'
171 1313 362 1357 quantitatem
384 1320 503 1348 virtutis
524 1328 577 1348 non
599 1319 663 1348 dicit
687 1319 807 1356 aliquam
836 1318 1018 1355 imperfectio-

172 1374 251 1400 nem,
274 1367 320 1395 sed
342 1375 478 1395 summam
500 1366 709 1403 perfectionem,
731 1365 795 1402 quia
814 1373 867 1393 non
883 1368 1019 1402 repugnat

173 1413 356 1449 simplicitati,
378 1413 461 1441 immo
479 1421 533 1441 non
549 1415 637 1449 potest
651 1420 709 1441 esse
724 1412 775 1440 nisi
791 1412 817 1440 in
833 1419 939 1440 summe
955 1412 1019 1440 sim-

32 1468 159 1487 Conclusio«.
174 1459 254 1496 plici;
277 1462 303 1487 et
325 1459 370 1487 tali
393 1459 473 1487 modo
494 1459 652 1495 scripturae
673 1459 823 1487 auctoritas
837 1461 864 1487 et
879 1458 941 1487 fidei
956 1467 1020 1487 con-

174 1506 255 1534 fessio
277 1508 383 1541 ponunt
405 1505 566 1533 intinitatem
590 1505 646 1534 sive
668 1505 877 1533 immensitatem
908 1505 933 1533 in
963 1505 1022 1542 ipso

172 1552 229 1581 Deo
251 1552 460 1588 simplicissimo.

251 1598 379 1626 Divinum
402 1598 485 1635 igitur
507 1607 565 1627 esse
586 1607 617 1627 eo
639 1598 697 1635 ipso
719 1602 760 1627 est
788 1599 942 1632 inlinitum,
965 1607 1020 1635 quo

32 1653 158 1679 confi-matur
172 1647 213 1672 est
232 1653 343 1673 summe
356 1645 479 1682 simplex
493 1648 520 1673 et
540 1645 711 1682 simpliciter
725 1653 883 1673 summum.
900 1661 935 1665 ——
952 1644 1019 1680 Quia

61 1681 128 1699 pum
171 1691 243 1719 enim
265 1694 306 1719 est
327 1700 439 1720 summe
460 1692 598 1729 simplem,
621 1692 681 1721 ideo
709 1692 818 1720 unitum
846 1695 887 1719 est
914 1699 1020 1719 summe

51 1745 157 1764 insumat
172 1737 204 1765 iu
225 1746 254 1766 se
281 1740 308 1766 et
333 1737 359 1766 in
389 1746 439 1766 suo
462 1747 562 1775 pos-se,-
583 1742 609 1767 et
630 1739 695 1775 quia
716 1746 822 1766 summe
851 1738 882 1765 in
902 1746 931 1765 se
958 1736 1020 1764 uni-

53 1768 115 1792 qu⁰³d
130 1773 158 1788 ὅθ’
172 1784 325 1818 tissimum,
347 1784 407 1813 ideo
423 1785 492 1813 nihil
508 1785 590 1813 habet
605 1786 785 1817 contrahens,
801 1784 867 1812 nihil
885 1783 1020 1816 limitans,

42 1837 158 1857 Notandum.
172 1831 241 1859 nihil
263 1831 449 1860 determinans
470 1834 496 1859 et
517 1831 585 1858 nihil
607 1830 737 1858 claudens
752 1830 778 1857 in
794 1837 909 1866 genere,
925 1837 956 1858 ac
972 1837 1021 1865 per

172 1877 224 1906 hoc
246 1881 328 1906 extra
347 1877 439 1906 omnia
459 1880 487 1905 et
508 1885 593 1913 supra
614 1876 705 1905 onmia
717 1876 737 1903 ³.
760 1892 796 1896 —
819 1876 889 1912 Quia
912 1884 1023 1904 rursus

30 1924 361 1956 Quoadposae.unitissimum
382 1927 424 1952 est
445 1926 572 1959 respectu
590 1931 689 1960 posse,
712 1922 772 1951 ideo
794 1922 864 1951 idem
886 1925 927 1951 est
941 1922 969 1950 in
990 1929 1022 1950 eo

172 1971 284 1999 omnino
305 1979 363 1999 esse
384 1972 411 1998 et
429 1978 527 2006 posse,
549 1971 576 1997 et
597 1969 672 2003 ideo,
688 1969 857 2005 ubicumque
878 1972 919 1997 est
941 1976 1022 1997 suum

171 2025 246 2051 esse,
269 2020 296 2045 et
317 2024 400 2044 suum
424 2024 525 2053 posse;
546 2018 573 2044 et
594 2015 640 2044 ubi
663 2020 704 2044 est
725 2024 799 2049 esse,
827 2019 869 2044 est
896 2019 1023 2044 centrum

171 2066 199 2092 et
222 2063 299 2100 origo
321 2066 347 2091 et
368 2063 429 2091 fons
450 2062 538 2099 ipsius
555 2071 657 2099 passe,-
672 2065 699 2091 et
713 2062 761 2091 ubi
777 2065 818 2091 est
833 2062 892 2090 sons
907 2066 933 2091 et
947 2062 1025 2099 origo

174 2113 200 2138 et
215 2113 343 2138 centrum
358 2109 446 2146 ipsius
457 2117 557 2147 posse,
574 2117 682 2146 semper
697 2109 772 2137 ultra
786 2112 890 2145 potest3
905 2112 932 2137 et
947 2108 1021 2143 ideo,

175 2354 305 2381 continent,
323 2353 513 2381 respondendum
539 2353 567 2374 sit
591 2352 725 2380 (incidendo,
743 2351 842 2375 subinde
867 2353 911 2375 ait:
933 2353 1022 2375 Manife-

177 2396 252 2420 stum,
264 2393 374 2422 quoniam
393 2392 447 2415 nulli
465 2398 545 2414 eorum
564 2397 623 2419 quae
641 2392 768 2419 aequivoca
784 2395 850 2419 sunt,
870 2392 977 2415 (onvenit
986 2398 1021 2415 re·

174 2430 291 2460 spondere
309 2430 454 2460 simpliciter.
471 2429 517 2452 Csr.
534 2430 549 2451 1.
566 2429 628 2450 Seni.
645 2429 667 2451 d.
685 2429 707 2451 6.
724 2428 780 2451 dub.
799 2430 806 2451 l
819 2447 825 2457 ,
843 2429 881 2452 ubi
900 2431 956 2452 haec
973 2435 1022 2452 sen-

176 2471 244 2493 tentia
261 2469 404 2499 Philosopho
422 2468 535 2491 tribuitur.
551 2479 583 2484 —
599 2467 675 2490 Verba
694 2468 717 2491 S.
733 2468 821 2491 Bonav.
837 2469 874 2492 Ad
890 2469 1020 2499 praedicto-

176 2514 234 2532 rum
258 2508 437 2538 mtettiqenttmn
455 2506 570 2535 usquein
591 2505 641 2535 ipso
658 2506 705 2528 Deo
726 2506 900 2536 simplicissimo
925 2511 980 2530 tom.
1004 2508 1020 2530 1.

174 2553 230 2576 pag.
246 2547 307 2575 769¹,
325 2550 379 2570 nota
404 2547 426 2569 7.
444 2547 489 2569 iam
515 2545 662 2568 exhibuimus
684 2550 711 2567 ex
729 2545 780 2567 (od.
797 2546 816 2568 M
835 2546 883 2575 (qui
900 2550 934 2569 est
951 2547 972 2569 in
989 2546 1021 2569 bi-

176 2586 290 2609 bliotheca
307 2586 498 2614 Montis-Cassini)
525 2588 633 2613 tanquam
652 2583 849 2612 additamentum;
871 2591 898 2608 ex
919 2592 966 2614 quo
983 2592 1021 2608 no-

174 2631 232 2647 vum
251 2631 301 2653 arg.
318 2625 446 2648 insinuetur
458 2630 501 2652 pro
514 2623 629 2651 genuitate
647 2622 714 2644 huius
730 2623 878 2650 quaestionis.
895 2623 940 2647 Cir.
952 2625 1020 2647 etiam

172 2663 236 2686 Alex.
252 2664 314 2691 Hah,
332 2665 355 2687 S.
372 2670 396 2692 p.
414 2664 429 2686 1.
446 2670 470 2692 q.
487 2664 509 2686 6.
525 2669 557 2685 m.
578 2663 595 2684 i.

238 2701 245 2714 ¹
263 2703 310 2726 cfr.
327 2706 383 2726 tom.
400 2704 424 2726 11.
441 2709 496 2731 pag.
514 2702 570 2729 811,
587 2704 640 2723 nota
658 2700 679 2723 4.
696 2712 727 2717 —
744 2700 776 2723 De
801 2701 926 2729 quantitate
951 2702 1020 2726 molis

176 2742 199 2762 et
215 2740 309 2764 virtutis
326 2742 380 2764 vide
397 2748 467 2769 supra
485 2747 540 2769 pag.
557 2740 597 2767 35,
615 2743 667 2761 nota
684 2740 705 2761 2.

239 2777 247 2791 ²
266 2780 325 2802 Vide
341 2781 445 2807 Aristot.,
464 2780 496 2803 tii.
513 2780 581 2806 Phys.
599 2781 651 2800 text.
667 2778 704 2800 56.
721 2783 786 2807 seqq.
804 2777 834 2806 (c.
851 2778 890 2808 6.).

238 2815 248 2829 ³
265 2818 374 2846 Gregor.,
392 2820 416 2841 ll.
432 2818 509 2841 Moral.
527 2823 547 2840 e.
566 2818 603 2839 42.
622 2823 645 2839 n.
663 2817 707 2839 20:
725 2816 782 2844 Quia
799 2817 859 2838 enim
878 2817 927 2845 ipse
944 2821 1021 2841 manet

179 2856 237 2878 intra
253 2857 344 2885 omnia,
361 2858 411 2885 ipse
428 2860 489 2882 extra
514 2856 605 2882 omnia,
624 2855 673 2883 ipse
696 2860 766 2882 supra
790 2855 879 2883 omnia,
896 2856 945 2884 ipse
963 2857 1021 2879 intra

176 2895 269 2922 omnia;
287 2898 309 2917 et
325 2896 431 2924 superior
448 2899 482 2918 est
500 2901 541 2923 per
559 2894 683 2922 potentiam
707 2896 729 2916 et
754 2894 845 2916 interior
870 2901 911 2922 per
933 2898 1019 2918 susten·
1040 2904 1042 2907 ·

176 2933 298 2961 tationem,
316 2935 413 2957 exterior
430 2940 472 2962 per
489 2933 672 2961 magnitudinem
695 2935 717 2954 et
741 2932 833 2955 interior
853 2939 895 2961 per
911 2933 1019 2956 subtilita-
1038 2932 1041 2934 '

267 2979 292 3003 S.
312 2980 401 3003 Βοηαυ.
417 2992 448 2997 -
466 2980 534 3003 Tom.
550 2980 579 3003 V.

1079 249 1248 286 ubicumque
1270 253 1373 286 potest,
1395 257 1502 287 semper
1523 252 1640 287 amplius
1661 255 1687 280 et
1715 252 1788 280 ultra
1815 255 1917 289 potest,

1079 303 1110 324 ac
1132 303 1181 332 per
1203 296 1253 324 hoc,
1272 304 1355 333 posse
1375 300 1401 325 et
1422 297 1502 325 simul
1524 306 1582 326 esse
1603 305 1712 326 necesse
1732 301 1773 327 est
1801 298 1918 326 intinita-
1931 306 2029 326 Conci-2210
2038 307 2057 326 2.

1079 346 1132 371 tem
1155 342 1264 371 habere.
1287 343 1335 371 Cui
1357 344 1503 372 concordat
1518 344 1584 372 illud
1598 344 1632 372 de
1645 344 1778 373 Causis⁴:
1799 344 1918 372 «Omnis

1080 389 1168 418 virtus
1183 389 1259 417 unita
1274 389 1337 426 plus
1353 393 1394 418 est
1414 390 1540 418 infinita»
1559 395 1610 419 etc.
1626 391 1681 419 Non
1698 399 1763 428 ergo
1778 392 1845 420 haec
1859 391 1918 419 infi-

1079 436 1149 464 nitas
1170 435 1336 472 simplicitati
1360 440 1508 473 repugnat,
1532 437 1614 465 immo
1635 440 1676 466 est
1696 438 1719 465 ei
1735 445 1853 466 consona
1868 437 1918 465 mi-

1078 482 1155 510 rabili
1178 485 1205 510 et
1226 482 1398 518 inseparabili
1420 483 1573 511 concordia.

1157 528 1307 565 Amplius,
1323 529 1385 565 quia
1401 529 1569 566 simpliciter
1583 538 1740 563 summum,
1756 538 1866 559 necesse
1879 534 1919 560 est
1928 540 2052 559 eonnrmatur

1077 584 1135 604 esse
1157 576 1267 604 omnino
1290 576 1462 604 immensum.
1487 577 1538 604 lloc
1560 577 1617 612 ipso
1638 577 1704 604 nihil
1728 580 1815 613 potest
1834 578 1857 606 ei
1873 563 2050 606 ασ-εῧῗὲῗιῗῗιῗίω

1077 623 1181 661 quari,
1197 630 1247 651 nec.
1263 623 1413 651 intensione
1428 630 1476 651 nec
1491 623 1689 659 duplicatione,
1705 624 1777 652 sieut
1790 624 1855 652 dicit
1867 626 1919 652 Au—
1979 610 1995 628 ¹'

1076 670 1204 707 gustinus
1225 670 1250 697 in
1273 670 1342 698 libro
1356 673 1451 697 octavo
1463 669 1473 687 ⁵
1487 670 1520 697 de
1534 670 1681 704 Trinitate;
1697 673 1724 698 et
1739 678 1848 699 necesse
1862 675 1918 704 est,

1079 716 1167 752 ipsum
1190 716 1291 744 habere
1313 716 1339 744 in
1361 724 1389 744 se
1411 716 1543 744 infinitam
1566 716 1734 744 nobilitatem
1760 720 1786 745 et
1814 717 1918 745 bonita-

1079 765 1148 797 tem;
1170 770 1232 791 cum
1255 763 1356 791 bonum
1379 762 1504 796 finitum,
1524 765 1791 800 quamtumcumque
1806 764 1853 798 sit,
1868 772 1917 800 per

1077 809 1288 845 duplicationem
1312 809 1451 837 finitorum
1471 809 1616 845 aliquoties
1636 808 1774 845 contingat
1795 813 1822 838 et
1841 810 1915 838 reddi

1078 859 1104 884 et
1125 856 1253 893 aequari,
1276 859 1306 884 ut
1326 856 1398 884 dicit.
1422 872 1457 876 —
1478 856 1547 892 Quia
1567 856 1648 884 etiam
1668 856 1828 892 simpliciter
1842 865 1918 885 sum-
1927 869 2050 889 (monadum

1077 910 1170 936 mum,
1193 903 1260 931 nihil
1282 906 1370 940 potest
1390 903 1502 937 maius,
1524 903 1591 931 nihil
1605 903 1708 931 melius
1722 911 1781 931 esse
1802 911 1851 931 nee
1866 911 1915 932 ex-

1077 949 1198 985 cogitari.
1222 949 1302 977 Omni
1323 952 1415 978 autem
1438 949 1514 977 sinito
1536 953 1623 986 potest
1650 950 1811 986 supergredi
1837 950 1916 978 aesti-

1077 995 1175 1027 matio;
1197 996 1218 1023 si
1240 996 1312 1024 enim
1336 996 1496 1033 intelligitur
1519 996 1620 1024 habere
1641 996 1805 1030 terminum,
1821 996 1918 1024 intelli-

1076 1041 1151 1077 gitur
1173 1042 1246 1069 ultra
1266 1042 1332 1070 illud
1353 1043 1456 1079 aliquid
1477 1043 1572 1071 saltem
1588 1043 1700 1079 cogitari
1716 1050 1802 1079 posse.
1820 1044 1854 1071 Ae
1869 1051 1917 1079 per

1076 1087 1143 1120 hoc,
1166 1087 1186 1115 si
1208 1087 1331 1116 divinum
1354 1097 1427 1122 esse,
1448 1089 1513 1125 quia
1533 1096 1642 1116 summe
1663 1089 1781 1124 simplex
1800 1092 1856 1122 est,
1872 1097 1918 1125 pa-

1076 1133 1143 1161 riter
1165 1136 1205 1161 est
1220 1133 1380 1169 simpliciter
1395 1142 1550 1165 suniiniini;
1567 1141 1676 1162 necesse
1691 1137 1731 1161 est
1750 1142 1918 1170 consequen-

1076 1182 1133 1213 ter,
1149 1179 1238 1215 ipsum
1261 1179 1352 1207 dicere
1367 1180 1483 1207 ommno
1499 1179 1660 1215 infinitum,
1675 1182 1706 1207 ut
1721 1180 1840 1207 rationes
1854 1187 1918 1208 con-

1075 1225 1198 1253 cludunt.
1221 1226 1276 1253 Non
1299 1226 1371 1254 enim
1387 1228 1428 1253 est
1442 1225 1522 1259 dare,
1538 1225 1611 1262 quod
1625 1226 1660 1253 sit
1674 1225 1783 1254 finitum
1797 1227 1918 1254 essentia

1075 1276 1102 1301 et
1116 1272 1253 1301 infinitum
1266 1273 1410 1309 potentia,
1429 1276 1460 1300 ut
1478 1272 1562 1309 aliqui
1577 1272 1710 1301 dixerunt
1720 1272 1747 1306 ⁰3
1763 1273 1829 1301 haec
1844 1273 1915 1301 enim

1075 1319 1103 1347 in
1124 1319 1180 1347 Deo
1201 1318 1313 1347 omnino
1334 1327 1421 1347 unum
1442 1322 1519 1353 sunt,
1541 1322 1567 1347 et
1588 1319 1707 1347 infinitas
1735 1319 1762 1347 in
1790 1327 1847 1347 uno
1871 1327 1918 1347 nc—

1076 1365 1195 1394 cessario
1216 1366 1292 1402 ponit
1313 1369 1339 1394 et
1360 1365 1462 1394 claudit
1483 1365 1644 1400 infinitatem
1667 1366 1693 1394 in
1715 1366 1782 1400 alio,
1804 1374 1867 1394 cum
1885 1367 1917 1394 ad

1076 1412 1144 1440 nihil
1166 1412 1250 1449 possit
1271 1420 1299 1440 se
1320 1412 1470 1441 extendere
1492 1420 1578 1440 unum
1599 1413 1656 1441 sine
1670 1413 1731 1441 alio.
1747 1429 1783 1433 —
1800 1413 1830 1441 Et
1851 1422 1920 1441 rrur-

1075 1468 1143 1493 sus,
1165 1467 1228 1487 cum
1250 1459 1276 1487 in
1298 1459 1489 1495 spiritualibus
1510 1459 1584 1487 idem
1598 1459 1633 1487 sit
1650 1459 1739 1487 maius
1759 1463 1786 1487 et
1807 1459 1920 1493 melius;

1076 1514 1139 1534 eum
1161 1506 1283 1542 aequalis
1305 1506 1432 1534 honitatis
1447 1506 1481 1534 sit
1495 1506 1613 1534 essentia
1630 1509 1657 1534 et
1667 1506 1806 1542 potentia,
1828 1514 1920 1534 neces—

1077 1552 1149 1581 sario
1170 1555 1196 1580 et
1217 1552 1340 1588 aequalis
1360 1552 1412 1580 erit
1434 1552 1583 1580 infinitatis.

1156 1599 1195 1626 Ex
1218 1599 1269 1626 hoe
1284 1598 1369 1626 verbo
1384 1606 1531 1634 possumus
1544 1598 1692 1626 manuduci
1715 1598 1748 1626 ad
1767 1598 1920 1635 intelligeu-
1928 1610 2053 1629 emmaum

1077 1645 1158 1678 dum,
1174 1645 1311 1681 quomodo
1327 1644 1486 1680 simplicitas
1502 1652 1554 1672 non
1577 1647 1713 1681 repugnat
1734 1644 1917 1673 immensitati.

1076 1691 1102 1719 Si
1125 1691 1212 1724 enim,
1228 1693 1258 1718 ut
1273 1690 1338 1718 dicit
1352 1690 1521 1726 Augustinus
1532 1690 1551 1724 ⁷,
1572 1702 1584 1715 a
1597 1690 1666 1719 idem
1682 1694 1722 1719 est
1737 1691 1773 1719 ihi
1788 1691 1878 1720 maius
1892 1695 1918 1720 et

1076 1737 1175 1765 melius
1186 1748 1213 1769 »ς
1229 1737 1300 1765 sicut
1310 1739 1401 1773 potest
1410 1737 1523 1774 intelligi
1533 1760 1539 1771 ,
1551 1737 1624 1774 quod
1636 1745 1743 1766 summe
1755 1738 1872 1774 simplex
1884 1739 1918 1766 sit

1076 1784 1218 1820 optimum
1226 1806 1234 1817 ,
1247 1783 1284 1811 ita
1294 1785 1383 1820 potest
1395 1786 1421 1811 et
1432 1784 1614 1816 mammam,-
1629 1784 1699 1812 sieut
1712 1784 1793 1812 etiam
1805 1784 1917 1820 intelligi

1076 1832 1181 1866 potest,
1203 1830 1277 1866 quod
1299 1837 1405 1859 summe
1426 1830 1543 1866 simplex
1564 1830 1599 1859 sit
1618 1839 1730 1859 summe
1748 1834 1864 1867 potens,
1880 1831 1918 1859 sie

1077 1876 1189 1913 intelligi
1211 1879 1316 1913 potest,
1337 1876 1411 1913 quod
1426 1877 1460 1905 sit
1474 1877 1723 1914 simplicissimum
1737 1880 1764 1906 et
1785 1877 1919 1914 infinitis-

1076 1924 1203 1957 simum;
1224 1923 1295 1952 sicut
1309 1923 1421 1960 intelligi
1436 1926 1538 1960 potest,
1560 1923 1633 1960 quod
1648 1924 1682 1952 sit
1696 1924 1824 1953 omnibus
1841 1932 1919 1961 prae-

1078 1978 1140 1999 sens
1161 1978 1210 2006 per
1238 1970 1413 2007 potentiam,
1435 1970 1473 1998 sie
1495 1973 1521 1998 et
1541 1978 1591 2007 per
1611 1971 1781 2004 essemz'am;
1801 1974 1828 1999 et
1849 1971 1920 2000 sicut

1078 2017 1169 2045 omnia
1189 2019 1347 2053 comparata
1367 2016 1400 2044 ad
1425 2016 1544 2044 divinam
1571 2017 1729 2053 potentiam
1751 2018 1828 2054 quasi
1851 2017 1919 2046 nihil

1078 2065 1206 2099 possunt,
1221 2063 1259 2090 sie
1273 2062 1364 2090 omnia
1379 2066 1536 2098 comparata
1549 2062 1583 2091 ad
1604 2054 1756 2091 essentiam
1777 2064 1855 2100 quasi
1868 2063 1918 2091 mi-

1078 2109 1183 2137 nimum
1199 2111 1271 2137 sunt.
1284 2124 1320 2129 —
1332 2108 1407 2136 Unde
1421 2112 1548 2144 respectu
1562 2109 1645 2137 divini
1661 2117 1719 2137 esse
1732 2109 1854 2137 mundus
1868 2109 1918 2137 iste
1927 2121 2050 2163 empnam

1077 2355 1138 2379 tem,
1155 2359 1247 2375 sursum
1263 2359 1359 2380 regens,
1382 2353 1491 2375 deorsum
1514 2353 1644 2380 continens;
1671 2356 1731 2374 extra
1757 2353 1916 2380 circumdans,

1076 2392 1171 2414 interius
1188 2395 1322 2420 penetrans;
1340 2398 1382 2414 nec
1400 2392 1441 2414 alia
1460 2398 1486 2414 ex
1509 2396 1573 2420 parte
1598 2392 1714 2419 superior,
1732 2391 1773 2413 alia
1800 2391 1915 2413 mserior...

1076 2430 1117 2452 sed
1135 2437 1194 2452 unus
1210 2431 1319 2459 idemque
1336 2433 1396 2453 totus
1417 2430 1503 2458 ubique
1529 2430 1681 2457 praesidendo
1706 2430 1832 2457 sustinens,
1849 2430 1913 2452 susti—

1075 2469 1151 2491 nendo
1167 2469 1302 2497 praesidens
1319 2472 1361 2491 etc.

1137 2507 1147 2520 ⁴
1163 2509 1258 2537 Propos.
1275 2508 1312 2530 47.

1138 2546 1147 2559 ⁶
1164 2547 1220 2575 Cap.
1236 2548 1258 2569 2.
1274 2554 1296 2569 u.
1314 2547 1343 2569 3:
1361 2547 1409 2569 Non
1426 2549 1461 2568 est
1477 2547 1537 2568 enim
1555 2549 1615 2569 certe
1633 2546 1712 2576 [Deus]
1731 2552 1773 2568 nee
1791 2549 1849 2568 terra
1872 2552 1914 2568 nee

1076 2587 1188 2608 caelum...
1205 2586 1249 2608 Nec
1265 2586 1283 2608 si
1301 2591 1387 2613 augeas
1404 2585 1567 2613 imaginatione
1584 2585 1727 2613 cogitationis
1752 2586 1826 2607 lucem
1844 2585 1913 2612 solis,

1075 2627 1186 2653 quantum
1203 2627 1281 2652 potes,
1297 2624 1346 2646 sive
1363 2630 1410 2652 quo
1427 2624 1455 2646 sit
1472 2624 1557 2652 maior,
1574 2624 1623 2646 sive
1640 2630 1686 2652 quo
1704 2624 1732 2645 sit
1755 2624 1848 2651 clarior,
1865 2623 1913 2645 mil-

1075 2664 1115 2686 lies
1132 2666 1218 2685 tantum
1236 2666 1275 2685 aut
1292 2662 1498 2690 innumerabiliter,
1515 2669 1590 2691 neque
1606 2664 1650 2685 hoc
1666 2666 1700 2685 est
1716 2663 1784 2684 Deus.
1801 2662 1845 2684 Nec
1856 2662 1915 2684 sicut

1076 2703 1204 2730 cogitantur
1226 2702 1331 2730 Angeli...
1353 2708 1399 2724 nee
1418 2703 1436 2726 si
1453 2708 1546 2728 omnes,
1563 2708 1617 2724 cum
1643 2702 1686 2723 sint
1710 2700 1786 2723 millia
1809 2699 1912 2723 matium

1075 2740 1148 2771 [Dan.
1163 2741 1189 2767 7,
1203 2741 1238 2763 ¹0.
1256 2744 1277 2763 et
1294 2741 1366 2769 Apoc.
1383 2741 1408 2768 5,
1422 2740 1481 2770 41.]‚
1495 2741 1515 2762 in
1533 2747 1605 2763 unum
1623 2740 1696 2762 collati
1715 2746 1774 2762 unus
1791 2740 1858 2766 flant,
1871 2746 1912 2761 nec

1075 2780 1118 2802 tale
1135 2779 1221 2808 aliquid
1242 2779 1304 2802 Deus
1329 2783 1385 2802 est...
1410 2781 1468 2802 Ecce
1485 2779 1550 2805 vide,
1567 2779 1584 2801 si
1603 2782 1680 2807 potes,
1697 2785 1711 2801 0
1732 2779 1830 2800 anima...
1852 2778 1914 2800 Deus

1075 2819 1158 2840 veritas
1175 2821 1216 2840 est.
1231 2829 1262 2834 —
1279 2818 1401 2840 Posuimus
1417 2818 1441 2840 z'n
1457 2814 1517 2841 'libro
1534 2819 1627 2845 octavo,
1641 2817 1703 2846 quod
1722 2817 1789 2839 DEG
1806 2816 1913 2839 omittunt

1074 2860 1097 2880 et
1113 2863 1155 2885 pro
1173 2863 1220 2885 quo
1236 2858 1254 2879 A
1264 2857 1280 2879 B
1297 2856 1322 2880 1²71,
1338 2856 1397 2880 libro
1411 2857 1500 2886 primo.

1136 2894 1146 2907 ⁰
1162 2896 1221 2918 Vide
1238 2896 1253 2918 l.
1271 2896 1332 2918 Sent.
1349 2895 1371 2918 d.
1389 2895 1426 2918 43.
1442 2902 1466 2923 q.
1483 2896 1505 2917 2.
1523 2895 1544 2917 in
1562 2901 1625 2923 corp.

1136 2932 1144 2946 ⁷
1162 2933 1222 2956 Libr.
1240 2934 1277 2957 Vl.
1294 2934 1323 2956 de
1340 2934 1403 2956 Trin.
1419 2940 1438 2956 c.
1457 2934 1478 2956 8.
1496 2940 1517 2955 n.
1530 2934 1551 2956 9.
1563 2934 1608 2958 CIr.
1622 2941 1691 2963 supra
1703 2940 1757 2962 pag.
1769 2934 1812 2960 75,
1824 2935 1876 2955 nota
1890 2931 1911 2953 4.

1790 2981 1795 3001 1
1807 2981 1811 3001 Ι
