2285 3398
49 828 119 847 Tertio.
133 827 157 846 de

55 852 156 870 rhetorica.

38 1015 113 1038 Triplex
127 1020 158 1037 ge-

36 1044 71 1057 nus
84 1044 158 1057 [lau-<118-

41 1156 69 1174 De
82 1156 159 1182 demon-

58 1181 141 1198 stram-o.

39 2701 160 2721 introductio.

790 181 820 208 tv
843 173 1065 208 ussxtiiiffinou
1087 178 1249 206 COLiATiO
1273 179 1301 206 v.

167 259 234 295 lysi,
258 259 282 286 id
309 262 350 287 est
379 259 563 292 resolutione,
585 262 612 287 et
642 259 666 286 iu
693 259 822 286 savitudo.
846 257 966 293 :⁷1iialvsi,
993 257 1017 285 it]

167 310 208 334 est
228 306 396 334 resolutione
413 306 438 334 in
454 314 565 334 causam
588 305 734 343 inserendi
754 309 778 333 ct
799 305 918 332 uss-endi.
936 320 971 324 —
989 304 1019 331 {it

168 353 234 390 quia
255 360 364 389 semper
386 361 439 381 non
456 355 544 389 potest
559 360 618 381 esse
635 352 756 380 inductio
773 360 820 388 per
837 350 1019 379 necessariam

167 399 452 436 argumentationem,
475 399 535 427 ideo
557 399 737 427 inveniuntur
762 398 817 427 loci
837 401 864 425 et
887 396 1019 425 habitudo

169 447 276 481 lot-alis,
299 455 370 483 quae
393 446 515 483 procedit
532 454 580 482 per
592 446 777 483 probabilia.
793 448 824 473 ut
838 445 893 473 loci
914 444 1019 481 topici,-

168 498 195 522 et
209 494 275 530 quia
290 494 315 521 iu
333 493 375 521 liis
390 493 461 521 radit
475 493 615 529 deceptio,
631 493 772 521 adduntur
792 492 846 520 lori
859 491 1018 529 sophislici,

168 544 199 569 ut
214 540 282 569 sciat
302 541 383 568 liomo
397 540 555 568 dissolvere.
572 539 646 568 Unde
665 540 817 568 dissolvens
839 548 891 567 non
913 542 954 567 est
977 547 1019 566 so-

168 588 318 623 puisat-us,
334 587 380 615 sed
398 587 485 615 verus
496 586 672 623 respondens.
691 587 721 614 Ιίι
736 587 799 623 quia
817 586 857 614 isti
876 586 947 614 modi
964 589 1019 614 tra-

169 635 240 662 liunt
254 634 389 671 originem
404 643 417 661 a
435 637 534 662 natura
550 641 644 662 rerum
658 650 694 653 —
707 637 737 661 ut
753 637 841 670 patet:
855 633 947 661 fumus
961 636 1019 661 est:

169 689 236 718 ergo
264 681 334 717 ignis
356 681 406 709 t'uit
421 682 444 713 ³;
468 680 544 709 lorus
569 680 604 708 al)
628 681 727 708 etl'ertu
743 697 781 700 —
797 680 856 708 ideo
877 680 1019 708 adduntur

170 728 262 756 decem
276 728 529 765 praedicamenta,
544 727 686 755 adduntur
701 728 782 755 etiam
798 727 1018 755 enuntiationes.

249 777 294 804 21.
317 776 409 804 'l'ertia
425 774 566 803 irradiatio
580 778 636 808 est,
652 783 708 811 qua
723 783 800 803 mens
816 774 972 802 illustratur
986 774 1018 802 ad

168 823 406 859 pei-sumamma
430 822 471 851 vel
495 821 681 849 inclinandum
704 822 842 853 animum:
860 822 910 849 lior
926 821 956 849 fit
971 828 1020 857 per

170 868 345 897 rhetoricam
361 871 379 897 Β.
404 869 479 898 l'nde
501 869 597 897 rlietor
612 873 721 905 oportet
736 870 809 906 quod
826 868 969 905 provideat
983 869 1021 896 ri-

172 915 217 943 vili
239 916 365 949 utilitati,
389 916 434 944 nni
459 918 546 952 potest
567 923 627 943 esse
650 916 804 951 periculum
829 918 942 951 propter
966 915 1021 943 dis-

171 963 325 991 sensionem
347 963 512 991 animorum.
537 962 660 990 Procedit
681 966 773 990 autem
796 961 948 990 secundum
969 962 1022 989 tria

169 1010 301 1038 attributa
324 1014 351 1038 et
373 1010 475 1046 triplex
491 1017 579 1046 genus
594 1017 708 1042 causae,
724 1009 827 1037 scilicet
841 1008 1021 1036 demonstra-

171 1057 263 1085 tivum
285 1060 312 1085 et
333 1056 552 1085 deliberatiuam
574 1059 602 1084 et
625 1056 769 1084 iudiciale.

250 1105 295 1132 22.
320 1104 587 1132 Demonslratir'um
606 1112 761 1140 personae,
785 1106 815 1130 ut
836 1102 870 1130 ad
897 1102 1021 1135 laudem,

172 1150 213 1179 vel
236 1150 424 1187 vituperium:
447 1158 514 1187 ergo
536 1150 578 1178 vel
600 1153 642 1178 est
664 1150 723 1178 laus
745 1152 880 1186 quantum
902 1148 934 1176 ad
952 1148 1023 1176 bona

172 1197 304 1231 animae,
326 1205 398 1234 quae
419 1199 485 1225 sunt
507 1197 574 1230 tria,
590 1197 693 1225 scilicet
710 1197 813 1229 virtus,
833 1195 960 1229 scientia,
977 1203 1022 1223 ve-

172 1244 257 1277 ritas3
282 1244 322 1271 vel
344 1247 386 1272 est
409 1244 468 1272 laus
489 1247 625 1280 quantum
647 1243 681 1271 ad
702 1251 827 1280 corpus,
843 1242 946 1270 scilicet
961 1242 1022 1278 pul-

172 1291 296 1325 critudo,
318 1291 451 1319 fortitudo
476 1294 543 1325 etc.;
567 1291 608 1319 vel
637 1290 672 1319 de.
700 1290 777 1318 lionis
805 1289 962 1326 sin-tunae,
992 1292 1024 1317 ut

171 1337 297 1372 divitiae,
320 1338 478 1374 parentela,
500 1338 597 1374 patria.

1866 180 1922 210 353

1154 256 1200 284 223.
1226 256 1452 285 [ultim-atinum
1473 260 1514 285 est
1536 261 1663 294 respectu

1075 307 1102 331 et
1131 307 1196 331 tunc
1228 304 1427 339 persuadetur,
1456 304 1477 331 si
1506 304 1583 332 adest
1610 305 1772 339 saw-icas,
1794 304 1924 338 utilitas,

1076 350 1229 381 honestas.-
1253 351 1293 378 vei
1317 351 1501 386 persuadetur
1523 360 1576 380 non
1599 352 1674 385 lieri,
1694 352 1714 380 si
1731 352 1858 389 sequitur
1873 352 1925 380 da-

1075 406 1177 426 mnum
1188 421 1195 431 ‚
1216 398 1379 434 periculam
1391 422 1397 431 ,
1422 398 1595 427 inhonestas.

1155 444 1201 472 ⁹24.
1224 445 1316 472 Genus
1339 445 1476 473 [miserate
1498 446 1645 482 respondet
1659 447 1704 474 rei
1720 446 1834 484 factae,
1857 455 1927 484 quae

1078 491 1181 520 lialiet‘.
1191 492 1422 520 constitutionem
1431 515 1438 525 ,
1471 492 1669 521 ‹Joniecturam
1678 516 1686 527 ,
1718 493 1925 522 dubitationem

1078 539 1234 575 legitimam.
1252 539 1435 567 Iuridicialis
1448 539 1458 556 ³
1471 540 1635 568 constitutio
1646 543 1700 569 est.-
1717 553 1729 565 «
1742 541 1858 570 Fecisti?
1870 541 1926 569 Non

1077 586 1126 614 leci
1140 598 1152 619 ›,›
1168 597 1173 619 ;
1196 593 1267 622 quae
1289 586 1362 622 apud
1377 586 1445 615 alios
1461 586 1519 614 litis
1534 588 1701 616 contestatio
1716 591 1838 616 vocatur.
1857 588 1928 616 Con-

1078 632 1243 666 i'ceturatis,
1266 640 1329 661 cum
1351 632 1454 670 aliquid
1470 631 1619 661 atium-itur
1633 634 1667 662 ad
1682 635 1864 671 probandum.
1882 636 1928 664 Le-

1076 680 1172 716 gitima
1200 679 1343 708 dubitatio
1371 680 1532 709 iuridicialis
1557 684 1599 709 est
1619 681 1769 718 descriptio
1791 682 1929 710 iuridicia-

1077 727 1125 761 lis,
1147 726 1258 763 quando
1280 727 1383 755 factum
1405 727 1582 762 conceditur3
1599 728 1645 756 sed
1661 728 1782 757 defendit
1796 738 1839 763 se,
1856 729 1927 766 quod

1078 782 1131 802 non
1153 774 1187 802 sit
1210 782 1291 808 reus,
1313 774 1355 806 vel
1377 774 1443 811 quia
1465 775 1553 811 potuit
1576 774 1665 803 facere
1686 775 1720 803 de
1740 776 1868 804 mandato
1882 776 1930 804 ‹io-

1078 821 1161 855 mini,
1184 821 1226 849 vel
1247 821 1314 858 quia
1335 821 1439 850 debuit.

1157 869 1203 897 25.
1226 869 1263 896 Ad
1285 868 1337 897 hoc
1358 871 1466 903 autem,
1489 869 1562 906 quod
1585 869 1620 897 sit
1641 873 1738 906 potens
1759 874 1868 904 orator,
1885 879 1931 899 ne-

1078 923 1153 944 cesse
1174 918 1231 949 est,
1260 918 1291 943 ut
1310 915 1411 944 habeat
1430 916 1584 944 exordium
1607 916 1640 944 ad
1661 917 1823 953 captandam
1848 918 1930 946 bene-

1079 962 1226 991 volentiam
1248 970 1301 990 non
1324 962 1406 991 nimis
1427 963 1586 999 prolixum,
1609 972 1663 991 non
1684 964 1853 998 obscurum,
1875 973 1929 993 non

1078 1009 1251 1046 exquisitum
1263 1020 1269 1043 ;
1282 1009 1357 1046 quod
1370 1009 1469 1038 habeat
1483 1010 1697 1044 narrationem,
1711 1014 1742 1039 ut
1753 1010 1855 1039 sactum
1867 1019 1931 1039 nar-

1080 1059 1140 1089 ret;
1162 1059 1273 1091 postea,
1296 1058 1327 1084 ut
1348 1056 1488 1092 negotium
1511 1056 1693 1094 distinguam
1708 1060 1734 1085 et
1750 1060 1844 1086 caveat
1859 1058 1931 1086 mul—

1080 1102 1225 1130 titudinem
1242 1102 1371 1139 partium.
1388 1103 1483 1131 Postea
1498 1106 1604 1139 partem
1620 1111 1698 1131 suam
1719 1103 1867 1140 confirmet
1883 1112 1931 1141 per

1080 1149 1200 1177 rationes
1209 1159 1215 1183 ;
1238 1151 1333 1185 postea
1350 1149 1542 1177 adversarium
1556 1148 1683 1186 conlucet
1697 1154 1724 1178 et
1740 1151 1859 1179 rationes
1872 1151 1933 1179 eius

1080 1195 1206 1224 ostendat
1220 1195 1347 1229 frivolas;
1363 1199 1458 1232 postea
1471 1195 1634 1224 concludat.
1652 1197 1733 1231 item,
1749 1205 1860 1226 necesse
1875 1201 1932 1232 est,

1081 1245 1112 1271 ut
1133 1242 1233 1271 habeat
1254 1242 1462 1277 inventionem,
1478 1243 1713 1279 dispositionem,
1729 1244 1932 1279 elocutionem,

1080 1289 1256 1317 memoriam
1276 1293 1303 1317 et
1322 1289 1603 1326 pronuntiationem.

876 1461 1143 1509 COLLATIO
1178 1462 1227 1509 V.

338 1568 383 1601 De
411 1567 507 1612 prima
534 1566 648 1600 visione
676 1566 811 1599 tractatio
837 1565 991 1607 secunda,
1019 1577 1099 1611 quae
1126 1571 1172 1598 est
1197 1565 1235 1598 de
1264 1566 1349 1599 tertio
1376 1565 1460 1599 radio
1487 1566 1550 1599 sive
1576 1565 1614 1599 de
1641 1566 1765 1599 veritate

678 1636 829 1662 morum,
856 1631 885 1657 et
910 1624 948 1657 dc
974 1624 1122 1669 sapientia
1148 1624 1425 1669 contemplationis.

173 1732 351 1760 Summarum.
375 1749 410 1752 —
436 1731 633 1764 Introductim
654 1731 783 1768 repetitio
803 1731 1003 1768 praecedentis·
1024 1730 1104 1764 coll.,·
1125 1730 1232 1759 divisio
1252 1731 1332 1759 tertii
1351 1731 1450 1766 radii,
1472 1731 1525 1770 qui
1544 1735 1586 1760 est
1612 1733 1646 1761 de
1673 1732 1794 1761 veritate
1821 1741 1933 1762 morum

251 1786 276 1811 et
290 1782 421 1811 illustrat
434 1783 474 1811 ad
489 1783 549 1811 tria
564 1781 848 1820 compreliendeiula,
867 1783 890 1810 1.
907 1798 944 1803 —
960 1782 1026 1810 Pars
1041 1782 1058 1809 l.
1074 1782 1113 1810 De
1134 1782 1382 1819 comprehensione
1400 1782 1599 1812 modestiarum
1614 1783 1705 1820 quoad
1720 1784 1934 1813 exercitationes

251 1833 511 1867 consuetudinales;
532 1842 583 1861 sex
603 1833 768 1862 medietates
789 1833 948 1870 eliguntur,
971 1834 998 1862 2.
1025 1849 1061 1853 —-
1087 1833 1208 1867 Primo,
1229 1833 1264 1861 de
1285 1834 1493 1871 temperantia,
1517 1833 1576 1863 3-5.
1593 1851 1627 1854 —-
1645 1834 1793 1869 Secundo,
1815 1835 1849 1864 cte
1869 1844 1934 1864 mu-

956 1885 972 1895 ,-

252 1884 418 1922 nisicentia,
440 1885 466 1913 6.
488 1901 529 1905 —
555 1885 666 1918 Tertio,
688 1885 722 1913 dc
743 1883 933 1922 fortitudine,
958 1892 981 1912 1.
1005 1901 1043 1905 -—
1066 1884 1195 1920 Quarto,
1217 1884 1252 1913 de
1271 1885 1512 1919 mamuetudine,
1535 1886 1561 1913 8.
1585 1903 1623 1907 —
1646 1886 1769 1922 Quinto,
1794 1886 1829 1914 de
1857 1886 1934 1915 beni-

252 1937 379 1974 =onitate,
401 1937 427 1964 9.
450 1952 488 1956 ›—
510 1935 611 1970 Serto,
633 1935 667 1964 de
687 1935 948 1973 magnanimitate,
973 1936 1016 1964 10.
1041 1952 1076 1955 -
1098 1935 1162 1964 Hae
1181 1943 1232 1964 sea:
1253 1939 1399 1964 removent
1418 1936 1508 1970 vitia,
1534 1937 1576 1964 11.
1602 1953 1636 1956 —
1661 1936 1726 1965 Pars
1748 1937 1775 1965 ll.
1798 1937 1837 1966 De
1858 1945 1934 1966 com-

254 1987 437 2024 prehensione
465 1986 667 2016 industriarum
696 1986 787 2023 quoad
809 1986 1011 2022 speculationes
1031 1985 1238 2014 intellectuales.
1260 1986 1325 2014 Hae
1344 1989 1414 2014 sunt
1433 1986 1574 2020 scientia,
1595 1995 1665 2020 ars,
1686 1987 1863 2024 prudentia,
1884 1996 1934 2016 sa·

251 2039 381 2076 pientia,
404 2038 611 2075 intelliycntia;
626 2037 731 2066 divisio
745 2037 952 2073 speculationis
973 2036 1097 2073 duplex,
1116 2037 1158 2064 12.
1175 2052 1213 2057 —
1230 2036 1269 2064 De
1282 2036 1425 2073 sinyulis,
1444 2037 1487 2065 13.
1504 2052 1541 2079 -.
1557 2037 1623 2066 Pars
1638 2037 1677 2065 Ill.
1695 2037 1734 2067 De
1749 2039 1934 2075 comprehen-

254 2091 330 2119 sione
351 2089 498 2117 moralium
516 2088 684 2116 iustitiarum
699 2087 789 2123 quoad
805 2087 878 2123 leges
892 2086 1023 2123 politicas
1044 2086 1212 2114 Accenditur
1226 2085 1295 2115 llaec
1309 2087 1408 2125 quoad
1422 2091 1567 2126 quatuor,
1585 2088 1629 2117 14.
1645 2104 1683 2110 -
1698 2089 1820 2124 Primo,
1835 2090 1934 2128 quoad

255 2141 347 2169 ritum
368 2139 479 2168 colendi
500 2139 590 2166 Deum
613 2138 644 2165 in
664 2137 812 2174 sacrificio
832 2140 857 2165 ct
878 2137 981 2170 laude,
1006 2137 1102 2165 15-17.
1126 2154 1161 2157 —
1184 2137 1334 2172 Secundo,
1356 2138 1455 2176 quoad
1473 2137 1606 2176 formam
1626 2140 1813 2174 convivendi,
1835 2142 1879 2169 18.
1895 2158 1934 2163 --

261 2191 371 2223 'let-tio,
393 2188 491 2227 quoad
511 2196 648 2216 normam
661 2188 866 2224 praesidendi,
891 2188 934 2216 19.
959 2205 994 2208 —
1019 2188 1148 2224 Quarto,
1170 2188 1269 2227 quoad
1283 2197 1441 2218 censuram
1456 2190 1622 2225 iudicandi,
1639 2192 1685 2220 20.
1709 2208 1744 2212 —
1768 2191 1888 2220 Abusus
1903 2193 1934 2221 in

255 2240 301 2269 liis
321 2248 421 2268 novem
443 2239 588 2272 scientim,
611 2240 656 2267 21.
679 2255 717 2259 ——
740 2238 881 2276 Epilogus
901 2242 927 2267 et
947 2239 1093 2276 repetitio,
1116 2241 1162 2268 22.
1185 2256 1222 2261 —
1245 2240 1311 2269 Pars
1338 2240 1380 2269 lV.
1410 2241 1449 2270 De
1477 2242 1611 2279 sapientia
1639 2251 1655 2270 a
1677 2243 1848 2280 philosophis
1870 2252 1933 2280 pro—

254 2291 353 2325 missa,
376 2290 422 2318 ubi
445 2293 487 2319 est
507 2289 605 2318 divisio
627 2289 697 2318 lucis
717 2298 733 2318 a
754 2289 884 2319 tenebris.
913 2290 1031 2328 Triplex
1052 2291 1217 2326 conversio,
1233 2291 1279 2321 23.
1295 2308 1335 2313 —
1349 2292 1474 2321 Primus
1493 2293 1626 2330 yradus,
1645 2294 1794 2322 conversio
1816 2294 1934 2323 animae

254 2350 344 2379 saper
364 2350 394 2369 sc
415 2341 530 2378 ipsuum
552 2341 670 2370 animae
688 2341 834 2378 potentiae
855 2345 912 2370 tres
933 2345 959 2370 et
979 2342 1160 2380 operationes
1180 2351 1247 2377 sem,
1269 2344 1316 2372 24.
1332 2345 1378 2373 25.
1402 2360 1438 2365 --
1461 2344 1613 2373 Secundus
1630 2345 1763 2382 qradus,
1785 2345 1933 2373 conversio

254 2402 344 2431 super
365 2392 572 2430 Intelliyentias
592 2392 778 2429 spirituales,
800 2402 875 2432 quae
895 2397 965 2422 sunt
986 2393 1101 2422 lumina
1121 2397 1147 2422 et
1166 2394 1301 2431 specula,
1322 2403 1390 2424 cam
1410 2395 1570 2434 virtutibus
1584 2395 1713 2432 infimis,
1727 2396 1831 2424 mediis
1845 2399 1870 2424 et
1883 2404 1933 2423 su-

250 2444 379 2483 premis,
402 2444 448 2473 26.
469 2445 514 2472 27.
533 2460 568 2464 ——
590 2443 705 2472 Tertius
723 2444 857 2482 gradus,
878 2445 1027 2474 conversio
1047 2453 1137 2482 super
1158 2445 1288 2474 rationes
1309 2450 1460 2481 aeternas,
1482 2447 1528 2475 28.
1552 2461 1588 2467 --
1611 2447 1690 2475 Haec
1709 2446 1743 2484 fit
1764 2446 1932 2484 tripliciter:

250 2496 350 2534 primo
372 2495 595 2529 ratiocinando,
618 2496 664 2523 29.
687 2512 725 2515 —
746 2495 896 2530 Secundo,
917 2496 1107 2533 experiemlo,
1129 2496 1175 2525 30.
1197 2513 1236 2517 -
1265 2497 1376 2531 Tertio,
1398 2497 1596 2534 intelliyemlo,
1620 2498 1665 2526 31.
1689 2513 1725 2518 -
1749 2498 1788 2526 De
1813 2496 1858 2526 leis
1880 2497 1932 2526 tri-

256 2547 326 2581 bus,
349 2546 394 2576 32.
417 2563 457 2568 —
478 2546 634 2584 Epilogus,
656 2546 702 2575 33.

258 2648 282 2676 1.
312 2646 387 2675 Vidit
403 2646 479 2674 Deus
494 2645 603 2679 lucem,
626 2645 702 2683 qnod
719 2649 790 2674 esset
804 2645 896 2681 bona,
912 2650 937 2675 et
951 2646 1025 2675 divi—

174 2694 212 2723 sit
233 2694 325 2723 lueem
346 2702 366 2722 a
387 2692 532 2721 tenebris*
553 2694 604 2721 etc.
626 2692 736 2721 Dictum
764 2695 821 2727 est,
849 2693 924 2730 quod
946 2693 1025 2723 intel-

175 2741 301 2770 lectualis
322 2740 372 2769 lux
393 2743 435 2768 est
455 2739 572 2773 veritas,
594 2747 666 2776 quae
686 2742 728 2768 est
749 2739 859 2768 radians
880 2748 965 2777 super
983 2740 1025 2769 in-

1083 2646 1261 2684 telligentiam
1283 2647 1341 2676 sive
1362 2647 1530 2682 humanam,
1546 2648 1603 2676 sive
1617 2647 1783 2684 angelicam;
1805 2655 1876 2684 quae
1891 2647 1932 2675 in-

1081 2694 1316 2731 exstinguibiliter
1338 2694 1465 2729 irradiat,
1487 2695 1553 2731 quia
1575 2703 1628 2723 non
1645 2697 1734 2730 potest
1748 2694 1861 2730 cogitari
1877 2702 1931 2722 non

1081 2749 1149 2770 esse.
1182 2741 1296 2770 lrradiat
1324 2745 1418 2770 autem
1446 2741 1550 2779 aliquid
1580 2742 1746 2778 tripliciter:
1771 2745 1803 2778 ut
1831 2741 1932 2770 veritas

239 2861 247 2875 ¹
265 2863 378 2890 August,
396 2862 420 2884 ll.
437 2861 467 2884 de
484 2862 561 2884 Dortr.
579 2861 714 2889 christiana,
726 2867 747 2885 c.
759 2862 781 2885 l.
792 2869 816 2886 n.
828 2864 854 2885 t:
869 2864 942 2886 Fumo
960 2864 1024 2891 viSo,

176 2903 255 2930 ignem
268 2901 364 2925 subesse
375 2901 546 2929 cognoscimus.
559 2900 606 2924 Ctr.
617 2901 709 2929 noem„
720 2902 753 2925 ΙΙΙ.
765 2902 795 2924 de
806 2903 943 2926 Differentiis
954 2904 1025 2932 topic.

237 2940 247 2954 ²
264 2942 297 2964 De
314 2946 379 2970 seqq.
398 2941 439 2963 cfr.
456 2940 555 2967 Aristot.‚
573 2940 603 2962 de
620 2940 741 2963 Rhetorica
758 2942 788 2964 ad
804 2942 973 2970 Alexandrum;
988 2942 1026 2966 Ci—

175 2988 242 3011 cero,
260 2984 275 3006 1.
292 2983 314 3003 et
331 2980 355 3003 ll.
374 2980 479 3007 Rhetor.;
497 2980 585 3007 Boeth„
601 2979 640 3002 lv.
657 2979 686 3002 de
702 2980 839 3004 Differentiis
855 2982 925 3010 topic.

269 3028 296 3052 S.
313 3027 402 3051 Bonav.
417 3039 449 3043 —
466 3027 534 3049 Tom.
552 3026 580 3049 V.

1144 2862 1154 2876 ⁸
1171 2865 1219 2887 lloc
1237 2865 1335 2887 termino
1351 2864 1420 2887 utitur
1437 2864 1530 2891 Cicero,
1547 2864 1559 2886 l.
1580 2864 1672 2886 lliietor.
1690 2870 1709 2885 v.
1735 2864 1767 2885 Μ.
1786 2862 1855 2891 (ibid.
1869 2868 1889 2884 c.
1902 2862 1930 2883 8:

1082 2903 1182 2926 Fecisti?
1200 2904 1250 2926 Non
1268 2904 1324 2933 feci)
1342 2906 1365 2926 et
1382 2903 1464 2931 Topic.
1481 2909 1500 2925 c.
1519 2903 1556 2925 25.

1144 2942 1155 2955 ⁴
1172 2943 1229 2966 Gen.
1247 2943 1268 2970 t,
1286 2943 1308 2966 4.
1324 2955 1356 2960 —
1373 2944 1437 2972 Quae
1454 2942 1587 2964 immediate
1609 2944 1661 2970 post
1686 2942 1812 2963 atteruntur
1829 2939 1930 2968 exposita

1083 2984 1137 3004 sunt
1153 2982 1174 3004 in
1193 2983 1268 3005 collat.
1287 2982 1307 3005 4.

1805 3012 1885 3048 ω’

1753 258 1908 296 fite-iem
1916 282 1923 292 ,
1938 262 1965 281 no
1978 262 2049 280 detite-

1961 285 2027 304 ratim.

1942 448 1968 466 lle
1979 448 2068 467 iudiciali.

1964 871 2005 890 Atia
2020 875 2073 894 prae-

1944 895 2011 913 stanna
2021 894 2044 912 ab
2053 899 2073 913 o-

1944 920 2012 937 ratore.
