2285 3398
723 234 894 263 {TtNEnfflu
914 233 1035 263 MENTIS
1057 233 1087 261 ΙΝ
1107 233 1200 261 DEUM
1221 232 1391 262 SCHOLION.

187 309 235 331 fleri
253 313 328 337 potest
345 311 469 341 arguendo·
482 315 504 334 ct
520 312 659 334 renubendo
676 311 706 334 ab
724 313 836 335 intellectu
859 310 1031 335 rationabiliter

176 347 355 378 maenianum,
373 351 496 377 perfectius
513 354 590 374 autem
607 352 632 373 tit
649 351 678 373 ab
690 352 773 374 eodem
787 352 913 374 illuminato
930 354 952 373 et
968 351 1032 374 inlel-

187 386 317 411 lectualt'ter
336 389 566 417 .‹·ontemptante.i-
582 390 645 412 Ordo
668 390 704 412 hic
727 390 827 420 ndentes„
841 390 931 417 vulgari
950 390 1031 412 intelle-

187 425 232 448 ctui
250 425 364 449 obscurus
381 431 404 450 et
419 429 467 450 tere
486 429 589 456 ignotus,
607 435 618 451 a
637 430 658 452 S.
677 430 851 457 Bonavcntura,
868 430 929 451 duce
946 430 969 452 S
986 430 1032 451 Au-

187 465 290 493 gastina,
308 467 434 495 praecipuo
451 467 533 496 vstudio
558 469 578 490 iu
602 474 671 496 capp.
687 469 710 490 2.
727 469 748 490 3.
767 468 788 491 5.
806 469 827 491 o.
845 468 1033 496 proponitur,-ut

179 505 268 527 oculus
285 507 479 534 contemplativus
495 508 602 530 transeat
624 507 654 529 ad
676 507 754 529 divina
772 508 959 536 contemplanda.
977 508 1033 536 Sup-

186 544 263 571 posito
285 544 367 572 triplici
391 545 436 567 illo
449 551 505 572 esse,
520 546 625 568 ciusdem
643 546 688 573 rci,
705 546 755 568 tatis
767 546 885 568 .trnnsitus
907 552 953 568 non
976 546 1033 569 ‹tim-

186 583 258 605 culter
273 584 416 612 intelligitur;
428 587 527 607 attamen
546 584 605 607 bene
622 585 787 607 attendendum
800 588 846 613 est,
858 586 922 614 quod
940 586 983 607 ulia
999 588 1034 608 est

186 622 243 644 ratio
260 625 281 645 et
299 623 348 651 via,
360 630 406 652 qua
423 624 549 646 intellectus
562 625 646 646 transit
658 624 687 646 ab
698 625 780 653 ordine
797 625 860 647 reali
876 625 905 647 ad
922 624 1032 653 idealem,

186 663 209 683 et
219 662 275 689 alia,
286 669 332 691 qua
350 663 380 685 ab
397 664 441 691 hoc
459 663 563 686 ascendit
580 663 609 686 nd
627 664 734 686 ordinem
749 664 856 687 divinum
873 665 925 693 (cfr.
943 664 972 686 de
987 665 1033 686 hot·

186 700 319 724 Dissertatio
336 702 374 724 cit.
391 708 445 731 pag.
463 703 554 732 22-25).

250 740 270 762 5.
287 740 446 764 Communiter
462 742 548 770 antiqui
559 742 691 764 Scholusti‹·i
706 749 759 765 cum
773 743 794 765 S.
808 743 897 765 Thomu
911 743 950 771 (tle
962 742 1033 766 Verit.

185 785 208 808 q.
222 780 259 801 22.
271 786 291 802 a.
303 781 326 802 2.
338 781 367 803 ad
381 781 412 810 l.)
424 781 565 808 docuerunt,
580 790 591 802 α
603 782 668 810 quod
683 783 760 809 omnia
773 783 938 810 ingnoscentin
950 789 1033 812 cayno·

173 820 255 841 «scunt
274 819 396 849 implicite·
409 821 484 843 Deum
501 820 525 844 in
543 819 646 850 quolibet
668 821 783 850 coym'to.»
805 822 856 850 (etr.
879 822 916 845 cit.
939 820 1033 851 Dissert.

184 862 240 885 pag.
259 858 296 881 47.
313 859 365 887 ⁴8);
385 862 407 882 et
423 859 553 882 secundum
565 860 630 881 han«-
647 859 785 889 implicitam
798 864 820 883 ct
836 860 962 890 confusam
978 866 1033 890 qua-

185 895 332 925 lemcumque
344 898 500 925 cognitionem
517 897 568 921 dici,
580 904 649 925 posse
665 902 782 926 asserunt,
800 899 931 921 naturaliter
955 902 1032 927 notam

185 941 235 958 esse
252 936 394 959 existentiam
412 937 451 959 Dei
463 936 497 966 (S.
511 936 607 964 Titum„
619 938 640 960 S.
653 938 709 966 l.,q.
721 938 778 960 2521.
788 938 810 961 t.
827 938 856 960 ad
875 938 915 967 t.).
936 947 946 958 «ι
958 939 1032 961 Motus

180 979 241 1003 ‚ergo
258 975 329 997 nostri
346 975 486 1003 intellectus..
503 975 567 998 dum>
582 976 698 1004 intelligit,
714 976 771 999 dum
788 977 949 1003 ratiocinatur,
966 983 977 998 a
996 983 1031 999 co-

185 1013 287 1041 gnitione
304 1014 418 1044 implicita
434 1014 475 1037 Dei
493 1015 572 1044 incipit
589 1018 611 1037 et
628 1015 649 1037 in
667 1016 823 1043 cognitionem
840 1016 970 1044 explicitam
991 1015 1031 1038 Dei

184 1053 319 1075 terminatur
330 1062 356 1081 ’3
371 1055 403 1076 ita
421 1055 450 1077 cl.
461 1054 485 1077 Ρ.
497 1054 576 1082 Lepidi
589 1054 615 1076 Ο.
627 1054 708 1077 Praed.
726 1054 826 1083 (period.
842 1053 915 1077 Divus
928 1053 1031 1077 Tltomtw

185 1091 254 1119 ⁴88⁴,
270 1098 294 1115 n.
315 1093 351 1115 tt.
368 1093 452 1123 seqq.).

247 1131 270 1153 6.
286 1131 345 1153 lnter
368 1134 468 1155 mentem
491 1133 617 1156 humanam
643 1135 666 1154 et
689 1132 777 1160 Deum,
799 1136 914 1161 quatenus
938 1136 973 1155 est
995 1139 1030 1155 su-

184 1175 264 1198 prema
286 1176 377 1194 amasa
402 1170 506 1199 essendi,
528 1171 586 1194 ratio
612 1171 752 1199 intelligendi
777 1174 799 1194 et
823 1171 882 1194 ordo
904 1172 1030 1199 vivendi»,

183 1209 245 1231 nulla
262 1212 375 1232 creatura.
388 1213 423 1233 est
449 1210 598 1238 intermedia;
615 1212 660 1234 hoc
686 1214 762 1234 tamen
786 1217 832 1234 non
849 1210 957 1239 impedit,
974 1217 1030 1240 quo-

183 1247 261 1271 minus
278 1251 396 1271 creaturae
413 1248 458 1276 sint
475 1249 579 1271 medium
596 1249 723 1279 disponens
740 1252 763 1272 et
778 1249 845 1279 quasi
870 1250 1031 1272 manuducens

183 1287 213 1310 ad
229 1287 386 1316 cognitionem
403 1288 455 1315 Dei,
473 1291 498 1311 ut
515 1287 575 1311 bene
591 1289 689 1316 explicat
706 1290 728 1311 S.
745 1289 832 1311 Bonav.
849 1289 865 1311 1.
882 1289 943 1311 Sem.
961 1288 985 1311 d.
1002 1289 1031 1312 .³.

182 1332 207 1354 p.
223 1326 239 1349 1.
255 1333 279 1355 q.
296 1327 318 1350 3.
334 1327 364 1350 ad
383 1327 404 1350 t.
419 1330 443 1350 et
460 1328 484 1350 ΙΙ.
504 1328 569 1350 Sent.
585 1327 608 1350 d.
627 1328 649 1350 3.
666 1334 691 1356 p.
712 1328 736 1350 ΙΙ.
753 1334 774 1350 a.
792 1329 814 1350 2.
831 1334 855 1356 q.
873 1328 896 1350 2.
913 1328 943 1350 ad
960 1328 981 1350 6.
998 1340 1030 1345 —

182 1365 245 1388 Licet
261 1365 330 1394 igitur
351 1367 477 1389 intellectus
499 1368 615 1389 humanus
641 1367 662 1389 in
674 1380 677 1383 Δ
690 1369 749 1389 statu
772 1367 823 1389 viae
841 1367 937 1389 minime
954 1367 1029 1390 Deum

182 1408 308 1433 cognoscat
324 1405 467 1434 immediate,
487 1406 530 1429 sed
542 1409 629 1429 tantum
641 1406 663 1428 in
678 1406 773 1434 speculo
786 1409 943 1429 creaturarum
951 1416 957 1434 ;
968 1410 1030 1430 recte

183 1447 258 1466 tamen
281 1445 364 1468 dicitur
382 1445 404 1467 in
421 1451 446 1467 se
462 1445 513 1473 ipso
531 1444 671 1468 coniunctus
686 1445 748 1473 Deo,
765 1445 814 1468 Deo
827 1445 972 1475 promimus,
992 1447 1030 1469 vel

179 1483 317 1513 perlinyens
338 1483 370 1506 ad
386 1484 473 1511 Deum,
494 1486 519 1506 ut
541 1484 628 1512 passim
649 1484 750 1507 occurrit
769 1484 809 1506 hic
831 1490 850 1506 c.
874 1485 896 1507 2.
919 1487 941 1507 et
963 1485 986 1508 3.
1008 1488 1031 1508 et

182 1522 245 1550 apud
270 1523 423 1551 Augustinum
449 1522 584 1549 docentem,
602 1525 708 1545 naturam
734 1523 899 1551 intelligibilem
925 1524 1032 1547 connecti

182 1568 227 1584 non
245 1562 320 1584 solum
338 1560 529 1590 intelligibilibus,
552 1567 635 1584 verum
660 1562 729 1584 etiam
752 1562 935 1586 immutabilibus
959 1563 1030 1586 rebus

182 1601 208 1629 (l.
218 1601 317 1623 Retract.
328 1607 348 1623 c.
361 1601 383 1623 8.
395 1607 417 1623 ιι.
429 1601 470 1630 2.).
481 1600 557 1623 Monet
568 1603 645 1623 tamen
657 1601 797 1629 Seraphicus
812 1602 914 1631 (Quaest.
928 1603 989 1631 disp.
1000 1603 1030 1626 de

181 1640 274 1663 scientia
290 1639 386 1667 Christi,
398 1646 421 1669 q.
433 1639 456 1662 4.
470 1640 500 1662 ad
518 1640 577 1669 l⁹.):
594 1648 604 1660 a
616 1640 684 1662 Pauci
695 1643 757 1668 sunt,
774 1641 814 1669 qui
832 1641 874 1663 isto
892 1641 963 1664 modo
981 1642 1030 1664 inas

180 1680 280 1702 rationes
296 1679 369 1702 sciant
385 1685 410 1702 se
427 1679 552 1707 attIngere;
570 1679 655 1707 immo,
666 1679 731 1708 quod
745 1680 797 1708 plus
813 1683 861 1708 est,
877 1681 946 1709 pauci
963 1684 1029 1708 sunt,

180 1719 220 1748 qui
229 1719 300 1742 velint
311 1719 355 1741 hoc
366 1718 474 1746 credere,
486 1718 541 1747 quia
552 1718 645 1740 difficile
657 1718 748 1741 videtur
760 1719 883 1742 intellectui
895 1720 924 1742 ad
937 1723 1036 1742 aeterna-

181 1758 358 1786 contemplanda
384 1757 488 1780 nondum
514 1758 617 1785 elevat0,
635 1758 699 1786 quod
717 1758 746 1780 ita
763 1758 848 1781 habeat
865 1759 938 1782 Deum
965 1765 1030 1788 prae-

180 1800 268 1820 sentem
285 1800 308 1820 et
324 1797 497 1826 propinquum,
509 1802 562 1819 cum
580 1799 657 1819 tamen
674 1797 736 1819 dIcat
752 1797 836 1820 Paulus
853 1797 911 1827 (Act.
925 1798 961 1826 47,
974 1798 1029 1828 27),

180 1837 244 1866 quod
260 1843 309 1859 mm
326 1836 395 1865 lonae
411 1837 446 1858 est
460 1834 491 1858 ab
506 1841 649 1865 unoquoque
665 1837 805 1859 nostrum».

242 1876 266 1898 7.
282 1875 419 1898 Communis
435 1875 489 1897 item
507 1874 619 1897 sententia
641 1877 666 1897 ut
688 1877 776 1897 certum
799 1875 868 1898 docet
884 1882 1029 1900 concursum

181 1915 224 1938 Dei
238 1914 385 1945 generalem,
403 1914 505 1936 activum
523 1916 545 1935 et
562 1913 722 1936 immediatum
740 1914 770 1936 ad
791 1914 906 1943 quaslibet
928 1916 1030 1939 actiones

181 1956 350 1981 creaturan-urm
362 1952 424 1975 unde
440 1961 450 1972 u
463 1953 541 1975 lumen
552 1955 655 1974 creatum
673 1958 718 1974 non
736 1955 813 1981 potest
823 1953 936 1981 perficere
947 1961 1030 1983 opera-

180 1993 267 2015 tionem
284 1998 350 2014 suam
367 1991 455 2021 absque
470 1990 554 2021 aliqua
570 1991 734 2021 cooperatione
751 1991 849 2016 luminis*
861 1992 974 2022 increati,
988 2000 1030 2023 per

180 2031 245 2061 quod
262 2031 403 2053 illuminatur
420 2031 495 2053 omnis
512 2031 595 2057 homo,
613 2031 653 2059 qui
671 2031 734 2053 venit
756 2031 779 2053 in
802 2032 863 2054 hunc
880 2033 995 2056 mundum
1007 2042 1030 2057 n.

181 2072 214 2100 (S.
225 2072 321 2098 Bonav.,
338 2071 363 2093 ΙΙ.
380 2071 442 2093 Sent.
460 2070 482 2092 d.
500 2071 537 2093 28,
555 2076 576 2092 a.
593 2071 616 2092 2.
632 2076 656 2099 q.
673 2071 696 2093 3.
712 2071 736 2093 in
752 2071 836 2101 corp).
851 2071 907 2094 Nam
924 2081 934 2093 ιι
947 2073 969 2095 in
985 2074 1030 2096 hoc

181 2110 290 2133 continuo
307 2110 368 2132 Deus
393 2111 502 2137 operatur
527 2108 551 2131 in
571 2111 661 2136 mente,
683 2109 748 2138 quod
765 2109 787 2132 in
805 2110 854 2138 ipsa
871 2111 950 2134 lumen
966 2115 1029 2134 natu-

180 2149 228 2171 rale
245 2151 324 2171 causat
348 2150 371 2172 et
393 2148 473 2178 ipsam
498 2147 581 2177 dirigit
595 2147 628 2171 ad
647 2147 791 2177 videndum,·
809 2152 831 2171 et
846 2149 882 2173 sic
899 2155 965 2173 mens
981 2157 1027 2173 non

140 2194 141 2197 ¹
180 2188 229 2211 sine
246 2188 380 2216 operatione
397 2193 481 2210 causae
498 2187 587 2215 primae
605 2187 627 2209 in
643 2193 711 2209 suam
728 2188 887 2216 operationem
900 2189 1024 2217 procedit»

181 2227 214 2256 (S.
226 2228 318 2254 Tuom„
330 2226 417 2255 Opusc.
429 2227 471 2254 63,
483 2226 532 2249 sive
544 2227 565 2248 in
578 2226 663 2249 librum
680 2227 766 2249 Boethii
780 2227 813 2250 de
827 2228 890 2250 Trin.
903 2235 927 2257 q.
940 2229 961 2252 l.
972 2235 994 2252 a.
1007 2230 1028 2252 l.

180 2267 210 2290 ad
228 2267 268 2296 6.).
285 2267 347 2289 Haec
373 2266 505 2288 immediata
527 2266 660 2294 cooperatio
684 2266 772 2294 primae
797 2267 854 2289 lucis
881 2271 976 2291 vocatur
997 2268 1028 2291 ab

180 2306 309 2334 Augustino
326 2309 348 2328 et
365 2305 511 2327 Scholasticis
528 2305 644 2333 quaedam
662 2306 774 2328 mentium
792 2305 918 2330 irradiata)
936 2307 985 2330 sive
1001 2307 1027 2331 il-

180 2344 318 2372 luminatio,
339 2351 400 2373 quae
425 2347 516 2372 praeter
541 2344 679 2367 intellectum
702 2348 804 2368 creatum
830 2352 872 2368 suo
898 2347 968 2370 modo
993 2350 1028 2370 est

179 2383 299 2413 quoddam
324 2379 463 2411 supremum
486 2382 649 2412 principium,
675 2389 721 2413 qao
746 2385 905 2413 cognoscitur;
922 2386 985 2413 sive,
1002 2389 1027 2408 ut
1054 2410 1056 2413 ,

181 2424 207 2451 S.
220 2423 308 2445 Bonav.
325 2423 391 2450 dicit,
409 2423 457 2450 ipsa
480 2425 515 2444 est
530 2422 588 2445 ratio
605 2422 706 2450 motiva,
724 2422 747 2445 in
763 2423 830 2446 aliud
851 2423 959 2453 auctiva,
977 2425 1026 2448 sive

180 2461 310 2492 requlans,·
327 2465 350 2484 ct
366 2463 410 2484 hoc
427 2467 495 2484 sensu
517 2470 527 2481 α
537 2461 566 2484 ad
584 2461 681 2484 modum
693 2462 824 2485 candelabri
837 2464 922 2486 relucet
934 2465 972 2487 lux
989 2456 1026 2486 v'e-

179 2501 251 2524 ritatis
268 2501 291 2523 in
309 2501 365 2523 facie
382 2503 474 2523 nostrae
491 2501 573 2523 mentis
585 2509 595 2521 ιι
612 2500 642 2529 (e.
660 2501 680 2523 3.
698 2507 721 2523 n.
740 2502 783 2531 Ι,);
802 2505 879 2525 tamen
895 2503 970 2531 prima
988 2504 1026 2526 lux

179 2547 226 2563 non
244 2543 278 2563 est
292 2539 449 2570 principiam,
467 2539 531 2569 quod
547 2539 652 2569 (directe)
670 2541 824 2569 cognosvitur,
841 2542 891 2564 sive
908 2542 1024 2565 obiectum

180 2580 325 2608 terminans,
345 2579 453 2609 quietnns
475 2582 497 2601 et
521 2579 546 2602 in
570 2585 595 2602 se
612 2579 707 2602 ducens.
724 2580 757 2602 De
775 2582 818 2603 hoe
835 2576 885 2609 agit'
899 2585 944 2605 tota
962 2589 984 2611 q.
1003 2583 1025 2605 4.

180 2619 237 2641 inter
254 2619 297 2648 Qq.
314 2619 400 2646 disput.
418 2618 447 2640 de
469 2617 563 2640 scientia
588 2617 683 2645 Christi,
700 2625 760 2647 quae
778 2620 852 2647 magis
869 2621 995 2648 explicatur
1012 2628 1024 2643 a

180 2658 257 2680 Matth.
267 2657 298 2680 ab
310 2658 453 2686 Aquasparta
467 2657 506 2685 (de
518 2657 587 2680 llum.
598 2656 740 2685 Cognitionis
751 2659 847 2687 ratione,
859 2665 914 2688 pag.
924 2660 1024 2688 87-108;

180 2698 221 2720 ct‘r.
241 2697 297 2720 ibid.
314 2697 407 2719 Dissert.
430 2697 467 2719 cit.
492 2703 546 2724 pag.
568 2697 655 2726 2644).
674 2698 762 2720 Summi
787 2700 897 2722 momenti
919 2703 953 2722 est
970 2703 1023 2722 tum

180 2737 236 2758 haec
253 2735 370 2759 distinctio
388 2736 445 2757 inter
461 2735 599 2764 cognitionis
613 2736 759 2765 principium
776 2743 823 2767 qao
840 2740 863 2760 et
874 2738 1023 2768 principium

180 2774 250 2804 qaod,
262 2775 311 2796 sive
328 2775 386 2796 inter
402 2773 506 2796 medium
524 2774 600 2803 (ratio)
618 2777 640 2796 et
656 2774 770 2798 obiectum
787 2777 958 2804 cognoscendi,
975 2780 1024 2800 tum

179 2813 288 2837 doctrina
304 2813 409 2836 omnium
427 2813 633 2841 scholasticorum,
650 2814 715 2842 quod
732 2814 818 2843 aliquid
830 2818 967 2843 potestesse
979 2822 1025 2838 me-

180 2853 244 2876 dium
267 2860 313 2883 quo
336 2850 385 2875 si've
410 2852 472 2875 ratio
489 2852 655 2882 cognoscendi,
676 2854 733 2882 quin
759 2854 835 2882 ipsum
860 2855 888 2877 sit
909 2855 1024 2879 obiectum

180 2892 330 2921 cognitionis,
347 2892 376 2914 ita
395 2894 418 2913 ut
434 2899 443 2911 a
456 2890 529 2914 lateat
544 2894 569 2914 ut
585 2891 702 2915 obiectum
719 2893 869 2922 cognitionis,
887 2895 929 2917 sed
943 2897 1026 2925 pateat

180 2934 204 2954 ut
213 2928 270 2953 ratio
279 2930 436 2959 cognoscendi
446 2938 456 2950 ι»
473 2930 515 2958 (sic
527 2931 603 2953 ltlatth.
615 2930 644 2953 ab
656 2932 807 2960 Aquasparta,
818 2939 842 2962 q.
854 2933 915 2962 disp.
927 2935 949 2957 3.
958 2934 987 2957 ad
997 2934 1010 2957 4
1017 2944 1024 2963 ;

180 2972 220 2993 cir.
233 2970 288 2993 ibid.
300 2970 330 2993 ad
342 2971 364 2992 6.
375 2972 397 2991 et
409 2970 431 2992 S.
444 2969 536 2997 Thom,
553 2970 569 2992 t.
585 2971 647 2993 Sent.
664 2970 721 2994 (1.»3.
732 2978 756 3000 q.
768 2971 789 2994 -Ι,
801 2972 831 2994 ad
843 2972 883 3001 5.).
900 2973 1025 3002 Praecipue

180 3012 275 3037 propter
292 3009 420 3037 neglectam
433 3009 492 3030 hanc
505 3008 673 3031 distinctionem
691 3013 713 3032 et
729 3010 856 3033 doctrinam
869 3014 961 3034 exortae
972 3016 1025 3035 sunt

181 3048 250 3070 falsae
266 3048 375 3070 itinerarii
394 3048 604 3075 interpretationes,
621 3048 649 3071 de
666 3048 752 3078 quibus
768 3050 877 3072 continuo
894 3050 994 3078 agimus.

1873 236 1929 264 315

1151 312 1174 333 Β.
1199 311 1237 333 itis
1259 312 1397 339 suppositis,
1421 312 1536 340 genuinus
1562 318 1644 335 sensus
1665 313 1796 342 aliquorum
1823 314 1932 342 loquendi

1089 350 1222 378 modorum,
1238 351 1278 379 qui
1296 357 1323 373 cx
1340 352 1469 379 Augustino
1486 353 1554 374 sumti
1572 355 1638 379 sunt,
1651 355 1729 380 patere
1747 355 1835 381 potest,
1858 353 1935 375 simul·

1084 395 1135 419 que
1153 390 1238 412 falsitas
1251 391 1401 422 quarundam
1420 392 1645 419 interpremtionum,
1662 398 1722 420 quae
1740 392 1857 420 duplicem
1874 398 1935 414 etro·

1088 434 1138 451 rem
1154 429 1277 456 seraphico
1295 430 1385 452 Doctori
1404 430 1572 458 imposuerunt.

1152 468 1228 490 Primo
1245 469 1306 491 enim
1325 469 1413 491 dit-tum
1429 472 1475 496 est,
1493 475 1547 491 eum
1569 470 1698 492 consentire
1722 470 1877 498 outologismo
1895 470 1937 491 Mtt-

1090 507 1229 534 lebranchii,
1246 508 1311 536 quasi
1330 508 1445 535 ‹lucaei-it,
1464 509 1570 530 veritates
1586 509 1747 531 intellectuales
1765 509 1873 536 cognosci
1889 508 1936 538 lm·-

1089 546 1184 570 amciter
1210 547 1231 568 in
1254 546 1383 569 rationibus
1407 548 1513 570 aeternis.
1538 546 1643 570 Attamen
1669 548 1773 571 eiusdem
1801 547 1937 570 testimoniis

1091 584 1287 613 irrefragabilibus
1300 586 1343 608 iam
1357 586 1423 617 wtics
1435 586 1619 609 demonstratum
1632 589 1677 614 est,
1690 586 1719 609 ab
1732 585 1782 615 ipso
1794 586 1881 609 admitti
1895 591 1937 614 pro

1090 626 1133 647 hac
1150 625 1195 647 vita
1212 623 1242 647 ne
1263 633 1273 645 u
1284 624 1371 647 exilem
1383 634 1393 645 ιι
1414 625 1511 654 quidem
1524 626 1623 653 gradum
1637 625 1786 649 immediatae
1802 626 1843 648 Dei
1860 625 1937 653 cogni-

1086 664 1165 691 tionis,
1184 670 1225 686 nec
1243 664 1264 685 in
1289 662 1407 687 altissima
1424 664 1620 694 cmuemplatwne
1636 666 1726 693 (saltem
1743 664 1877 694 ordinarie),
1893 669 1938 686 nec

1090 704 1162 726 ullum
1181 703 1301 725 transitum
1319 703 1349 725 ad
1366 703 1466 725 rationes
1482 706 1599 731 aeternas,
1615 704 1656 725 nisi
1674 709 1728 726 eum
1746 710 1794 732 quo
1812 703 1937 726 intellectus

1093 753 1104 764 a
1116 744 1222 765 transfert
1232 749 1258 765 se
1270 742 1300 764 ab
1312 742 1395 772 effectu
1407 742 1436 765 ad
1449 748 1530 765 causas
1539 752 1561 766 ιι,
1577 751 1587 762 a
1597 743 1662 765 Unde
1679 743 1696 764 si
1714 749 1775 772 quae
1791 740 1937 765 auctoritates

1085 781 1114 804 *id
1125 781 1201 803 dicere
1217 781 1369 808 Inveniantur,
1381 781 1446 810 quod
1459 781 1520 803 Deus
1532 781 1554 804 iu
1567 781 1681 809 praesenti
1694 781 1723 804 ab
1736 782 1829 804 homine
1846 782 1938 804 videtur

1086 823 1112 843 ct
1128 821 1237 848 cernitur,
1250 826 1295 843 non
1313 823 1366 842 sunt
1383 820 1558 848 intelligendae,
1570 821 1634 849 quod
1652 821 1743 843 videtur
1760 821 1785 843 in
1801 827 1847 848 sua
1863 827 1937 846 essen-

1088 859 1130 888 tia,
1143 859 1185 883 sed
1198 859 1262 889 qaod
1278 859 1303 882 in
1319 859 1400 889 aliquo
1417 859 1501 889 effectu
1518 859 1627 889 inferiori
1643 861 1810 888 cognoscitur»
1826 861 1861 889 (tt.
1873 861 1937 883 Sent.

1088 898 1112 921 d.
1129 899 1166 922 23.
1187 905 1209 922 a.
1232 900 1254 921 2.
1276 905 1300 927 q.
1321 899 1344 921 3,
1363 899 1386 920 in
1408 899 1491 927 corp.)
1509 899 1552 927 lpsi
1573 899 1654 926 Angeli
1675 899 1785 923 naturali
1804 899 1937 927 cognitione

1089 945 1134 965 non
1153 941 1259 967 poterunt
1276 938 1349 960 Deum
1367 944 1509 966 cognoscere
1526 938 1567 961 nisi
1589 948 1599 959 ιι
1612 944 1653 967 per
1669 938 1773 969 effectus.
1785 938 1938 966 Cognoscitur

1087 978 1165 999 autem
1182 977 1245 999 Deus
1262 983 1304 1005 per
1320 976 1416 1006 effectus
1432 976 1535 1000 visibiles
1551 980 1573 1000 et
1591 983 1632 1005 per
1643 976 1788 1000 subii-&mlius
1800 977 1937 1006 spirituales

1088 1019 1110 1038 et
1126 1022 1168 1044 per
1184 1015 1333 1045 influentiam
1350 1016 1448 1039 luminis
1465 1014 1631 1039 connaturalis
1645 1016 1764 1045 polentiae
1780 1016 1937 1045 commeanti,

1087 1055 1152 1083 quod
1169 1057 1203 1077 est
1219 1055 1346 1077 similitudo
1362 1055 1479 1084 quaedam
1497 1055 1549 1082 net,
1567 1061 1613 1077 non
1639 1054 1766 1082 abstracta,
1789 1055 1829 1078 sed
1856 1056 1938 1082 inlusa,

1089 1093 1182 1115 interior
1197 1093 1260 1120 Doo,
1277 1094 1332 1122 quia
1351 1094 1373 1115 in
1391 1094 1492 1115 interiori
1513 1096 1602 1120 natura,
1618 1094 1677 1116 sicut
1694 1094 1750 1116 dicit
1770 1094 1934 1121 Augustinus»

1087 1132 1135 1160 (tx.
1153 1132 1183 1154 de
1200 1132 1265 1154 Trin.
1282 1138 1301 1154 c.
1321 1133 1357 1154 tt.
1375 1139 1398 1154 n.
1416 1133 1472 1161 46).
1489 1132 1520 1154 lta
1537 1133 1562 1154 tt.
1580 1133 1641 1155 Sent.
1658 1133 1682 1155 d.
1693 1134 1716 1155 3.
1729 1139 1753 1161 p.
1769 1134 1794 1155 ΙΙ.
1804 1140 1827 1157 a.
1844 1134 1900 1162 211.
1913 1134 1935 1156 2.

1088 1171 1116 1193 ad
1135 1171 1157 1193 t.
1173 1170 1240 1192 Plura
1252 1171 1306 1193 vide
1324 1171 1340 1193 Ι.
1357 1171 1418 1193 Sent.
1432 1171 1455 1194 d.
1468 1171 1490 1193 3.
1507 1176 1531 1198 p.
1542 1171 1558 1193 l.
1571 1177 1594 1199 q.
1608 1171 1629 1193 l.
1641 1171 1745 1193 scholion
1757 1174 1779 1193 ct
1790 1171 1828 1193 cit.
1844 1171 1938 1194 Dissert.

1085 1215 1142 1237 pag.
1158 1209 1221 1231 7-12.
1231 1221 1263 1226 —
1274 1209 1357 1231 Mirum
1375 1209 1478 1236 videtur,
1495 1210 1560 1238 quod
1578 1209 1608 1231 de
1623 1209 1725 1237 genuina
1739 1210 1848 1232 doctrina
1863 1210 1886 1232 S.
1898 1210 1938 1232 Βο-

1088 1251 1229 1274 nayenturae
1253 1251 1349 1276 propter
1374 1248 1488 1276 quasdam
1514 1249 1574 1270 male
1600 1248 1725 1274 intellectas
1743 1249 1853 1271 formulas
1869 1249 1938 1271 huius

1076 1283 1195 1310 ‘itinerarii
1221 1287 1321 1315 potuerit
1344 1286 1458 1314 dubitari,
1484 1293 1537 1309 cum
1559 1287 1581 1309 in
1607 1287 1691 1310 eodem
1717 1288 1843 1310 clarissime
1864 1288 1897 1317 (c.v
1917 1289 1939 1311 Ι.

1087 1327 1109 1349 2.
1127 1327 1159 1355 3.)
1176 1332 1224 1349 ιιοιι
1240 1326 1284 1348 nisi
1300 1326 1461 1348 ascensionem
1483 1332 1499 1349 a
1523 1326 1642 1349 creaturis
1665 1327 1695 1349 ad
1712 1327 1787 1349 Deum
1804 1327 1898 1355 dooeat;
1915 1331 1938 1350 et

1086 1366 1182 1395 quando
1207 1365 1302 1389 adhibet
1325 1365 1397 1388 verba
1414 1365 1493 1389 videre
1510 1366 1598 1394 Deum,
1616 1372 1641 1389 se
1666 1366 1764 1395 explic&
1789 1366 1873 1390 additis
1888 1367 1938 1390 aliis

1086 1404 1173 1432 -verbis,
1186 1408 1222 1430 nt:
1238 1414 1248 1425 a
1261 1405 1339 1428 conari
1351 1404 1466 1428 debemus
1475 1411 1520 1435 per
1531 1405 1655 1435 spectatam
1667 1406 1747 1429 videre
1759 1406 1833 1429 Deum
1844 1415 1856 1427 n
1872 1406 1936 1435 (0.,3.

1088 1452 1110 1468 n.
1127 1445 1159 1474 Ι.)
1177 1448 1199 1467 et
1220 1445 1320 1467 «videre
1337 1445 1423 1473 poteris
1440 1445 1514 1467 Deum
1530 1451 1573 1475 per
1585 1447 1608 1469 le
1619 1448 1729 1475 tanquam
1742 1452 1784 1474 per
1800 1446 1937 1475 imaginem,

1087 1484 1151 1513 quod
1169 1487 1204 1507 ost
1220 1484 1301 1507 videre
1312 1490 1359 1514 per
1375 1484 1500 1514 speculum
1516 1484 1542 1507 in
1557 1484 1711 1514 acroamate»
1733 1484 1818 1515 (ibid.).

1150 1524 1173 1546 9.
1189 1523 1253 1546 Alius
1269 1529 1335 1546 error
1351 1523 1474 1551 impositus
1490 1526 1525 1546 ωε
1540 1524 1630 1546 auctori
1647 1526 1727 1547 nostro
1745 1530 1786 1552 per
1803 1525 1883 1547 salsum
1901 1530 1936 1547 ca-

1087 1562 1152 1591 pituli
1168 1562 1191 1585 5.
1209 1562 1432 1591 interpretationem,
1448 1562 1516 1591 quasi
1537 1563 1655 1591 docuerit,
1672 1566 1722 1586 tum
1747 1564 1811 1593 quod
1834 1564 1936 1592 primum

1087 1601 1207 1629 cognitum
1220 1601 1350 1625 intellectus
1361 1601 1559 1631 apprehendentz's
1576 1603 1605 1624 sit
1618 1608 1668 1626 esse
1679 1601 1798 1631 divinum,
1811 1605 1860 1625 tum
1872 1603 1937 1632 quod

1081 1646 1136 1663 esse
1158 1646 1284 1663 commune
1300 1640 1432 1662 confuderit
1447 1646 1501 1662 cum
1519 1646 1568 1663 esse
1592 1640 1680 1664 divino.
1696 1640 1807 1664 perversa
1831 1643 1887 1664 haec
1904 1642 1935 1664 in-

1087 1680 1219 1708 terpretatio
1235 1685 1332 1707 prorsus
1348 1679 1422 1701 aliena
1439 1682 1474 1702 est
1490 1685 1504 1701 a
1521 1682 1598 1702 mente
1615 1680 1639 1703 S.
1655 1680 1763 1703 Doctoris'
1776 1683 1799 1703 et
1814 1681 1936 1704 manifeste

1085 1718 1214 1741 excluditur
1239 1717 1436 1745 irretragabilibus
1452 1718 1571 1740 decu-inae
1588 1718 1716 1747 capitibus,
1728 1725 1789 1748 quae
1805 1722 1936 1742 constanter

1086 1761 1109 1780 et
1120 1757 1206 1786 passim
1219 1757 1307 1779 asserit.
1319 1757 1375 1779 Nam
1388 1757 1456 1780 docet
1472 1756 1551 1779 verbis
1567 1758 1742 1786 peremptoriis,
1753 1758 1819 1787 quod
1830 1759 1935 1787 divinum

1085 1802 1135 1820 esse
1151 1797 1174 1818 in
1199 1802 1224 1818 se
1245 1802 1287 1818 nec
1309 1799 1362 1818 ante
1386 1802 1430 1818 nec
1452 1799 1505 1824 post
1529 1796 1632 1824 primum
1658 1800 1780 1825 peccatum
1802 1797 1936 1822 anmediate

1086 1835 1196 1863 cognosci
1222 1835 1295 1863 possit
1301 1844 1307 1863 ;
1323 1835 1389 1864 quod
1405 1841 1453 1858 non
1470 1835 1611 1864 percipiatur
1628 1836 1671 1858 nisi
1689 1837 1710 1859 in
1728 1831 1834 1865 speculo
1846 1840 1936 1860 creatu—

1086 1880 1165 1896 rarum
1182 1877 1204 1897 et
1221 1880 1262 1902 per
1282 1874 1402 1902 ordinem,
1419 1879 1491 1903 quem
1507 1874 1603 1905 effectus
1629 1874 1716 1898 habent
1740 1876 1770 1899 ad
1787 1882 1882 1899 eausam
1909 1876 1935 1906 (Ι.

1087 1914 1149 1937 Sent.
1166 1914 1191 1936 d.
1213 1914 1236 1936 3.
1253 1920 1277 1942 p.
1299 1914 1314 1936 Ι.
1331 1920 1356 1943 q.
1374 1914 1394 1936 l.
1413 1914 1438 1941 25
1455 1914 1479 1936 ΙΙ.
1498 1914 1560 1937 Sent.
1576 1914 1601 1937 d.
1618 1914 1656 1937 23.
1673 1920 1693 1937 a.
1711 1916 1733 1938 2.
1750 1921 1774 1944 q.
1791 1916 1814 1938 3.
1835 1918 1858 1938 et
1882 1916 1935 1944 pas-

1086 1953 1152 1983 sim);
1170 1953 1238 1981 item,
1254 1953 1320 1982 quod
1335 1952 1438 1976 actualis
1454 1952 1579 1976 intellectio
1598 1954 1692 1982 incipiat
1702 1960 1717 1977 a
1728 1960 1811 1983 sensu,
1824 1955 1853 1978 ita
1865 1958 1890 1978 ut
1906 1954 1936 1977 ab

1087 1993 1240 2015 intellectione
1263 1993 1398 2021 imperfecta
1420 1995 1442 2015 et
1459 1994 1556 2015 confusa
1573 1994 1737 2021 progrediatur
1762 1994 1792 2018 ad
1817 1995 1936 2023 perfectio·

1086 2038 1136 2054 rem
1153 2035 1176 2055 et
1192 2032 1322 2061 explicitam
1340 2032 1392 2061 (cfr.
1408 2033 1434 2055 ll.
1446 2032 1508 2055 Sent.
1525 2033 1550 2055 d.
1562 2033 1638 2056 39..a.
1656 2033 1678 2055 t.
1694 2039 1718 2062 q.
1735 2034 1758 2056 2.
1779 2036 1802 2056 et
1818 2034 1935 2061 scholion,

1085 2077 1108 2094 n.
1126 2072 1150 2099 ΙΙ,
1167 2071 1191 2094 d.
1208 2071 1247 2094 25.
1261 2078 1287 2100 p.
1304 2071 1328 2094 ll.
1345 2078 1369 2100 q.
1387 2072 1412 2099 6;
1430 2072 1445 2094 l.
1463 2072 1526 2094 Sent.
1542 2071 1567 2095 d.
1583 2072 1605 2095 8.
1623 2078 1646 2100 p.
1664 2073 1688 2095 ΙΙ.
1706 2072 1763 2096 dub.
1781 2074 1807 2101 l;
1830 2074 1855 2096 ΙΙ.
1872 2074 1935 2096 Sent.

1086 2110 1109 2133 d.
1127 2111 1149 2133 Ι.
1164 2116 1191 2138 p.
1206 2110 1231 2133 ΙΙ.
1248 2116 1270 2133 a.
1287 2111 1309 2133 Ι.
1325 2117 1349 2139 q.
1366 2111 1388 2132 2.
1406 2110 1437 2132 ad
1454 2111 1480 2138 23
1498 2111 1531 2134 ΙΙΙ.
1544 2111 1606 2134 Sent.
1623 2111 1646 2134 d.
1658 2111 1696 2134 37.
1709 2111 1766 2135 dub.
1779 2113 1820 2142 l.).
1831 2113 1935 2142 Denique

1086 2150 1152 2172 toties
1174 2150 1284 2177 affirmat,
1301 2156 1351 2173 esse
1368 2149 1475 2173 divinum
1497 2156 1545 2173 non
1568 2156 1619 2173 esse
1640 2150 1665 2174 in
1687 2157 1780 2180 genere,
1801 2152 1842 2175 sed
1858 2158 1934 2182 supra

1084 2194 1154 2211 omne
1170 2194 1257 2218 genus,
1274 2194 1319 2211 nec
1335 2188 1475 2217 univocum,
1491 2189 1533 2212 sed
1545 2192 1635 2212 tantum
1651 2189 1783 2220 analogum
1796 2197 1850 2213 curn
1862 2191 1934 2213 omni-

1084 2227 1129 2250 bus
1146 2228 1230 2250 mentis
1247 2227 1408 2256 conceptibus,
1420 2228 1489 2251 etiam
1507 2228 1754 2252 transcendentalibus.

1147 2267 1243 2295 insuper
1259 2273 1287 2289 ex
1305 2268 1350 2289 hoc
1366 2267 1483 2289 itinerario
1501 2270 1524 2290 et
1540 2274 1567 2290 ex
1585 2268 1635 2296 ipso
1653 2274 1704 2296 cap.
1722 2269 1744 2291 5.
1758 2269 1874 2297 genuinus
1885 2275 1935 2292 sen—

1083 2312 1124 2329 sus
1140 2306 1241 2328 auctoris
1257 2306 1311 2328 satis
1328 2309 1434 2334 apparet.
1449 2318 1481 2323 -—
1498 2307 1555 2329 Nam
1574 2306 1655 2336 primo
1672 2308 1799 2330 clarissime
1815 2308 1883 2331 docet
1899 2315 1933 2331 or-

1083 2346 1162 2368 dInem
1179 2348 1202 2368 et
1218 2342 1306 2373 gradus
1331 2346 1470 2373 cognitionis
1495 2349 1517 2369 et
1534 2347 1755 2375 contemplationis,
1780 2354 1822 2376 per
1843 2354 1904 2377 quos
1918 2354 1932 2370 a

1083 2385 1194 2407 creaturis
1211 2384 1360 2407 ascendimus
1385 2385 1415 2407 ad
1440 2386 1578 2415 perfectam,
1595 2388 1708 2414 quantum
1728 2387 1760 2409 tas
1776 2389 1823 2414 est,
1840 2387 1879 2409 Dei
1897 2393 1933 2409 co-

1083 2424 1211 2452 gnitionem
1223 2423 1264 2452 .(e.
1281 2424 1303 2447 Ι.
1324 2430 1349 2446 n.
1366 2424 1407 2452 2.).
1424 2424 1526 2447 PrImum
1544 2424 1607 2446 enim
1630 2425 1730 2452 gradum
1753 2426 1819 2453 ponit
1836 2426 1857 2448 in
1875 2426 1929 2454 imo,

1083 2463 1216 2491 incipiendo
1233 2469 1245 2485 a
1263 2463 1352 2486 mundo
1367 2453 1485 2492 sensibili,
1503 2466 1528 2486 ut
1544 2470 1615 2492 supra
1633 2464 1666 2493 (n.
1685 2464 1715 2494 t.)
1733 2465 1879 2492 notavimus;
1891 2465 1932 2487 sci-

1083 2502 1136 2525 licet
1155 2511 1165 2524 ιι
1175 2505 1199 2525 ιιι
1216 2502 1381 2530 perveniamus
1398 2502 1428 2525 ad
1446 2503 1532 2531 Deum,
1549 2504 1640 2533 oportet
1656 2509 1700 2526 nos
1717 2503 1823 2526 oanni-e
1835 2509 1881 2533 per
1897 2509 1931 2526 ve-

1081 2541 1198 2570 stiyium»
1220 2541 1251 2570 (c.
1274 2541 1295 2564 t.
1317 2548 1340 2564 n.
1362 2542 1383 2564 2.
1407 2544 1429 2564 et
1446 2542 1487 2571 5.).
1502 2553 1534 2558 -
1551 2542 1687 2570 Superiores
1703 2544 1780 2564 autem
1798 2541 1885 2570 gradus
1901 2534 1931 2566 ab

1083 2580 1133 2608 ipso
1150 2580 1235 2603 deinde
1251 2580 1356 2609 explicati
1374 2584 1510 2609 supponunt
1527 2581 1702 2609 praecedentes.

1144 2619 1266 2648 Secundo,
1284 2620 1314 2643 de
1330 2621 1443 2650 conceptu
1460 2623 1502 2642 τοῦ·
1517 2626 1567 2643 esse
1584 2620 1629 2642 iam
1647 2620 1670 2642 in
1688 2620 1753 2642 tertio
1771 2620 1845 2648 gradu
1864 2620 1894 2648 (c.
1908 2621 1929 2653 3:

1082 2665 1105 2682 n.
1117 2659 1148 2689 3.)
1161 2662 1241 2681 auctor
1258 2659 1348 2682 locutus
1365 2662 1400 2682 est
1416 2659 1546 2682 secundum
1564 2659 1702 2681 intellectum
1717 2658 1930 2689 apprehendentem

1081 2701 1104 2720 et
1119 2697 1273 2722 resolventem
1285 2697 1350 2727 (vide
1360 2704 1431 2727 supra
1448 2705 1472 2721 n.
1489 2699 1520 2727 3.)
1526 2707 1533 2726 ;
1545 2697 1584 2720 ubi
1597 2698 1687 2726 dicitur,
1699 2698 1763 2727 quod
1779 2707 1790 2719 «ι
1802 2705 1847 2721 non
1866 2699 1930 2721 venit

1082 2737 1208 2759 intellectus
1224 2740 1302 2760 noster
1318 2738 1346 2761 ut
1359 2736 1428 2767 plene
1444 2737 1564 2761 resolvens
1577 2738 1715 2760 intellectum
1728 2737 1825 2760 alicuius
1841 2737 1929 2760 entium

1081 2780 1224 2803 creatorum,
1241 2776 1283 2799 nisi
1294 2777 1393 2800 iuvetur
1410 2776 1440 2799 ab
1458 2777 1577 2799 intellectu
1589 2777 1647 2799 entis
1665 2776 1803 2804 purissimi»
1824 2779 1867 2799 etc.
1879 2777 1929 2799 Non

1082 2815 1150 2843 igitur
1161 2816 1205 2838 nisi
1216 2816 1364 2839 ascendendo
1381 2822 1394 2838 a
1412 2817 1510 2839 causatis
1521 2816 1592 2839 rebus
1603 2819 1625 2839 et
1636 2812 1786 2843 resolvendo,
1805 2816 1876 2837 immo
1893 2821 1928 2837 re-

1081 2855 1194 2877 solvendo
1205 2861 1252 2878 non
1262 2855 1396 2885 semiplene,
1416 2856 1458 2879 sed
1470 2853 1553 2886 plene,
1573 2856 1700 2878 intellectus
1712 2855 1812 2883 concipit
1829 2861 1870 2877 ens
1888 2861 1928 2882 pu-

1081 2894 1199 2917 rissimum
1216 2897 1238 2917 et
1255 2894 1461 2918 absolutissimum.

1144 2933 1192 2955 Hoc
1209 2934 1341 2962 supposito,
1353 2934 1421 2956 etiam
1440 2934 1461 2957 in
1478 2940 1497 2956 c.
1511 2934 1533 2957 5.
1551 2941 1572 2956 n.
1590 2934 1612 2956 3.
1629 2934 1710 2961 triplex
1727 2933 1846 2960 distinguit
1862 2938 1923 2960 esse,

1082 2973 1131 2995 scil.
1148 2973 1171 2995 in
1184 2971 1255 2995 rebus
1267 2973 1338 3002 (extra
1351 2973 1402 3003 nos)
1419 2981 1429 2993 a
1441 2979 1491 2996 esse
1498 2972 1659 3002 particulare,
1674 2972 1739 3001 quod
1751 2974 1785 2994 est.
1796 2977 1845 2994 esse
1857 2974 1927 2993 arcta-

1082 3014 1145 3040 tum,
1156 3012 1211 3041 quia
1222 3012 1362 3040 permixtum
1374 3015 1409 3035 est
1421 3018 1474 3035 cum
1487 3011 1588 3040 potentia
1600 3020 1622 3039 »ς
1635 3012 1657 3033 in
1670 3011 1782 3034 intellectu
1795 3010 1861 3039 (intra
1873 3012 1925 3039 nos)

1086 3060 1096 3071 «ι
1106 3057 1155 3074 esse
1165 3051 1305 3081 analoqum,
1314 3052 1378 3081 quod
1391 3051 1486 3074 minime
1503 3050 1572 3073 habet
1589 3051 1618 3073 de
1635 3053 1698 3078 actu,
1711 3057 1738 3073 eo
1750 3049 1813 3078 quod
1831 3049 1926 3072 minime
