2285 3398
369 171 427 200 462
941 169 984 197 DE
1006 168 1105 198 DONlS
1126 170 1271 199 SPIRITUS
1292 170 1317 197 S.
1338 168 1501 197 COLLATlO
1522 169 1551 197 ll.

1011 452 1057 485 De
1086 452 1168 486 dono
1198 451 1312 485 timoris
1340 450 1472 484 Domini.

371 587 546 614 SUMMARIUM.
568 579 807 611 —⁷Introductio
828 586 853 610 et
877 581 1015 619 repetitio,
1040 583 1064 609 1.
1087 598 1125 602 —
1146 582 1257 619 Septem
1284 581 1430 609 donorum
1457 579 1516 608 duo
1544 579 1674 617 effectus.-
1695 580 1841 618 eaepellunt
1867 585 1973 618 septem
1996 586 2117 618 peccata

448 639 473 664 et
501 634 691 663 introducunt
718 637 822 670 septem
850 634 980 665 virtutes,
1003 633 1029 660 ἓ.
1052 632 1078 661 3.
1101 649 1137 653 —
1159 633 1229 669 Ipsa
1254 634 1396 668 petuntur
1418 630 1449 658 in
1470 630 1600 659 oratione
1625 631 1789 665 dominica,
1811 632 1838 660 lt.
1862 632 1886 659 5.
1910 648 1949 652 —-
1969 632 2118 661 Invitatur

448 686 489 714 ad
515 686 624 714 donum
653 685 784 718 timoris‚·
805 685 839 713 de
859 692 890 712 eo
912 684 972 712 tria
996 683 1226 717 consideranda,
1249 683 1274 711 6.
1299 698 1334 702 -—
1357 682 1422 710 Pars
1443 681 1460 709 l.
1482 681 1521 709 De
1549 681 1653 718 origine
1682 682 1789 711 timoris
1817 683 1934 711 Domini.
1959 683 2063 712 Oritur
2083 692 2119 712 er

450 737 560 774 triplici
580 735 827 765 consideratione:
846 735 946 772 primo
966 733 1155 762 sublimitatis
1173 734 1316 771 potentiae
1340 732 1406 766 Dei,
1423 734 1448 760 7.
1465 749 1504 753 -—
1518 732 1658 767 Secundo,
1675 733 1912 770 perspicacitatis
1932 733 2050 762 divinae
2070 743 2118 763 sa-

447 787 583 825 pientiae,
606 788 631 815 8.
648 803 686 807 —
707 786 814 820 Tertio,
836 785 999 814 severitatis
1020 784 1137 813 divinae
1156 785 1308 813 vindictae.
1332 783 1442 821 Septem
1464 786 1533 811 sant
1553 783 1665 812 iudicia
1686 784 1754 818 Dei,
1778 785 1855 812 9-19..
1878 801 1916 804 —
1938 785 1978 813 De
1999 783 2044 813 bis
2066 785 2118 813 tri-

448 839 502 867 bus
528 838 630 872 unitis,
656 838 698 866 13.
721 854 759 858 ——
780 837 846 865 Pars
867 836 895 864 ll.
921 836 960 864 De
987 835 1105 864 utilitate
1132 835 1264 864 eiusdem.
1293 834 1371 863 Valet
1398 834 1437 863 ad
1465 834 1542 867 tria,
1568 834 1609 862 14.
1631 851 1670 855 —
1691 835 1808 869 Primo,
1834 835 1875 863 ad
1902 835 2118 872 impetranda-m

446 890 565 928 yratiae
587 888 786 926 influentiam,
813 889 854 916 15.
877 903 913 908 —
936 887 1081 920 Secundo,
1103 887 1143 915 ad
1164 885 1407 915 introducendam
1429 885 1558 913 iustitiae
1578 885 1795 919 rectitudinem,
1820 886 1864 914 16.
1886 902 1926 907 —-
1953 886 2057 921 Tertio,
2079 887 2119 915 ad

450 940 634 969 obtinendam
653 939 815 976 sapientiae
836 938 1077 971 illustrationem,
1103 939 1145 966 17.
1168 954 1207 958 —
1228 937 1269 965 De
1297 936 1342 965 Itis
1370 935 1464 965 tribus
1493 936 1595 970 unitae,
1620 937 1662 965 18.
1686 953 1722 957 —
1744 937 1810 965 Pars
1831 936 1870 964 111.
1893 936 1932 965 De
1953 937 2120 974 perfectione

450 991 583 1021 eiusdem.
605 991 684 1019 Haec
704 990 835 1019 consistit
855 989 886 1018 in
908 989 1017 1017 tribus:
1036 989 1150 1026 primo,
1172 989 1204 1017 in
1221 987 1352 1025 perfecta
1375 987 1565 1022 conscientiae
1588 987 1827 1025 sanctificatione,
1852 988 1895 1016 19.
1918 1003 1955 1008 —
1978 987 2119 1022 Secundo,

453 1043 484 1071 in
502 1041 635 1080 perfecta
656 1041 831 1070 obedientiae
849 1040 1090 1077 promptitudine,
1112 1041 1157 1068 90.
1181 1055 1217 1060 —
1246 1039 1354 1072 Tertio,
1377 1038 1407 1066 in
1428 1037 1557 1075 perfecta
1577 1037 1704 1075 fiduciae
1723 1038 1873 1075 firmitate,
1895 1039 1942 1067 21.

451 1179 474 1205 1.
495 1177 598 1210 Venite,
612 1175 676 1212 filii,
692 1175 791 1203 atalite
810 1183 871 1208 ine,-
886 1174 1018 1202 timorem
1033 1173 1151 1202 Domini
1168 1173 1217 1201 do-

232 1226 357 1246 introductio.
371 1224 434 1253 cebo
455 1232 504 1252 vos
520 1224 538 1251 ¹.
555 1239 591 1243 —
608 1222 689 1250 Audi
709 1226 815 1255 tacens,
835 1224 860 1249 et
878 1229 934 1257 pro
956 1220 1117 1248 reuerentia
1138 1228 1217 1248 acce-

372 1271 415 1299 det
444 1269 495 1298 tibi
515 1269 590 1297 bona
610 1268 720 1306 qratia.
743 1267 866 1296 Verbum
888 1267 1017 1295 ultimum
1039 1266 1171 1294 scribitur
1190 1266 1217 1293 in

373 1316 575 1349 Ecclesiastico,
597 1315 625 1343 in
646 1322 702 1351 quo
723 1314 853 1342 hortatur
874 1312 986 1349 Sapiens
1014 1312 1119 1340 bonum
1140 1311 1218 1340 audi-

372 1366 473 1397 torem,
495 1362 570 1399 quod
585 1361 666 1389 tacite
687 1364 792 1389 etcum
814 1359 969 1388 reverentia
988 1359 1083 1387 audiat
1100 1359 1218 1387 verbum

371 1409 435 1444 Dei;
455 1409 520 1445 quia
540 1416 595 1436 non
615 1410 657 1436 est
678 1406 700 1435 ei
724 1406 828 1434 inutilis
849 1405 1023 1433 taciturnitas
1041 1407 1068 1433 et
1089 1412 1218 1433 reveren-

372 1456 424 1490 tia,
446 1455 512 1492 quia
533 1462 582 1491 per
603 1454 671 1482 haec
691 1452 801 1481 accedet
821 1452 844 1480 ei
867 1451 938 1479 bona
958 1451 1054 1487 gratia.
1081 1451 1156 1487 Quae
1178 1454 1218 1479 est

372 1502 447 1530 bona
466 1501 587 1539 qratia?
608 1499 737 1536 Nunquid
752 1501 816 1527 sunt
831 1497 927 1525 malae
939 1497 1076 1533 pratiaeP
1092 1497 1164 1525 Bona
1178 1500 1219 1525 est

371 1549 475 1587 gratia,
498 1556 569 1585 quae
591 1547 729 1576 hominem
751 1545 815 1573 facit
836 1544 955 1577 bonum;
971 1543 1018 1572 sed
1039 1543 1135 1580 fallax
1147 1552 1218 1580 yra-

373 1596 414 1624 tia
435 1599 460 1624 et
480 1602 560 1623 vana
581 1597 622 1622 est
639 1592 825 1630 pulcritudo,
852 1593 883 1618 ut
913 1589 1015 1618 dicitur
1046 1589 1073 1617 in
1105 1590 1219 1618 Prover-

372 1643 456 1672 111152.
479 1641 573 1670 Gratia
592 1640 688 1678 pratis
709 1639 780 1668 data
802 1640 856 1667 stat
875 1645 939 1666 cum
961 1637 1070 1665 mortali
1098 1640 1217 1673 peccato.

372 1691 464 1719 Istam
478 1689 595 1727 gratiam
611 1694 711 1725 parum
732 1688 842 1722 reputat
858 1684 1075 1718 Ecclesiasticus,
1094 1684 1141 1713 sed
1156 1692 1218 1721 gra-

256 1739 359 1764 Repetitio.
372 1737 438 1766 tiam
451 1740 574 1774 pratum
588 1734 741 1772 facientem
756 1732 876 1761 multum
894 1732 1074 1768 appretiatur.
1088 1747 1124 1751 —-
1138 1731 1218 1760 lstam

372 1783 487 1820 gratiam
508 1780 639 1817 descripsi
669 1780 747 1808 vobis
768 1778 928 1815 tripliciter,
951 1778 1053 1806 scilicet
1081 1780 1216 1814 quantum

371 1829 405 1858 ad
426 1828 529 1866 gratiae
560 1831 675 1861 ortum,
707 1829 843 1863 quantum
875 1824 909 1853 ad
940 1824 1043 1861 gratiae
1074 1833 1163 1852 usum
1191 1828 1218 1853 et

372 1878 507 1913 quantum
535 1874 569 1903 ad
596 1874 700 1911 gratiae
720 1872 863 1910 fructum.
886 1872 1025 1907 Quantum
1053 1871 1087 1899 ad
1114 1871 1218 1908 gratiae

373 1926 469 1951 ortam
497 1921 569 1954 dixi,
597 1920 671 1957 quod
699 1919 787 1956 gratia
812 1918 880 1946 nibil
900 1917 974 1946 aliud
995 1921 1036 1946 est
1060 1926 1144 1954 quam
1166 1918 1218 1946 da-

374 1974 433 1998 tum
456 1969 598 2006 optimum
622 1971 648 1995 et
668 1967 777 1995 donum
796 1964 971 2002 perfectum,
1000 1964 1170 1993 descendens
1199 1974 1218 1993 a

375 2016 465 2044 Patre
486 2014 632 2043 luminum
653 2021 703 2050 per
725 2011 846 2040 Verbum
861 2011 1064 2045 incarnatum,
1084 2019 1136 2048 per
1151 2012 1218 2040 Ver-

374 2063 441 2091 bum
455 2060 634 2097 crucifiaeum
655 2062 682 2088 et
695 2067 745 2096 per
760 2057 881 2087 Verbum
897 2057 1084 2094 inspiratu-m.
1101 2058 1132 2086 Et
1146 2058 1217 2092 dixi,

374 2108 448 2146 quod
470 2107 592 2136 Verbum
613 2106 681 2135 illud
702 2105 809 2134 reducit
830 2112 879 2133 nos
900 2104 928 2132 in
949 2112 1089 2133 summum
1116 2106 1218 2142 princi-

375 2155 466 2192 pium;
495 2157 522 2182 et
549 2154 601 2182 hoc
631 2156 708 2181 notat
728 2151 899 2188 Dionysius³
932 2154 1052 2180 tractans
1083 2152 1134 2181 hoc
1156 2160 1218 2181 ver-

375 2202 457 2231 bum:
483 2201 571 2229 Omne
591 2199 694 2228 datum
709 2198 849 2236 optimum
871 2201 936 2232 ete,
957 2201 984 2226 et
1002 2198 1076 2226 addit
1096 2202 1123 2227 et
1137 2199 1217 2227 dicit:

380 2260 393 2274 «
409 2248 460 2277 Sed
482 2250 509 2276 et
523 2247 624 2281 omnis,
640 2247 718 2275 Patre
740 2248 827 2279 moto,
842 2245 1093 2273 manifestationum
1108 2254 1219 2282 proces-

376 2303 423 2324 sus
444 2295 471 2323 in
486 2302 536 2323 nos
551 2294 625 2330 large
645 2301 676 2322 ac
691 2293 760 2322 bene
780 2291 944 2329 proveniens
958 2294 990 2320 ut
1008 2292 1109 2320 unifica
1130 2293 1219 2321 virtus

376 2349 426 2370 nos
440 2340 527 2377 replet
548 2343 575 2368 et
596 2339 730 2368 convertit
745 2346 794 2367 nos
808 2338 835 2366 in
857 2338 964 2366 Patrem
986 2338 1122 2367 luminum
1137 2351 1163 2367 ».
1181 2356 1217 2360 -

376 2388 516 2425 Quantum
537 2387 570 2415 ad
592 2395 680 2414 usum
705 2385 808 2422 gratiae
827 2384 903 2417 dixi,
925 2384 998 2420 quod
1020 2392 1088 2413 usus
1114 2386 1217 2422 gratiae

375 2434 456 2463 debet
477 2441 536 2462 esse
555 2432 665 2470 fidelis,
686 2431 782 2460 virilis
812 2434 839 2459 et
867 2430 994 2458 liberalis
1002 2441 1012 2463 ,·
1039 2433 1104 2467 ergo
1131 2432 1219 2468 gratia

376 2483 486 2517 gratum
515 2479 617 2508 faciens
647 2481 688 2507 est
718 2478 826 2506 donum
855 2475 1033 2513 perfeetum,
1064 2485 1114 2514 per
1145 2478 1218 2514 quod

1274 1172 1343 1200 bene
1364 1172 1472 1200 utimur
1487 1172 1546 1208 ipso
1560 1175 1588 1201 et
1608 1172 1676 1201 aliis.
1692 1173 1724 1201 Et
1744 1172 1825 1201 debet
1839 1180 1908 1201 usus
1929 1173 2033 1209 gratiae
2047 1181 2120 1207 esse,

1274 1221 1306 1246 ut
1327 1218 1396 1246 bene
1426 1218 1547 1254 fideliter
1578 1221 1674 1247 utatur
1696 1219 1780 1247 1101110
1811 1219 1899 1256 gratia
1919 1222 2055 1256 quantum
2087 1221 2120 1248 ad

1275 1265 1378 1298 Deum,
1397 1264 1521 1292 viriliter
1543 1268 1678 1301 quantum
1700 1265 1734 1293 ad
1755 1273 1783 1293 se
1804 1265 1895 1302 ipsum
1916 1269 1944 1294 et
1965 1265 2121 1294 liberaliter

1275 1314 1410 1348 quantum
1431 1311 1465 1339 ad
1486 1312 1655 1348 proximum.
1672 1328 1708 1332 —
1723 1312 1832 1346 Tertio,
1853 1315 1988 1349 quantum
2007 1313 2041 1341 ad
2055 1312 2121 1350 sru-

1275 1362 1353 1386 ctum
1374 1358 1478 1394 gratiae
1498 1357 1570 1391 dixi,
1592 1358 1666 1394 quod
1686 1358 1775 1394 gratia
1796 1362 1883 1386 curat
1903 1367 1919 1386 a
1940 1359 2036 1396 culpa,
2058 1368 2121 1388 cor-

1274 1405 1395 1433 roborat
1415 1405 1442 1432 in
1465 1405 1567 1433 virtute
1589 1408 1616 1433 et
1636 1408 1819 1433 consummat
1834 1405 1861 1433 in
1877 1405 1972 1442 gloria.
1985 1422 2022 1426 —
2038 1406 2069 1434 Et
2083 1414 2119 1435 ex
2133 1406 2242 1430 ⁰⁰³0¹³¹³²10

1276 1452 1328 1480 hoc
1348 1452 1457 1480 elicitur
1478 1451 1626 1488 descriptio
1647 1452 1751 1488 gratiae
1773 1452 1849 1486 talis,
1872 1453 1947 1489 quod
1967 1453 2056 1490 gratia
2080 1457 2121 1482 est

1276 1498 1379 1526 datum
1400 1498 1542 1534 optimum
1563 1502 1588 1526 et
1608 1498 1718 1526 donam
1745 1497 1923 1535 perfectum,
1952 1499 2121 1528 descendens

1276 1553 1295 1572 a
1316 1545 1407 1572 Patre
1429 1544 1591 1579 luminum,
1614 1553 1716 1574 curans
1736 1553 1752 1573 a
1772 1545 1860 1579 malo,
1881 1546 2066 1575 corroborans
2094 1547 2120 1575 in

1275 1590 1347 1619 bono
1368 1593 1395 1618 et
1415 1598 1609 1619 consummans
1630 1592 1658 1619 in
1679 1592 1773 1628 gloria.
1791 1608 1826 1612 —
1842 1591 1935 1620 Gratia
1949 1601 2061 1621 curans
2074 1593 2121 1621 da-

1277 1640 1322 1665 tur
1353 1637 1380 1665 in
1402 1641 1507 1673 septem
1539 1638 1738 1672 sacramentis,
1770 1639 1925 1667 custoditur
1956 1639 1983 1667 in
2016 1643 2120 1676 septem

1275 1683 1416 1711 exercitiis
1438 1683 1556 1711 iustitiae
1584 1687 1611 1712 et
1632 1685 1775 1720 perficitur
1806 1685 1834 1713 in
1855 1689 1960 1722 septem
1990 1686 2122 1722 operibus

1275 1729 1486 1758 misericordiae.
1509 1729 1602 1757 Gratia
1622 1730 1818 1759 corroborans
1838 1733 1962 1760 consistit
1976 1732 2003 1760 in
2017 1735 2121 1769 septem

1276 1776 1415 1804 habitibus
1438 1776 1573 1804 virtutum
1594 1779 1621 1804 et
1643 1776 1668 1804 in
1691 1780 1795 1813 septem
1816 1777 1894 1806 donis
1914 1778 2032 1814 Spiritus
2060 1787 2122 1808 san-

1275 1823 1319 1851 cti.
1342 1823 1435 1851 Gratia
1456 1831 1522 1851 vero
1536 1831 1744 1851 consummans
1759 1824 1882 1852 consistit
1897 1824 1923 1852 in
1939 1828 2043 1861 septem
2058 1826 2122 1855 bea-

1276 1869 1440 1898 titudinibus
1462 1873 1489 1898 et
1510 1870 1537 1897 in
1559 1873 1663 1906 septem
1684 1870 1802 1899 dotibus.
1819 1886 1856 1891 —
1872 1870 1916 1899 lsti
1938 1874 2003 1900 sunt
2017 1875 2120 1909 septem

1276 1917 1438 1954 septenarii,
1470 1917 1518 1954 qui
1540 1920 1725 1945 numerantur
1756 1917 1784 1945 111
1806 1925 1878 1945 311110
1899 1917 2017 1947 iubilaeo
2031 1919 2051 1946 ⁴.
2083 1919 2121 1947 De

1276 1964 1327 1992 ista
1348 1964 1524 1992 multitudiue
1539 1964 1675 1997 diximus,
1697 1964 1771 2000 quod
1793 1972 1846 1992 non
1861 1972 2010 2001 possumus
2030 1965 2120 1994 dicere

1275 2011 1327 2039 nisi
1348 2011 1381 2039 de
1403 2019 1459 2039 uno
1480 2011 1647 2047 septenario,
1669 2010 1772 2039 scilicet
1793 2014 1897 2047 septem
1911 2011 2047 2040 donorum
2062 2012 2120 2048 Spi-

1276 2057 1347 2085 ritus
1368 2057 1462 2085 sancti.
1479 2057 1644 2093 Rogabimus
1665 2056 1813 2085 Dominum
1834 2060 1884 2086 etc.

2147 1430 2224 1453 gratiae.

1355 2105 1380 2132 2.
1404 2104 1565 2141 Reqttiescet
1578 2112 1666 2140 super
1680 2112 1745 2131 eum
1767 2104 1897 2141 Spiritus
1916 2105 2043 2140 Domini,
2061 2105 2121 2143 spi-
2133 2104 2209 2146 581)ιέ
2223 2104 2256 2123 ²¹⁰·

1275 2151 1352 2179 ritus
1366 2151 1526 2188 sapientiae
1540 2154 1565 2179 et
1580 2150 1744 2184 intellectus,
1758 2151 1881 2187 spiritus
1896 2151 2010 2180 consilii
2023 2156 2049 2181 et
2058 2151 2120 2190 for-

1276 2197 1426 2231 titudinis,
1448 2197 1571 2234 spiritus
1592 2197 1727 2225 scientiae
1754 2201 1780 2225 et
1796 2197 1931 2234 pietatis,
1953 2202 1978 2226 et
2004 2198 2122 2235 replebit

1275 2252 1340 2272 eum
1361 2243 1484 2280 spiritus
1512 2243 1626 2271 timoris
1647 2243 1766 2272 Domini
1780 2244 1799 2272 ⁵.
1829 2245 1868 2273 De
1889 2244 1948 2273 istis
1976 2244 2120 2281 spiritibus
2131 2244 2211 2267 ΗΜΘ
2224 2248 2257 2262 ²0·

1275 2290 1337 2318 volo
1357 2290 1431 2326 quod
1449 2290 1605 2327 intelligatis
1626 2290 1700 2327 quod
1722 2291 1834 2320 loannes
1855 2291 1882 2319 in
1904 2291 2063 2328 Apocalypsi
2082 2291 2121 2320 vi-

1275 2337 1314 2365 dit
1335 2337 1366 2365 in
1386 2337 1479 2365 medio
1501 2336 1599 2366 throni
1614 2341 1640 2365 et
1661 2342 1789 2375 quatuor
1803 2337 1980 2366 animalium
2002 2339 2121 2375 Aynum

1275 2383 1423 2412 habentem
1437 2392 1551 2412 cornua
1565 2387 1670 2421 septem
1685 2388 1709 2412 et
1724 2384 1821 2413 oculos
1841 2388 1963 2421 septem,
1984 2385 2036 2422 qui
2051 2388 2122 2413 sunt

1274 2434 1379 2467 septem
1399 2431 1524 2467 spiritus
1546 2431 1599 2459 Dei
1611 2431 1696 2459 missi
1715 2431 1747 2458 in
1768 2439 1879 2459 omnem
1898 2426 2020 2459 terram.
2044 2431 2121 2460 Ponit

1276 2478 1388 2506 loannes
1403 2477 1534 2505 visionem
1550 2477 1750 2514 phantasticam
1771 2480 1798 2506 et
1815 2477 1947 2514 exprimit
1968 2478 2119 2506 veritatem.

440 2634 448 2647 ¹
466 2635 549 2657 Psalm.
565 2635 607 2661 33,
626 2635 663 2657 12.
679 2647 709 2651 -
726 2635 779 2662 Seq.
796 2634 859 2655 locus
877 2635 911 2655 est
928 2633 992 2655 Eccli.
1009 2634 1051 2661 32,
1069 2635 1091 2657 9.

440 2673 449 2686 ²
466 2674 521 2702 Cap.
539 2674 576 2700 311
593 2674 632 2696 30.
647 2686 678 2690 -
695 2673 790 2696 1111011115
812 2672 933 2700 respicitur
955 2673 1022 2695 Prov.
1044 2674 1085 2700 22,
1103 2674 1145 2696 20:
1163 2675 1220 2696 Ecce

378 2712 490 2740 descripsi
507 2718 558 2734 eam
575 2711 615 2734 tibi
633 2712 757 2739 tripliciter.
776 2711 874 2740 (Triplex
892 2711 933 2733 ista
950 2711 1073 2739 descriptio
1087 2712 1138 2734 data
1151 2713 1219 2735 estin

378 2751 451 2774 collat.
468 2749 593 2778 praeced).

440 2787 450 2800 ⁵
467 2789 499 2811 De
519 2788 614 2811 Caelest.
639 2789 755 2810 Hierarcli.
772 2794 792 2810 c.
813 2789 831 2810 l.
848 2787 861 2815 S
882 2788 903 2809 t:
929 2788 973 2810 Sed
998 2791 1020 2810 ct
1043 2789 1129 2817 omnis,
1155 2790 1220 2812 Patre

379 2830 454 2855 moto,
472 2827 659 2849 manifestationis
682 2827 794 2849 luminum
820 2827 948 2854 processio,
973 2827 995 2848 in
1020 2834 1061 2849 nos
1085 2828 1172 2855 optime
1193 2834 1219 2850 ac

379 2868 442 2895 large
459 2867 610 2895 proveniens,
628 2866 710 2888 iterum
728 2869 753 2888 ut
769 2866 851 2887 unifica
870 2865 942 2887 virtus
959 2866 1079 2888 restituens
1096 2873 1137 2889 nos
1148 2868 1220 2895 replet

379 2909 401 2928 ct
417 2905 529 2928 convertit
546 2905 575 2927 ad
592 2904 755 2932 congregantis
772 2904 842 2926 Patris
859 2904 967 2926 unitatem
985 2906 1006 2926 et
1020 2904 1124 2927 deificam
1136 2906 1219 2933 simpli-

378 2944 477 2966 citatem.
494 2955 525 2959 —
541 2943 615 2965 Locus
632 2942 763 2969 Scripturae
780 2945 813 2963 est
830 2943 871 2964 lae.
893 2942 910 2969 t,
930 2941 964 2963 Ἰ17.

1339 2633 1348 2646 ⁴
1365 2634 1411 2657 Csr.
1428 2640 1497 2662 supra
1515 2640 1569 2662 pag.
1587 2633 1644 2662 406,
1661 2636 1713 2656 nota
1732 2633 1753 2655 4.

1339 2672 1348 2684 ⁶
1366 2673 1415 2695 lsai.
1434 2673 1457 2694 11
1469 2691 1474 2701 ,
1493 2673 1515 2694 2.
1531 2675 1553 2694 et
1578 2672 1599 2694 3.
1616 2684 1647 2688 —
1664 2673 1717 2701 Seq.
1742 2672 1805 2695 locus
1829 2675 1863 2694 est
1888 2672 1958 2700 Apoc.
1985 2673 2011 2700 5,
2030 2673 2051 2694 6.
2068 2673 2120 2694 Post

1276 2711 1419 2735 animalium
1436 2712 1534 2739 Vulgata
1552 2711 1699 2740 prosequitur
1715 2713 1737 2734 et
1752 2711 1776 2734 in
1793 2710 1869 2734 medio
1886 2711 2007 2735 seniorum
2024 2712 2120 2741 Aqnum

1276 2751 1377 2773 stantem
1394 2751 1510 2780 tanquam
1527 2749 1642 2777 occisum,
1655 2748 1776 2772 habentem
1793 2752 1835 2772 etc.
1847 2750 1908 2772 Beda
1925 2750 1948 2772 in
1966 2751 2026 2772 hunc
2043 2750 2119 2772 locum

1276 2790 1321 2811 ait:
1338 2789 1437 2818 Spiritus
1453 2790 1476 2811 in
1492 2788 1581 2812 Christo
1598 2789 1738 2817 septiformis
1754 2792 1849 2817 propter
1864 2789 2011 2811 eminentiam
2024 2790 2120 2816 potesta-

1276 2828 1304 2850 tis
1320 2827 1443 2855 cornibus,
1456 2830 1550 2855 propter
1566 2828 1754 2850 illuminationem
1770 2828 1856 2855 gratiae
1873 2830 2020 2855 comparatur
2037 2825 2119 2849 oculis.

1274 2878 1306 2883 ——
1322 2867 1354 2889 De
1371 2872 1436 2895 seqq.
1452 2867 1493 2889 cfr.
1509 2873 1578 2894 supra
1596 2866 1711 2895 Breviloq.
1727 2872 1751 2894 p.
1769 2867 1795 2889 V.
1813 2872 1832 2888 c.
1851 2867 1872 2888 6.
1888 2869 1911 2888 et
1927 2866 1960 2888 111.
1973 2866 2033 2888 Sem.
2045 2865 2068 2887 d.
2080 2864 2118 2887 34.

1276 2912 1298 2933 p.
1316 2906 1330 2928 1.
1348 2912 1369 2927 a.
1387 2906 1409 2928 2.
1426 2905 1488 2934 (1.1.

2169 2272 2216 2286 rum.
