2285 3398
649 200 707 223 ΝΟΜ

444 240 520 263 Nomas
538 252 569 256 —-
585 243 619 262 est
634 240 700 268 quasi
718 242 837 267 notamen,
853 239 906 268 quia
919 245 960 261 no-

396 282 428 301 tat
444 278 584 301 substantiae
601 278 732 307 qualitatem
749 278 827 301 11352
839 284 852 300 a
865 278 886 300 in
898 280 959 300 nota.

442 330 473 335 —
489 318 528 340 Dei
541 318 634 347 quando
646 318 735 341 dIcatur
751 324 795 340 non
813 317 873 340 sumi
886 318 909 339 in
921 323 959 339 va-

396 363 450 379 num
467 360 489 380 et
505 357 598 386 quando
616 357 705 380 dicatur
720 357 781 379 sumi
793 356 833 379 ΒΡ
844 356 889 379 518
906 356 922 378 1)

442 396 552 418 Nortoxes
569 408 598 412 -
615 399 671 425 quot
686 395 764 418 sintin
776 395 893 422 Trinitate,
906 395 958 418 vide

398 434 501 458 Trinitas
518 438 540 457 et
556 435 619 458 Deus

442 474 533 496 ΝοτιτιΑ
550 486 580 490 —
605 474 679 496 omnis
706 474 833 496 secundum
856 473 957 501 speciem

395 515 428 534 est
440 512 519 535 similis
530 513 550 534 ei
562 513 606 541 rei,
618 519 688 542 quam
700 513 764 535 novit
777 511 841 540 0117
853 518 866 534 a
880 525 908 528 —
924 514 958 535 est

395 557 492 574 causans
501 558 538 574 res
547 554 569 574 et
578 554 669 574 causata
679 558 692 574 a
701 551 771 574 rebus
782 552 796 574 9
809 558 821 574 a
834 564 863 567 —
873 551 901 574 ad
914 552 957 579 pri-

395 597 457 613 mam
474 591 598 620 requiritur
607 591 731 614 similitudo
742 590 914 620 exemplatim,
927 591 956 613 ad

394 630 518 653 secundam
530 631 655 653 similitudo
666 630 782 653 imita-tiva
798 629 827 653 ib.
845 643 874 646 ——
887 634 957 653 trans-

396 670 442 692 iens
460 669 482 692 in
498 670 604 692 affectum
622 672 656 692 est
673 669 783 697 sapientia
801 669 823 692 H
838 670 883 691 356
901 676 913 691 a

650 904 705 927 ΟΒΕ

440 942 574 966 ΟΒΕοιεκτιΑ
593 956 621 959 -
644 943 707 972 quod
732 944 803 965 homo
824 942 955 965 obediendo

393 983 510 1006 subiaceat
525 982 601 1010 alteri,
613 985 647 1005 est
657 988 785 1005 consonum
804 982 846 1004 iuri
858 982 955 1004 naturali

394 1025 416 1045 et
431 1022 475 1050 legi
492 1022 591 1050 scriptae
608 1021 650 1050 QD
667 1021 710 1044 179
728 1027 741 1043 a
758 1028 793 1050 sq.
812 1033 840 1038 -—
857 1024 891 1044 est
903 1021 955 1044 fllia-

393 1061 427 1089 lis,
443 1061 540 1088 servilis,
558 1060 742 1083 iurisdictionalis
761 1061 799 1083 181
822 1060 837 1082 1)
854 1073 884 1076 -
902 1060 955 1083 nita-

394 1101 419 1123 lis
436 1101 533 1123 dictatur
550 1107 562 1123 a
588 1101 638 1129 lege
659 1100 756 1122 naturali
778 1103 824 1122 tam
848 1100 870 1122 in
896 1103 954 1123 statu

394 1142 489 1163 naturae
505 1141 583 1168 lapsae
607 1146 678 1169 quam
696 1140 718 1162 in
735 1142 794 1162 statu
813 1141 908 1162 naturae
926 1140 956 1162 in-

394 1179 498 1208 stitutae;
515 1179 605 1202 servilis
625 1178 724 1202 dictatur
748 1182 835 1202 tantum
853 1179 874 1201 in
895 1182 953 1202 statu

394 1220 490 1241 naturae
506 1219 598 1246 lapsae;
615 1218 799 1242 iurisdictionalls
815 1219 913 1241 dictatur
931 1219 952 1240 in

395 1260 454 1280 statu
470 1260 564 1280 naturae
578 1257 712 1286 reparabilis
728 1258 764 1280 vel
781 1260 900 1286 reparatae
917 1256 955 1286 ib„

396 1297 493 1321 cir-Lem
501 1297 710 1321 naturalis-nos
723 1297 814 1325 elongat
830 1303 843 1319 a
860 1299 955 1325 peccato

395 1336 480 1359 diaboli
497 1337 541 1360 -185
559 1343 572 1359 a
591 1349 622 1353 —
637 1336 731 1365 quando
748 1336 837 1359 dicatur
855 1341 916 1358 mera
936 1335 953 1358 B

395 1377 440 1398 229
457 1376 472 1398 1)
492 1389 519 1392 -
536 1375 670 1404 parentibus
687 1375 808 1398 tribuenda
825 1378 859 1398 est
877 1376 898 1398 in
920 1375 955 1397 tri-

396 1415 439 1438 bus
455 1415 496 1438 ΒΡ
513 1415 558 1438 521
576 1421 588 1437 a

441 1454 554 1478 Omecrum
571 1467 602 1471 —
618 1454 776 1483 philosophiae
797 1457 850 1477 sunt
866 1460 913 1482 res,
932 1458 956 1477 ut

394 1497 446 1517 sunt
462 1494 484 1516 in
501 1496 593 1522 natura,
611 1494 737 1522 theologiae
752 1496 805 1516 sunt
821 1500 870 1520 reS,
888 1496 956 1522 prout

393 1535 496 1561 spectant
512 1533 541 1556 ad
559 1533 654 1561 gratiam
671 1536 694 1555 et
710 1532 807 1560 gloriam
824 1533 841 1555 B
859 1532 904 1555 205
921 1538 933 1554 a

440 1572 579 1598 OBLECTATto
593 1584 625 1589 —
641 1572 760 1601 quomodo
783 1572 821 1594 ilat
843 1572 853 1594 Ι
876 1572 920 1594 300
938 1572 953 1594 b

393 1624 423 1629 —
440 1614 474 1634 est
491 1611 570 1640 triplex
589 1610 618 1634 ib.
635 1623 665 1628 --
682 1611 731 1633 eius
747 1611 805 1633 ratio
818 1611 857 1633 301
880 1617 892 1633 a

440 1651 558 1674 Oatmxrio
575 1663 605 1667 —
622 1650 716 1673 veniens
738 1657 764 1673 ex
787 1653 850 1673 reatu
873 1650 954 1679 culpae

394 1693 427 1713 nst
444 1690 535 1713 vitanda
555 1689 596 1718 OD
614 1689 657 1712 146
675 1689 690 1711 1)
713 1688 753 1711 15*
769 1702 800 1706 -
817 1690 913 1712 veniens
929 1695 955 1712 ex

394 1730 474 1752 affectu
503 1729 602 1752 caritatis
630 1729 743 1757 perfectae
776 1731 810 1751 est
837 1731 956 1757 acceptan-

396 1769 424 1790 da
444 1767 474 1791 ib.

441 1808 527 1830 Occtsto
537 1820 567 1824 —
577 1807 693 1835 tripliciter
705 1807 753 1829 sieri
771 1810 846 1835 potest
857 1807 897 1830 DP
910 1807 954 1829 526

395 1846 410 1869 1)
426 1859 456 1863 —
473 1853 534 1875 quae
550 1849 573 1869 et
588 1846 682 1875 quando
699 1847 728 1868 sit
744 1845 859 1873 prohibita
883 1846 913 1869 ib.
925 1859 955 1863 —

395 1886 547 1913 conditiones,
559 1888 584 1908 ut
600 1885 628 1908 sit
639 1885 697 1908 licita
710 1885 755 1908 527
772 1891 784 1908 a
803 1899 832 1901 —
849 1885 919 1914 quid,
936 1886 954 1908 si

395 1931 448 1947 casu
466 1926 502 1947 vel
521 1925 654 1947 necessitate
670 1927 779 1953 sequatur
796 1923 825 1947 ib.
841 1937 873 1941 —
884 1925 954 1953 quid,

395 1964 412 1985 si
429 1964 546 1986 voluntate
562 1962 591 1986 ib.
610 1976 639 1979 —
662 1963 833 1991 interpretativa
850 1970 911 1992 quae
927 1964 956 1985 sit

395 2006 417 2024 ct
433 2002 527 2031 quando
545 2002 584 2024 fiat
600 2001 630 2025 db.

440 2041 563 2073 Occurauo
574 2053 605 2058 —-
621 2041 752 2068 spiritualis,
772 2044 848 2063 utrum
865 2042 954 2069 dispen-

395 2084 428 2102 set
444 2086 457 2101 a
474 2079 552 2102 labore
570 2080 676 2106 manuali,
694 2080 748 2102 vide
765 2078 842 2103 Labor

442 2119 526 2141 OcuLus
537 2131 568 2136 —
580 2119 671 2146 triplex:
689 2118 774 2141 carnis.
787 2119 890 2144 rationis,
904 2125 955 2141 con-

395 2158 546 2186 templationis
564 2158 582 2181 B
599 2158 643 2180 230
661 2157 676 2179 1)

440 2197 513 2219 ΟοιυΜ
530 2209 561 2213 -
582 2197 630 2219 salsi
653 2200 759 2219 causatur
782 2196 802 2218 in
826 2197 902 2219 anima
928 2203 953 2219 ex

394 2242 472 2258 amore
489 2236 537 2258 veri
557 2234 598 2263 QD
619 2235 647 2257 46
666 2241 677 2257 a
695 2247 725 2252 --
742 2239 776 2258 est
792 2236 835 2264 ipsi
848 2242 859 2257 a
872 2239 953 2258 natura

394 2276 504 2298 insertum
523 2274 551 2297 ib.

439 2314 536 2337 Ofressx
554 2326 585 2330 -—
602 2314 698 2341 proximi
720 2314 844 2343 quotuplex
867 2314 895 2336 sit
914 2314 953 2337 ΒΡ

393 2354 437 2376 1126
455 2360 467 2376 a

440 2392 545 2415 Officium
562 2405 593 2409 —
610 2392 711 2415 medium
729 2396 751 2414 et
767 2393 868 2414 officium
881 2394 952 2420 perse-

391 2435 452 2454 rtum
478 2431 534 2460 quid
551 2432 579 2454 sit
605 2431 646 2459 QD
667 2431 709 2453 133
728 2437 740 2453 a
758 2431 783 2453 6*
800 2444 830 2447 ——
848 2431 903 2460 quid
922 2431 952 2453 de

393 2471 426 2492 his
442 2470 518 2499 quoad
538 2470 664 2498 largitatem
681 2473 704 2492 et
724 2473 882 2498 paupertatem
909 2470 952 2497 spi·

392 2510 448 2531 ritus
465 2508 493 2531 ib.

438 2547 515 2570 OMEGA
532 2559 563 2564 —
574 2548 697 2570 revolvens
708 2548 737 2570 ad
749 2548 827 2576 alpha,
839 2548 952 2576 significat

392 2586 481 2608 tinalem
498 2589 581 2608 statum
599 2586 740 2608 concordare
755 2593 808 2608 cum
821 2586 896 2614 primo
909 2586 951 2614 QD

393 2625 435 2647 118
454 2630 466 2646 a
514 2622 518 2627 '

438 2664 601 2685 Onutrorexrix
628 2664 668 2685 Dat
684 2675 716 2680 -
732 2664 829 2686 excludit
853 2667 952 2692 quatuor

390 2705 454 2724 actus
466 2702 484 2724 B
496 2701 541 2723 215
550 2701 565 2723 b
574 2713 604 2718 —
613 2702 741 2724 extenditur
750 2702 780 2724 ad
793 2702 882 2730 omnia,
891 2708 951 2731 quae

390 2741 485 2763 veniunt
505 2746 516 2762 a
543 2740 641 2768 potentia
663 2741 775 2768 completa
801 2744 823 2763 et
848 2741 950 2763 ordinata

392 2780 435 2801 216
453 2785 479 2806 a,
496 2780 536 2801 cfr.
554 2779 616 2801 Deua

1092 162 1190 191 tNDEx
1211 162 1457 191 ALPHABETICUS.

1040 239 1146 262 Numanus
1162 252 1193 257 -
1209 241 1258 263 eius
1283 240 1381 262 infinitas
1405 246 1449 262 nou
1469 243 1503 262 est
1525 240 1555 262 in-

993 278 1207 306 comprehensibilis
1224 280 1270 301 Deo
1289 278 1331 306 QD
1347 280 1360 301 3
1377 285 1389 301 a
1403 291 1432 295 --
1444 280 1466 301 in
1478 279 1555 301 animo

992 316 1106 340 Creator-is
1114 317 1156 340 ruit
1164 319 1288 341 maximum
1299 318 1425 346 exemplar,
1434 324 1479 340 non
1491 319 1554 347 quod

993 356 1014 378 in
1032 356 1079 378 Deo
1096 357 1191 384 proprie
1207 358 1235 380 sit
1251 363 1373 384 numerus,
1385 357 1424 379 sed
1439 358 1493 385 quia
1505 358 1554 385 ipse

991 395 1110 423 cognoscit
1125 402 1260 424 numerum,
1277 397 1405 419 secundum
1422 402 1492 424 quem
1505 402 1554 424 pro-

992 434 1109 462 portiones
1130 440 1207 457 rerum
1230 436 1381 458 creandarum
1407 435 1554 458 attenduntur

993 473 1022 495 45
1039 479 1051 495 a
1071 472 1095 494 8*
1113 486 1143 489 —
1159 474 1208 496 eius
1233 477 1320 502 septem
1346 474 1434 502 species
1452 474 1462 496 1
1479 474 1523 496 302
1541 481 1552 496 a

991 525 1022 529 —
1039 512 1155 535 invenitur
1179 513 1200 535 in
1223 513 1331 536 omnibus
1353 513 1382 536 ib.
1399 525 1430 529 —
1447 513 1510 535 ducit
1531 513 1553 535 in

991 552 1063 573 Deum
1081 550 1112 574 ib.

1038 603 1067 606 -
1084 591 1188 613 senarius
1204 592 1319 619 perfectus
1344 595 1385 619 est,
1403 591 1454 613 ideo
1471 592 1493 613 in
1518 592 1554 614 illo

989 630 1051 652 Deus
1068 629 1119 652 fecit
1136 629 1249 652 mundum
1266 629 1290 653 H
1304 630 1344 652 351
1367 630 1382 652 1)

1036 681 1066 685 -
1084 669 1227 696 septenarius
1243 672 1277 692 est
1294 676 1405 692 numerus
1423 669 1554 692 universali-

1253 800 1294 847 O

1036 943 1096 965 Oxus
1113 955 1142 958 —-
1159 946 1193 965 est
1205 949 1337 971 aggravans
1351 946 1373 966 et
1385 943 1496 971 vigor-'ins
1512 949 1552 965 seu

989 981 1157 1004 adminiculans
1175 981 1216 1010 QJ)
1235 982 1279 1004 187
1296 988 1308 1004 a
1329 982 1353 1004 4*

1036 1020 1126 1044 Opxcuiu
1143 1034 1173 1038 —
1190 1022 1209 1044 ei
1228 1021 1326 1044 debetur
1336 1024 1439 1044 centrum
1453 1021 1471 1044 H
1483 1022 1527 1043 223
1539 1028 1551 1043 a

1017 1059 1018 1063 ’
1036 1060 1148 1083 ΟΡΕΒΛτιο
1165 1073 1197 1077 -
1217 1061 1340 1088 egrediens
1362 1067 1374 1083 a
1400 1060 1500 1089 potentia
1522 1063 1552 1082 at-

989 1099 1090 1122 tenditur
1106 1100 1234 1122 secundum
1252 1100 1363 1122 maiorem
1382 1100 1417 1122 rel
1435 1100 1548 1122 minorem

989 1139 1096 1161 virtutem
1115 1139 1187 1167 ipsius
1204 1139 1319 1167 potentiae
1337 1138 1379 1167 QD
1395 1139 1424 1161 36
1442 1145 1454 1161 a
1471 1151 1502 1155 —
1519 1138 1550 1160 di-

989 1178 1048 1200 citur
1065 1178 1141 1206 ipsum
1158 1184 1218 1206 opus
1240 1184 1339 1206 operans
1355 1181 1377 1200 ct
1393 1184 1453 1206 opus
1470 1184 1551 1206 opera-

989 1220 1037 1240 tum
1054 1218 1084 1240 73
1102 1224 1114 1239 a
1133 1217 1173 1240 12*

1035 1269 1066 1273 -
1083 1257 1195 1279 manualis
1212 1263 1256 1279 non
1274 1259 1308 1279 est
1324 1256 1353 1279 de
1364 1257 1460 1279 essentia
1479 1256 1551 1279 consi-

989 1295 1010 1317 lii
1029 1295 1073 1318 1143
1091 1301 1104 1317 a
1121 1294 1146 1317 6*
1162 1306 1194 1312 —-
1210 1298 1319 1318 consonat
1335 1295 1483 1323 evangelicae
1501 1301 1550 1323 per-

990 1334 1093 1363 fectioni,
1111 1334 1240 1357 dummodo
1257 1341 1301 1357 non
1329 1334 1439 1362 impediat
1464 1334 1550 1356 maiora

989 1373 1049 1396 bona
1067 1373 1094 1396 ib.
1112 1386 1143 1391 -
1160 1374 1269 1402 competit
1285 1380 1331 1396 nou
1357 1373 1474 1402 occupatis
1492 1373 1550 1395 circa

989 1413 1075 1435 maiora
1092 1412 1122 1436 ib.
1140 1412 1155 1435 b

1034 1464 1066 1469 -—
1082 1452 1160 1475 divina
1186 1452 1208 1474 iu
1233 1452 1384 1480 productione
1408 1451 1487 1474 mundi
1511 1452 1552 1473 suit

989 1492 1098 1514 triformis
1113 1492 1131 1515 B
1148 1492 1193 1514 220
1211 1498 1223 1514 a

1035 1531 1092 1554 Orus
1108 1543 1139 1548 —
1150 1531 1268 1559 spirituale
1284 1534 1318 1553 est
1334 1530 1492 1560 quadruplicis
1511 1536 1551 1558 gc-

988 1571 1049 1593 neris
1068 1569 1109 1598 OD
1128 1570 1165 1592 161
1188 1577 1199 1592 a
1212 1582 1243 1587 —
1255 1571 1360 1592 manuale
1376 1569 1493 1599 aliquibus
1510 1570 1550 1592 im-

989 1610 1088 1638 ponitur,
1104 1609 1219 1638 aliquibus
1236 1610 1368 1637 consulitur,
1385 1608 1500 1638 aliquibus
1512 1609 1552 1631 mi-

988 1649 1050 1672 nime
1068 1649 1192 1677 imponitur
1210 1648 1296 1676 ib.‚ct'r.
1314 1648 1391 1672 Labor

1035 1701 1066 1706 —
1083 1688 1233 1717 reparationis
1252 1688 1369 1716 multiplex
1386 1691 1420 1710 est
1437 1688 1455 1711 B
1473 1688 1518 1710 203
1536 1688 1551 1710 1)

988 1740 1019 1744 -
1035 1727 1103 1750 habet
1119 1731 1238 1756 aspectum
1256 1727 1285 1750 ad
1301 1727 1382 1751 Christi
1407 1727 1547 1750 oblationem

988 1767 1137 1796 principalem
1159 1766 1188 1790 ib.

1035 1818 1066 1823 —-
1082 1806 1133 1828 Dei-
1145 1806 1260 1834 tripliciter
1282 1806 1364 1829 dicitur
1388 1806 1409 1829 Ιὶ
1425 1806 1469 1829 340
1487 1813 1499 1829 a
1520 1819 1550 1822 —

989 1846 1011 1867 in
1033 1845 1136 1874 quolibet
1152 1849 1186 1868 est
1202 1846 1251 1868 cius
1265 1846 1389 1873 vestigium
1407 1845 1435 1868 io.

1034 1897 1065 1902 -
1086 1883 1155 1915 Opere
1173 1885 1304 1907 mechanica
1330 1887 1382 1907 sunt
1399 1888 1487 1913 septem
1511 1885 1551 1908 ΒΡ

988 1924 1029 1947 521
1051 1930 1063 1946 a
1086 1936 1117 1941 —
1141 1925 1208 1947 relate
1232 1924 1261 1946 ad
1282 1923 1468 1946 observationem
1492 1924 1549 1946 tertii

988 1963 1088 1985 mandati
1106 1963 1210 1991 decalogi
1228 1962 1256 1986 ab.
1386 1980 1388 1982 -

1035 2014 1066 2018 -
1076 2002 1176 2024 facienda
1185 2008 1228 2030 pro
1233 2002 1412 2025 sanctificatione
1420 2002 1512 2025 sabbati
1521 2002 1548 2025 il).

1034 2053 1065 2057 —
1082 2041 1252 2064 misericordiae
1269 2042 1393 2070 quotuplex
1411 2042 1455 2063 sint
1472 2041 1501 2064 ib.

1034 2080 1118 2102 Oexrio
1130 2091 1160 2096 —-
1171 2085 1212 2102 cur
1225 2080 1285 2102 Deus
1296 2080 1349 2102 velit
1361 2080 1448 2103 exorari
1459 2086 1470 2102 a
1484 2080 1550 2103 nobis

988 2118 1006 2141 B
1024 2119 1068 2140 263
1087 2118 1101 2140 b
1118 2131 1147 2133 —
1163 2119 1211 2141 vult
1226 2119 1314 2141 exorari
1337 2125 1378 2147 per
1395 2120 1550 2147 nosmetipsos

988 2160 1009 2179 et
1026 2163 1067 2185 per
1084 2158 1177 2180 Sanctos
1195 2157 1223 2180 ib.
1237 2171 1265 2173 —
1276 2158 1325 2180 eius
1341 2158 1481 2181 conditiones
1498 2162 1550 2181 sunt

988 2197 1075 2223 servor,
1092 2197 1231 2224 recollectio,
1249 2197 1330 2219 fiducia
1349 2198 1393 2219 261
1412 2203 1423 2219 a

1033 2248 1064 2252 —
1082 2236 1185 2258 mentalis
1202 2239 1235 2258 est
1256 2234 1359 2259 ascensio
1383 2237 1508 2259 intellectus
1526 2237 1549 2259 in

987 2275 1059 2297 Deum
1077 2275 1121 2297 263
1140 2274 1154 2297 1)
1171 2287 1202 2291 -
1218 2275 1303 2297 xocalis
1320 2279 1353 2297 est
1374 2276 1451 2303 petitio
1469 2275 1549 2298 decen-

987 2314 1042 2336 tium
1060 2320 1072 2336 a
1090 2314 1137 2336 Deo
1154 2313 1183 2336 ib.
1199 2327 1227 2330 —-
1245 2314 1304 2336 Deus
1321 2315 1369 2336 xult
1385 2317 1482 2343 utraque
1500 2320 1549 2337 exo—

986 2353 1031 2375 rari
1048 2356 1069 2375 et
1087 2359 1159 2381 quare
1176 2352 1205 2375 ib.

1032 2395 1108 2414 —est
1125 2394 1197 2414 mater
1221 2395 1243 2414 et
1271 2392 1336 2420 origo
1361 2392 1549 2415 sursumactionis

985 2430 997 2452 Ι
1012 2430 1055 2452 297
1075 2437 1086 2452 a

1033 2482 1061 2485 —-
1078 2469 1189 2493 dominica
1204 2471 1304 2492 continet
1321 2474 1408 2498 septem
1428 2471 1548 2498 petitiones

986 2508 1003 2531 Β
1015 2508 1059 2531 264
1072 2515 1083 2530 a
1096 2522 1126 2526 —
1138 2511 1166 2531 att
1180 2510 1236 2538 qnid
1247 2514 1351 2538 spectent
1363 2509 1451 2538 prIm-ie
1463 2513 1508 2532 tres
1525 2512 1547 2532 et

985 2552 1083 2575 quatuor
1099 2548 1156 2570 aliae
1173 2548 1202 2572 ib.
1222 2560 1252 2566 —
1273 2549 1307 2571 his
1328 2552 1416 2576 septem
1438 2552 1547 2576 petuntur

985 2590 1072 2614 septem
1083 2587 1140 2609 [lona
1154 2588 1251 2615 Spiritus
1260 2588 1291 2615 S.,
1305 2588 1452 2610 sanctificatio
1461 2590 1545 2615 nostra,

985 2626 1151 2648 consummatio
1174 2628 1287 2648 humanae
1304 2626 1394 2653 salutis,
1411 2626 1544 2654 adimpletio

985 2663 1077 2686 divinae
1093 2665 1162 2692 legis,
1179 2665 1308 2688 refocillatio
1321 2666 1411 2688 virtutis
1428 2668 1545 2692 aeternae,

985 2703 1088 2725 remissio
1109 2707 1268 2731 peecatorum,
1293 2704 1434 2732 propulsatio
1460 2705 1545 2727 fraudis

1842 201 1896 223 NUN

1590 241 1640 262 tatis
1657 240 1701 262 404
1718 246 1730 262 a
1748 253 1778 257 -
1796 240 1911 262 invenitur
1923 240 1944 261 in
1958 240 2044 263 mundo
2060 239 2149 263 ‘maiori

1589 282 1611 301 et
1627 278 1717 301 nzinori
1732 282 1755 302 et
1772 279 1792 301 in
1811 279 1857 301 Deo
1874 278 1904 302 ib.
1915 291 1945 295 -—
1957 279 2025 302 habet
2036 285 2147 307 magnum

1589 317 1722 346 mysterium
1741 317 1769 341 ib⁴
1782 318 1797 340 b
1809 330 1839 335 -—
1851 318 1922 340 oritur
1939 325 1950 339 a
1969 318 2056 341 mundo
2073 319 2148 340 arche-

1589 360 1644 385 typo
1663 356 1692 380 ib.
1712 369 1743 374 -—
1771 357 1872 379 mundus
1897 357 1997 379 decurrit
2021 357 2147 380 secundum

1588 401 1641 418 eum
1651 395 1680 419 ib.

1634 447 1665 452 —
1682 436 1837 458 duodenarius
1853 438 1887 457 est
1899 434 2019 457 abundans
2030 435 2049 458 B
2061 435 2105 457 259
2119 434 2134 457 1)

1634 486 1665 491 -
1681 474 1842 503 sexagenarius
1853 477 1887 496 est
1899 474 2013 502 per't'ectus
2025 474 2067 497 DD
2079 474 2123 496 430
2136 479 2149 495 a

1636 513 1695 536 Nunc
1714 526 1742 529 —
1759 514 1897 536 aeternitatis
1914 513 1969 536 dicit
1984 513 2111 541 simplicem
2123 513 2150 535 si-

1588 552 1705 575 multatem
1722 556 1745 575 et
1761 553 1836 575 differt
1852 552 1881 575 ab
1899 552 2031 575 aeternitate
2046 558 2107 581 quae
2119 552 2150 574 di-

1588 591 1618 614 cit
1635 591 1823 615 interminabilem
1836 592 2012 614 immensitatem
2031 590 2072 619 QD
2088 591 2117 613 92
2135 597 2147 613 a

1589 630 1629 652 13*
1640 643 1671 647 -
1682 633 1716 653 est
1727 634 1772 653 tota
1785 631 1881 654 essentia
1894 631 2021 653 durationis
2034 629 2063 653 ib.
2076 630 2091 652 b
2110 630 2150 652 lii*

1589 682 1618 685 —
1636 670 1710 692 differt
1726 676 1738 692 a
1757 673 1841 698 puncto
1859 669 1888 693 ib.

1844 904 1897 927 ΟΡΕ

1633 943 1726 966 ORATOR
1744 956 1775 960 —
1794 944 1850 972 quid
1870 946 1986 972 praestare
2008 943 2103 970 debeat,
2124 946 2149 966 ut

1587 983 1646 1006 bene
1663 982 1788 1011 adimpleat
1804 986 1880 1011 partes
1896 988 1950 1005 suas
1967 983 1989 1005 H
2005 983 2048 1005 353
2067 982 2082 1005 b

1632 1022 1747 1044 Onai-:s—
1758 1028 1838 1044 eorum
1856 1022 1972 1044 influentia
1989 1021 2011 1044 11
2028 1021 2072 1044 404
2090 1021 2105 1044 b

1632 1062 1695 1084 Onno
1713 1073 1744 1078 —
1763 1064 1797 1084 est
1819 1061 1938 1089 dispositio
1961 1061 2051 1089 parium
2074 1061 2150 1089 dispa-

1585 1101 1693 1129 riumque
1703 1106 1745 1123 sua
1756 1101 1804 1123 loca
1817 1101 1901 1129 cuique
1913 1099 2016 1122 tribuens
2026 1099 2120 1128 00179
2133 1099 2148 1122 b

1586 1152 1615 1156 ——-
1625 1143 1659 1162 est
1671 1139 1863 1168 perfectissimus,
1876 1138 1914 1161 ubi
1933 1141 1967 1161 est
1983 1139 2087 1162 reductio
2099 1145 2148 1167 per-

1585 1180 1640 1202 fecta
1659 1179 1688 1201 ad
1709 1185 1828 1201 summum
1847 1178 1891 1201 494
1913 1178 1929 1201 b
1946 1191 1976 1195 —
1995 1181 2029 1201 est
2050 1179 2148 1206 duplex:

1584 1221 1679 1241 naturae
1694 1221 1717 1240 et
1734 1218 1831 1240 iustitiae
1849 1218 1867 1241 B
1879 1218 1923 1240 239
1941 1223 1953 1239 a
1965 1230 1997 1235 —
2008 1217 2098 1245 primus
2114 1221 2148 1240 est

1585 1258 1607 1280 in
1623 1257 1685 1280 omni
1702 1260 1782 1280 natura
1792 1274 1797 1284 ,
1814 1257 1930 1280 secundus
1946 1257 2048 1279 consistit
2065 1257 2087 1279 in
2103 1263 2145 1279 vo-

1584 1297 1669 1319 luntate
1686 1297 1780 1319 electiva
1798 1295 1827 1320 ih.
1840 1308 1868 1312 --
1882 1296 1935 1318 hnic
1951 1296 2037 1324 duplici
2054 1302 2146 1324 respon-

1585 1336 1623 1358 det
1640 1336 1722 1364 duplex
1740 1336 1838 1363 malum,
1851 1336 1873 1358 id
1885 1338 1919 1358 est
1935 1336 2016 1364 culpae
2027 1338 2050 1358 et
2060 1341 2148 1364 poenae

1585 1374 1613 1398 ib.
1625 1388 1655 1392 —
1669 1378 1704 1397 est
1720 1375 1847 1397 servandus
1865 1375 1886 1397 in
1898 1374 2020 1397 dilectione
2037 1374 2058 1397 H
2073 1374 2118 1397 524
2132 1373 2147 1397 b

1585 1426 1616 1431 —
1633 1414 1739 1440 vivendi,
1756 1414 1810 1437 vide
1828 1414 1889 1437 Dens

1632 1453 1706 1480 Oano,
1718 1459 1811 1476 sxcaxu.
1827 1465 1856 1469 ——
1870 1456 1904 1475 est
1915 1453 2058 1481 signaculum
2075 1453 2147 1482 quod-

1585 1493 1650 1520 dam,
1661 1499 1708 1522 quo
1720 1492 1843 1520 spiritualis
1861 1494 1961 1520 potestas
1977 1492 2074 1514 traditur
2087 1492 2145 1515 ordi-

1585 1535 1637 1554 nato
1655 1532 1672 1554 B
1690 1531 1735 1554 277
1753 1531 1767 1553 1)
1782 1543 1812 1548 -—
1830 1534 1863 1554 est
1879 1531 2023 1559 signaculum
2041 1531 2147 1554 distincti-

1584 1577 1654 1598 vum,
1676 1571 1831 1593 ordinativum
1848 1573 1870 1593 et
1891 1571 2053 1598 potestativum
2071 1570 2116 1593 278
2133 1577 2144 1592 a

1631 1623 1661 1627 —
1673 1613 1697 1632 ut
1708 1613 1742 1632 est
1753 1610 1896 1638 signaculum
1909 1609 2073 1637 distinctivum,
2083 1616 2146 1638 prae-

1584 1650 1673 1673 ceditur
1690 1655 1702 1671 a
1720 1652 1812 1672 tonsura
1829 1652 1852 1671 et
1868 1649 2009 1677 psalmistam
2027 1647 2057 1672 ib.

1631 1701 1661 1706 ——-
1678 1692 1703 1711 ut
1718 1692 1753 1711 est
1769 1688 1936 1716 ordinativum,
1955 1688 2006 1710 tacit
2023 1688 2147 1711 ascendere

1584 1728 1613 1751 ad
1631 1728 1784 1751 sacerdotium
1797 1733 1838 1755 per
1855 1727 1941 1755 gradus
1953 1733 1992 1750 seu
2010 1727 2102 1750 ordines
2113 1733 2146 1750 re·

1585 1768 1703 1796 mutieres,
1720 1767 1909 1795 propinquiores,
1927 1767 2044 1795 proximos
2061 1766 2091 1789 ib.
2108 1766 2123 1788 1)

1631 1819 1661 1823 -
1676 1809 1700 1829 ut.
1711 1809 1745 1829 est
1757 1806 1932 1833 potestativum,
1944 1806 2054 1833 competit
2070 1806 2091 1828 ei
2108 1811 2146 1834 po-

1585 1849 1652 1868 testas
1663 1845 1759 1873 simplex
1771 1848 1793 1867 et
1810 1848 1909 1873 potestas
1921 1845 2030 1867 excellens
2047 1847 2095 1867 tum
2113 1850 2146 1867 or-

1584 1885 1645 1908 dinis
1661 1887 1710 1907 tum
1722 1884 1884 1916 iurisdIctionis
1896 1883 1925 1907 ib.
1936 1896 1967 1900 —
1985 1886 2081 1912 utraque
2097 1884 2147 1906 eius

1584 1927 1683 1952 potestas
1701 1924 1834 1946 terminatur
1851 1924 1872 1945 in
1890 1929 1935 1945 uno
1957 1923 2065 1945 Pontifice
2086 1929 2146 1945 sum-

1584 1970 1622 1986 mo
1639 1963 1669 1986 ib.

1630 2015 1660 2020 ·-—
1677 2001 1765 2025 ordines
1788 2002 1968 2024 fundamentales
1989 2005 2041 2024 sunt
2062 2004 2107 2024 tres
2124 2001 2147 2024 H

1584 2042 1627 2064 438
1645 2048 1656 2064 a
1675 2054 1705 2058 —
1721 2041 1843 2070 promotivi
1867 2044 1912 2063 tres
1929 2043 1950 2063 et
1968 2040 2144 2063 consummativi

1583 2085 1628 2104 tres
1644 2081 1674 2104 ib.
1693 2093 1724 2097 —
1743 2087 1823 2103 corum
1846 2080 1989 2108 respectivae
2010 2085 2143 2107 correspon-

1583 2120 1673 2143 dentiae
1690 2119 1718 2142 it).
1736 2126 1770 2148 sq.

1628 2171 1660 2176 ——
1671 2159 1784 2182 Ecclesiae
1801 2159 1916 2180 militantis
1927 2158 2051 2187 quotuplex
2068 2158 2112 2180 sint
2123 2160 2145 2180 et

1583 2199 1618 2220 cui
1637 2198 1831 2226 correspondeant
1849 2197 1893 2219 439
1906 2203 1918 2220 a
1936 2204 1970 2226 sq.

1629 2238 1808 2265 —Angelorum
1826 2240 1879 2259 sunt
1895 2242 1979 2259 novem
1991 2240 2014 2259 et
2025 2236 2086 2259 unde
2103 2237 2144 2259 de-

1583 2277 1730 2299 nominentur
1748 2276 1765 2299 Β
1783 2276 1826 2298 226
1845 2282 1856 2297 a
2095 2302 2097 2304 Ι

1630 2328 1660 2332 -
1681 2314 1705 2337 in
1727 2313 1840 2343 Ecclesia,
1869 2315 2020 2342 monasticus,
2046 2315 2142 2342 laicalis,

1583 2354 1691 2377 clericalis
1720 2354 1759 2382 qui
1781 2354 1825 2376 sint
1847 2356 1869 2376 et
1891 2353 1926 2376 cui
1949 2353 2143 2381 correspondeant

1583 2393 1627 2416 440
1647 2400 1659 2415 a
1682 2405 1712 2410 -—
1733 2393 1963 2420 contemplativorum
1987 2392 2143 2415 subdividitur

1582 2432 1604 2454 in
1623 2435 1667 2455 tres
1684 2431 1712 2455 ib.
1732 2431 1745 2454 b

1628 2483 1659 2488 —
1678 2470 1789 2493 Mineruia
1814 2471 1920 2493 fundatus
1945 2473 1978 2493 est
2001 2470 2021 2492 in
2043 2470 2140 2492 maxima

1581 2510 1725 2538 simplicitate
1741 2513 1763 2532 et
1785 2512 1918 2538 paupertate
1940 2509 1983 2531 430
2002 2508 2017 2531 1)
2035 2521 2066 2525 -
2086 2510 2141 2531 haec

1580 2550 1637 2571 ratio
1654 2549 1703 2571 elus
1716 2548 1853 2571 fundationis
1870 2548 1968 2570 maxime
1980 2548 2032 2570 facit
2049 2547 2077 2570 ad
2090 2554 2142 2570 con-

1580 2588 1751 2616 temptationem
1769 2586 1796 2610 ib.
2106 2609 2109 2611 ,

1626 2627 1696 2650 Omoo
1707 2639 1738 2643 —
1749 2632 1873 2654 corporum
1891 2629 1913 2648 et
1929 2626 2058 2648 animarum
2081 2632 2142 2654 quae

1579 2666 1607 2688 sit
1625 2665 1643 2688 B
1660 2666 1706 2688 235
1723 2672 1735 2687 a
2014 2660 2016 2662 ’

1625 2704 1736 2727 optumo
1748 2716 1779 2721 -·
1792 2704 1928 2731 memoriae,
1941 2704 2078 2730 intellectus,
2096 2703 2141 2725 vir-

985 2742 1070 2764 hostilis
1087 2745 1109 2764 et
1125 2741 1256 2771 subiugatio
1278 2743 1476 2771 concupiscentiae
1499 2749 1545 2765 car-
1578 2743 1631 2766 tutis
1647 2743 1756 2765 electivae
1774 2742 1852 2770 triplex
1869 2745 1903 2765 est
1920 2743 1931 2765 Ι
1948 2742 1992 2764 303
2010 2742 2025 2764 b
2042 2748 2076 2770 sq.

984 2780 1042 2802 nalis
1058 2781 1100 2803 DD
1119 2781 1163 2816 462}
1180 2787 1191 2803 a
1210 2781 1225 2803 b
