2285 3398
764 231 1003 262 PROLEGOMENA
1024 234 1052 261 C.
1076 234 1126 262 xit.
1758 236 1810 266 th

139 311 157 338 i)
174 311 229 335 Cod.
247 318 269 334 n.
287 312 325 334 96.
342 312 452 334 membra:
471 313 583 334 l‘hareua.

139 358 165 384 k)
182 358 238 382 Cod.
256 366 276 381 n.
299 359 347 381 101.
366 358 462 382 membr.
481 359 502 380 in
520 359 545 380 8:
564 359 683 381 Tractatus
700 359 782 381 Fratris
801 359 917 381 110011100-

77 409 140 427 uuae
156 410 226 432 super
243 404 354 427 Arborein
371 405 400 427 de
417 404 575 433 eompafflzione
592 404 681 427 Christi.

140 452 158 477 1)
175 452 231 476 Cod.
248 452 336 481 absque
354 458 416 474 num.
434 451 531 474 membr.
549 452 570 474 in
588 453 613 474 8:
632 452 729 480 Lignum
747 452 815 474 vitae.

141 499 174 526 m)
192 498 248 521 Cod.
265 497 353 526 absque
370 504 433 520 num.
445 498 542 520 membr.
561 498 581 520 in
599 499 625 520 8:
644 498 814 526 Brevnoquium
831 498 866 520 Fr.
879 498 917 520 no-

78 548 216 567 naventurae
235 545 256 566 in
273 551 343 572 opera
361 550 438 567 sacrae
457 544 593 572 Scripturae.

140 592 166 619 n)
183 591 238 613 Cod.
257 591 345 620 absque
362 597 425 613 num.
445 592 515 613 chart.
534 591 555 613 in
574 591 593 614 6.
606 592 683 619 script.
696 598 733 614 an.
749 591 915 614 1196ε11η110

78 641 203 661 naventura
219 638 249 660 de
267 639 356 660 mentali
374 638 539 661 exercitatione.
556 639 625 666 lncip.
643 638 720 661 Fleelo
737 645 814 668 aerina
832 644 890 661 mea.

139 687 163 708 o)
181 684 236 707 Cod.
260 686 330 707 chart.
353 685 441 714 absque
466 691 530 707 num.
552 689 573 708 et
595 685 694 707 auctoris
721 686 827 707 nomine:
851 685 917 707 Liber

78 732 230 754 meditationis
248 733 307 754 ritae
324 732 414 755 Christi.

137 781 164 808 ρ)
181 779 237 801 Cod.
254 779 342 808 absque
358 780 457 802 auctoris
473 780 578 802 nomine:
596 780 673 802 Dlaeta
689 780 774 802 salutis.

139 827 164 855 ⁴1)
181 825 237 848 Cod.
253 826 340 855 absque
359 833 420 848 num.
442 827 524 854 partim
542 826 639 850 membr.
657 827 738 854 partim
755 828 827 849 chart.
844 827 864 849 in
881 827 914 849 16.

77 872 155 900 script.
172 878 207 894 an.
228 872 297 894 1⁴06:
320 873 337 894 1.
355 873 386 895 Dc
404 872 550 895 instructione
566 873 689 895 sacerdotis
704 872 733 895 ad
745 879 916 901 9001110001·οη-

78 918 133 941 dum
151 919 179 941 ad
197 918 357 941 celebrandam
381 920 480 941 Missam.
495 931 526 936 —
544 920 564 941 2.
582 920 705 947 Speculum
729 921 822 942 iratrum
848 919 916 941 Mino-

78 970 142 991 rum,
156 970 236 987 xerum
249 965 317 986 etiam
335 965 438 987 oninium
451 966 618 993 lleligiosorum
631 966 711 994 (Epist.
723 966 796 989 XXV.
806 966 917 994 Metaon).

141 1012 165 1033 r)
182 1011 239 1033 cod.
256 1018 278 1033 n.
295 1011 316 1033 5.
335 1011 435 1034 membr.
451 1012 473 1034 in
491 1013 526 1034 sol.
544 1019 603 1034 saec.
617 1013 675 1035 xm:
688 1013 709 1035 l.
722 1013 826 1041 Legenda
844 1012 916 1034 maior

78 1060 100 1080 et
115 1069 145 1074 —
164 1058 185 1079 2.
203 1058 308 1085 Legenda
326 1059 400 1080 minor
418 1058 477 1081 beati
495 1060 614 1082 Francisci.

140 1105 161 1129 s)
179 1104 235 1127 Cod.
258 1111 279 1127 n.
299 1105 334 1127 21.
352 1105 450 1127 membr.
468 1106 489 1128 in
515 1106 531 1128 5.
553 1106 700 1134 probabiliter
722 1113 781 1129 saec.
800 1106 861 1128 xlll:
879 1107 916 1128 Le·

80 1151 152 1180 genda
171 1152 243 1174 1110101·
260 1155 281 1174 et
298 1152 403 1179 Legenda
422 1153 503 1175 minor.

141 1199 159 1221 t>
177 1198 233 1221 Cod.
251 1205 272 1221 n.
294 1199 343 1221 110.
361 1199 456 1221 membr.
473 1199 494 1221 in
514 1199 534 1221 1.
552 1205 610 1222 saec.
630 1201 690 1222 xlll:
708 1199 813 1227 Legenda
835 1199 917 1222 minor.

142 1247 167 1268 u)
186 1247 207 1268 ln
226 1246 330 1274 pluribus
346 1246 464 1269 codicibus
481 1253 549 1269 mss:
569 1246 619 1269 Vita
637 1247 658 1268 S.
674 1246 761 1269 Clarae.

143 1293 165 1314 r)
182 1292 239 1314 (fed.
255 1292 343 1320 absque
365 1299 428 1315 num.
445 1293 515 1315 chart.
533 1293 554 1314 in
572 1293 599 1314 vi:
618 1294 739 1315 Sermones
757 1292 829 1314 festivi
849 1296 871 1314 et
889 1294 917 1314 fe-

78 1338 145 1361 riales
161 1342 182 1360 et
199 1339 313 1367 quaedam
332 1340 448 1361 miracula.

142 1386 174 1412 w)
190 1384 247 1408 cod.
259 1385 359 1407 membr.
374 1384 402 1408 in'
414 1385 435 1408 4.
446 1385 534 1414 absque
550 1391 647 1408 numero
663 1388 685 1408 et
701 1386 793 1408 nomine
807 1386 917 1413 auctoris;

78 1431 169 1454 videtur
180 1432 235 1454 divo
247 1432 420 1455 Bonaxenturae
431 1438 481 1454 esse
495 1438 605 1455 coaevus:
618 1433 740 1455 Sermones
751 1433 780 1455 ‹le
791 1433 917 1461 Tempore,

79 1479 108 1501 de
125 1480 149 1501 B.
161 1479 194 1501 ·V.
211 1479 292 1506 Maria,
309 1479 338 1501 (le
355 1478 459 1507 Angelis,
476 1479 504 1502 de
522 1479 617 1501 Sanctis.

141 1526 170 1551 J)
189 1524 309 1548 Exstabant
325 1525 442 1554 quondam
460 1526 481 1548 in
498 1525 534 1547 illa
550 1524 640 1547 libraria
658 1525 737 1548 etlam:
755 1526 772 1548 l.
784 1526 872 1548 Postilla
883 1532 919 1548 su-

79 1578 121 1601 per
138 1572 231 1594 Lucam.
246 1584 278 1589 —
295 1573 316 1594 ²2.
333 1571 495 1596 commentarii
512 1572 538 1594 D.
556 1572 642 1595 Bonav.
666 1572 689 1594 in
712 1573 809 1595 Meteora
833 1573 919 1595 Aristo-

80 1619 141 1647 telis,
158 1622 180 1642 et
195 1631 225 1636 -
242 1619 264 1641 3.
281 1619 431 1647 Quaestiones
442 1624 512 1647 super
523 1621 621 1648 quatuor
632 1618 702 1641 libros
713 1619 866 1648 Topicorum,
878 1621 919 1642 tra-

80 1667 182 1687 ctatuum
199 1665 297 1693 Logicae
314 1665 416 1694 aliaque;
433 1666 473 1687 cfr.
491 1664 610 1687 Prodrom.
627 1666 669 1688 eol.
686 1665 738 1688 387.

463 1759 535 1781 XXV.

80 1849 203 1880 Catalogus
219 1850 328 1881 antiquus
344 1850 492 1874 bibliothecae
503 1851 634 1875 monasterii
645 1851 795 1882 flammeis,
813 1852 873 1882 sign.
891 1853 918 1876 Β.

142 1897 180 1920 ³8.
198 1896 272 1920 chart.
290 1897 313 1919 in
333 1897 368 1920 12.
387 1904 445 1920 saco.
458 1897 504 1920 XV.
517 1898 618 1927 exeunt„
633 1898 687 1921 haee
705 1898 793 1922 indicat
805 1898 828 1922 S.
845 1899 920 1922 Bone-

142 1943 252 1966 venssuruo
269 1950 346 1973 open:

147 2038 165 2060 l.
182 2039 255 2066 Super
272 2037 342 2060 libros
359 2038 525 2060 sentenciarum
546 2039 564 2061 1.
582 2039 602 2060 -2,
622 2039 644 2061 3.
662 2039 683 2061 t.
695 2032 752 2061 'enm
770 2042 837 2062 textu.

143 2086 166 2107 2.
183 2085 290 2112 Excerpta
308 2091 334 2107 ex
352 2085 472 2107 sentenciis
489 2085 546 2107 eius.

143 2132 164 2154 3.
182 2132 362 2161 Breriloquium.

143 2178 165 2200 4.
182 2179 213 2200 De
231 2178 318 2201 Arbore
335 2179 416 2201 crucis.

143 2224 166 2246 5.
182 2224 316 2252 QuestIones
332 2231 402 2253 snper
424 2225 499 2253 primo
521 2228 543 2247 et
566 2225 667 2248 secundo
690 2226 855 2249 sentenciarnm
878 2233 919 2255 per

81 2270 176 2293 modum
194 2271 373 2294 conclusionum.

144 2318 166 2340 6.
184 2317 271 2340 Tabula
288 2324 329 2346 per
346 2319 441 2341 modum
459 2318 549 2346 registri
565 2325 634 2347 super
649 2320 671 2342 3.
687 2320 865 2348 ser-tenemium,
882 2327 919 2343 su-

82 2369 123 2391 per
140 2363 224 2385 verbo:
242 2370 286 2391 ego
303 2370 354 2386 snm
372 2364 431 2386 vitis.

143 2410 165 2432 7.
183 2410 292 2433 Stimnlns
309 2412 402 2433 amoris,

144 2457 166 2478 8.
183 2458 256 2484 Super
278 2457 296 2479 l.
313 2458 334 2479 2.
352 2458 373 2479 .’1.
392 2458 412 2480 l.
429 2464 482 2479 eum
500 2461 567 2480 textu.

144 2503 165 2524 0.
183 2503 215 2525 De
232 2506 320 2531 septem
334 2504 453 2532 gradibus.

149 2550 182 2572 10.
199 2551 272 2578 Super
289 2550 364 2578 primo
381 2551 557 2573 sentent-iarum.

148 2596 181 2618 11.
199 2596 328 2618 ltinerarius
345 2598 426 2619 mentis
444 2597 464 2619 in
483 2597 564 2619 Deum.

148 2643 181 2665 12.
199 2643 231 2665 De
248 2643 329 2671 triplici
346 2647 397 2666 actu
415 2644 546 2666 ierarchico.

148 2691 182 2712 ¹3.
199 2691 230 2712 lte
248 2691 349 2720 quinque
367 2690 526 2713 sestixitatibns
543 2691 638 2714 infancie
654 2692 743 2715 tjhristi.

149 2737 181 2758 11.
197 2737 229 2759 1)0
245 2743 341 2765 corpore
358 2737 447 2760 Christi.

148 2784 181 2805 1Ξ1.
200 2785 292 2806 Sermo:
310 2784 478 2814 &nifilmnlmt

1039 312 1072 333 16.
1091 312 1154 334 Pater
1171 313 1254 334 noster,

1039 358 1073 380 l7.
1090 358 1121 380 De
1139 357 1281 380 institucione
1299 359 1451 382 noviciorum.

1036 405 1072 427 ts.
1090 405 1121 427 De
1138 405 1299 427 informat-ione
1316 405 1471 432 noviciorum,
1489 407 1591 434 prosectu
1603 406 1650 430 vite
1667 408 1779 436 religiose.

1039 452 1074 474 te.
1090 451 1200 480 Apologia
1217 453 1294 473 contra
1312 452 1516 480 calumpniatorem
1534 459 1617 481 evang.
1634 455 1782 482 paupertatis.

1036 499 1072 521 20.
1091 499 1122 521 De
1140 497 1271 521 humilitate.

1035 545 1072 566 21.
1090 545 1122 566 De
1139 544 1206 566 laude
1223 544 1323 567 melliflui
1342 545 1440 567 nominis
1457 546 1514 568 lesu.

1036 592 1072 613 22.
1090 591 1167 619 Imago
1184 592 1237 614 vite.

1036 638 1072 660 23.
1090 638 1224 666 Preparacio
1242 637 1315 661 Misse.

1035 684 1073 707 2⁴.
1092 685 1185 706 Sermo:
1202 685 1275 707 Omne
1291 685 1370 707 datum
1387 686 1509 714 optimum.

1036 731 1071 753 25.
1090 731 1186 759 Epistola
1203 732 1315 754 eiusdem.
1332 733 1492 755 Sacramentis.

1035 778 1071 800 26.
1090 777 1151 800 Utilis
1165 779 1314 806 contemplac.

1035 825 1073 848 27.
1089 825 1191 848 Peniteas
1208 826 1259 848 cito.

1035 873 1071 894 28.
1090 873 1192 895 Planctus
1209 874 1292 896 anime.

1034 919 1071 941 29.
1088 919 1120 941 De
1137 919 1237 942 caritate.

1035 966 1071 987 30.
1089 966 1121 988 De
1138 966 1249 994 gradibus
1266 967 1294 989 ad
1312 967 1446 995 sapientiam
1463 971 1485 990 et
1497 968 1659 992 informacione
1677 970 1796 993 iuvenum.

1351 1045 1433 1068 XXVl.

972 1119 997 1143 111
1014 1120 1061 1143 cod.
1085 1122 1202 1151 spatam
1219 1122 1247 1144 ad
1269 1122 1428 1146 bibliethmm
1451 1123 1590 1147 Mammam
1612 1124 1726 1153 Venetus,
1751 1125 1811 1155 sign.

1035 1167 1112 1191 Classe
1129 1168 1199 1191 xxn.
1218 1175 1240 1191 n.
1261 1168 1311 1192 130.
1329 1176 1388 1192 saec.
1411 1169 1469 1192 XIV.
1488 1169 1511 1192 in
1533 1171 1554 1193 4.
1571 1169 1646 1194 folior.
1670 1172 1725 1199 178,
1749 1172 1811 1195 inter

1034 1215 1082 1238 alia.
1098 1215 1206 1245 leg-untur
1223 1217 1277 1240 haee
1295 1216 1343 1245 (fol.
1362 1217 1414 1240 155.
1431 1220 1478 1242 vd:

1038 1303 1048 1313 α
1062 1294 1101 1315 llic
1119 1295 1178 1322 Papa
1197 1294 1330 1323 [Gregorius
1348 1294 1385 1324 x.]
1398 1296 1448 1318 tecit
1460 1296 1519 1318 duos
1531 1296 1653 1323 magistros
1664 1296 1686 1318 ‘tn
1698 1298 1811 1325 theologia

974 1339 1114 1366 cardinales;
1138 1346 1197 1362 unns
1221 1340 1261 1362 tuit
1285 1340 1314 1362 de
1336 1340 1419 1363 Ordine
1442 1342 1537 1363 fratrum
1558 1341 1742 1370 medicatorum,
1765 1343 1812 1365 scil.

975 1386 1001 1407 ir.
1018 1386 1096 1407 Petrus
1118 1386 1147 1408 de
1165 1386 1321 1408 Tan-amasia...
1343 1386 1405 1408 Allus
1428 1386 1468 1408 11111
1488 1389 1552 1414 pater
1574 1387 1635 1409 Bona
1659 1391 1754 1411 ventura
1777 1389 1812 1411 xir

974 1432 1034 1454 bone
1052 1432 1097 1454 vite
1114 1435 1136 1454 et
1153 1432 1203 1454 fecit
1220 1433 1304 1460 scripta
1329 1439 1399 1461 super
1416 1434 1449 1456 1111
1464 1433 1534 1456 libros
1551 1434 1716 1457 Sententiarum
1733 1438 1755 1457 et
1773 1436 1813 1458 tuit

975 1479 1077 1502 minister
1094 1480 1205 1507 generalis
1228 1480 1338 1502 Minornm
1355 1483 1377 1502 et
1394 1483 1471 1508 postea
1495 1481 1615 1503 cardinalis
1637 1481 1770 1505 Albanensis
1792 1487 1813 1506 et

975 1526 1097 1554 postillaiit
1113 1527 1200 1555 aliquos
1223 1526 1293 1549 libros
1310 1526 1392 1554 biblie,
1409 1528 1467 1550 sicut
1489 1527 1560 1550 libros
1581 1528 1709 1551 Salomonis
1732 1532 1753 1551 et
1775 1529 1814 1552 lol»

975 1575 997 1594 et
1013 1572 1120 1600 epistolas
1137 1572 1199 1594 Pauli
1212 1581 1232 1595 ».

1039 1619 1064 1640 Et
1080 1618 1117 1640 iol.
1134 1618 1187 1641 ⁴59.
1204 1625 1234 1647 r.,
1246 1619 1341 1648 loquens
1358 1619 1387 1642 de
1403 1620 1493 1648 scriptis
1505 1621 1526 1642 S.
1539 1621 1723 1649 Bonaventurae,
1735 1626 1814 1645 auctor

975 1664 1040 1686 dicit:
1060 1673 1071 1684 α
1083 1664 1138 1686 ltem
1156 1665 1225 1687 multa
1243 1665 1285 1687 alia
1303 1672 1348 1694 que
1366 1672 1407 1693 per
1424 1666 1519 1689 modum
1531 1668 1703 1697 reportationis,
1715 1668 1772 1691 dum
1784 1669 1814 1691 le-

976 1714 1052 1739 geret,
1074 1712 1164 1734 suerunt
1186 1712 1273 1740 habita,
1291 1716 1315 1734 ut
1337 1716 1388 1735 sunt
1410 1714 1499 1741 postille
1515 1720 1585 1742 super
1607 1721 1689 1737 omnes
1707 1716 1814 1744 epistolas

976 1763 1051 1788 preter
1076 1760 1195 1788 epistolam
1218 1761 1246 1782 ad
1270 1761 1396 1787 Romanos,
1416 1767 1487 1790 quam
1511 1762 1558 1790 ipsa
1578 1762 1609 1791 (1)
1628 1763 1721 1791 propria
1744 1769 1814 1786 manu

975 1807 1076 1834 scripsit,
1093 1810 1114 1828 et
1132 1807 1243 1834 postillam
1261 1813 1330 1835 super
1348 1808 1480 1836 lohannem,
1497 1815 1567 1836 super
1584 1809 1686 1838 quinque
1703 1810 1814 1838 capitula,

976 1854 1015 1876 sed
1034 1856 1105 1876 totum
1123 1853 1183 1876 aliud
1202 1854 1241 1876 tuit
1259 1854 1382 1881 reportatio
1394 1863 1415 1876 n.

1040 1900 1161 1927 Snpposita
1180 1900 1274 1922 xeritate
1292 1900 1359 1922 huius
1374 1900 1479 1928 notitiae,
1496 1904 1584 1924 certum
1601 1905 1671 1930 esset,
1688 1903 1751 1937 quod
1769 1910 1813 1926 non

977 1949 1064 1968 tantum
1082 1952 1211 1972 sermones,
1234 1946 1274 1968 sed
1292 1947 1359 1968 etiam
1383 1947 1486 1974 postillae
1502 1947 1551 1970 sive
1573 1949 1732 1977 explicationes
1750 1950 1815 1973 libro-

976 1999 1027 2014 rum
1045 1998 1063 2014 s.
1080 1992 1210 2020 scripturae
1227 1999 1253 2014 01
1270 1999 1309 2015 ore
1326 1993 1421 2015 dicentis
1437 1993 1467 2015 ab
1489 1993 1632 2016 auditoribus
1653 1995 1738 2023 scripto
1754 2002 1815 2018 exce-

976 2042 1028 2067 ptae
1048 2039 1100 2062 sint.
1117 2040 1145 2061 lta
1170 2040 1233 2062 facile
1259 2040 1432 2068 intelligeretur,
1457 2041 1520 2070 quod
1546 2042 1641 2064 Sanctus
1665 2049 1708 2070 pro
1727 2049 1769 2066 sno
1794 2044 1815 2066 in

975 2093 993 2108 s.
1010 2087 1151 2114 Scripturain
1169 2093 1259 2115 amore,
1276 2094 1346 2116 quem
1365 2088 1429 2110 toties
1445 2088 1467 2110 in
1485 2088 1646 2111 Collationibus
1662 2090 1684 2111 ln
1697 2090 1816 2113 110100010-

976 2140 1017 2155 ron
1034 2136 1135 2160 testatur,
1153 2134 1229 2162 plures
1246 2133 1316 2156 libros
1328 2134 1431 2157 eiusdem
1444 2135 1588 2163 explicaverit
1601 2136 1653 2158 riva
1666 2143 1734 2165 voce,
1746 2144 1815 2166 quani

975 2180 1065 2208 scriptis
1087 2181 1146 2208 suis,
1163 2184 1185 2203 et
1201 2181 1264 2209 quod
1283 2187 1364 2209 reapse
1381 2182 1428 2204 suis
1446 2181 1553 2204 tratribus
1572 2183 1719 2211 explicaverit
1736 2190 1816 2206 omnes

976 2227 1025 2249 illos
1046 2226 1118 2249 libi-os
1129 2228 1272 2255 scripturae,
1284 2235 1342 2256 quos
1355 2229 1440 2257 antiqui
1452 2232 1521 2251 testes
1538 2231 1651 2258 referunt,
1668 2237 1751 2259 nempe
1764 2231 1814 2254 viru

976 2281 1039 2301 voce,
1060 2275 1109 2296 aliis
1125 2275 1210 2302 scripto
1227 2276 1401 2303 excipientibus.
1412 2276 1472 2298 llaec
1484 2277 1579 2304 scripta¹
1593 2280 1671 2305 utpote
1683 2277 1712 2300 ab
1724 2282 1815 2301 auctore

976 2328 1020 2344 non
1038 2322 1110 2349 edita,
1128 2323 1206 2350 paucis
1225 2322 1394 2345 innotescebant
1405 2327 1427 2346 et
1440 2327 1516 2351 postea
1530 2325 1666 2353 plerumque
1677 2325 1746 2348 oblita
1757 2330 1816 2349 sunt.

976 2369 1058 2395 Porro,
1070 2368 1088 2390 si
1100 2369 1167 2390 etiam
1180 2370 1290 2396 opuscula
1307 2371 1427 2398 reportata
1445 2370 1549 2392 eiusdem
1561 2371 1603 2398 ipsi
1617 2370 1753 2400 tribuuntur,
1771 2380 1814 2395 1100

977 2418 1009 2437 est
1023 2414 1153 2437 incredibile
1171 2415 1192 2437 id
1212 2415 1275 2444 quod
1294 2416 1370 2443 plurae
1388 2416 1481 2438 indiculi
1499 2417 1601 2444 tradunt,
1618 2418 1657 2446 qui
1675 2418 1695 2440 ei
1715 2418 1814 2441 tribuunt

977 2462 1086 2489 opuscula
1097 2467 1170 2490 usque
1179 2461 1339 2484 adnumerum
1353 2463 1405 2484 300.
1417 2463 1461 2485 Soli
1474 2469 1592 2485 sermones
1604 2464 1706 2491 genuini,
1720 2466 1815 2492 plerum-

977 2515 1021 2537 que
1039 2508 1164 2538 reportati,
1183 2509 1253 2530 multo
1271 2509 1381 2531 ext-edunt
1400 2510 1461 2532 illurn
1479 2516 1609 2533 numerum.

1041 2554 1083 2576 Sed
1096 2555 1230 2582 scrupulum
1250 2555 1330 2581 iniit-it,
1348 2555 1410 2584 quod
1428 2555 1458 2577 ab
1470 2556 1569 2584 antiquis
1580 2557 1737 2585 scriptoribus,
1750 2562 1771 2580 ut
1784 2565 1816 2580 re·

979 2602 1020 2623 sert
1032 2601 1118 2623 Echard
1132 2602 1222 2629 (script.
1235 2602 1288 2624 Ord.
1303 2602 1382 2626 l’raed.
1394 2603 1407 2624 l.
1421 2609 1473 2631 pag.
1487 2603 1532 2625 :325
1544 2604 1586 2625 col.
1597 2605 1636 2631 2.),
1647 2604 1727 2626 eadem
1739 2605 1816 2627 dicun-

979 2650 1013 2669 tur
1031 2647 1060 2669 de
1077 2648 1164 2670 Postilla
1183 2648 1205 2670 S.
1223 2648 1325 2670 Thomae
1342 2649 1365 2670 in
1383 2650 1500 2676 loannem,
1518 2650 1651 2677 praesertim
1663 2656 1675 2671 a
1688 2651 1816 2673 Ptolomaeo

979 2693 1026 2719 (lib.
1045 2694 1122 2716 XXlll.
1140 2701 1160 2716 c.
1177 2695 1236 2722 tem:
1257 2704 1267 2714 ιι
1281 2695 1348 2723 ltem,
1371 2695 1482 2717 Postillam
1502 2702 1572 2723 super
1590 2696 1708 2724 loannem,
1725 2697 1754 2719 de
1771 2704 1814 2726 qua

979 2741 1026 2768 ipse
1047 2746 1116 2768 super
1133 2741 1235 2770 quinque
1257 2741 1355 2769 capitula
1373 2742 1466 2770 proprio
1483 2742 1533 2764 stilo
1550 2743 1647 2769 notavit;
1666 2746 1737 2765 totum
1755 2744 1815 2765 aliud

978 2790 1117 2814 reportatum
1135 2788 1188 2814 fuit,
1206 2788 1246 2810 sed
1263 2791 1390 2810 correctum
1410 2789 1449 2811 suit
1467 2795 1508 2817 per
1525 2789 1599 2817 ipsum
1614 2799 1634 2812 n.
