2285 3398
259 693 310 712 item,
325 693 343 710 iu

269 718 342 739 quarto.

229 1022 248 1040 Iu
262 1022 291 1048 hjs
305 1024 342 1040 lota

237 1046 340 1069 Scriptura.

234 1632 253 1650 ln
267 1631 295 1650 his
307 1637 345 1655 my>

215 1655 279 1674 stoi-iis
300 1655 345 1678 ligu-

216 1681 267 1697 ratur
292 1679 344 1697 Clu-i-

216 1704 256 1720 stus
269 1703 287 1720 et
298 1702 345 1720 anti-

215 1725 303 1744 christus.

241 1867 269 1886 De
284 1867 345 1893 ¹Augu-

266 1893 320 1909 suno.

244 2289 307 2307 Primo
324 2288 347 2307 de

255 2312 336 2331 Christo.

365 186 420 213 396

439 263 481 291 14.
504 262 625 299 Tempus
640 262 802 299 prophetiae
815 271 832 290 a
846 262 973 291 Samuele
994 263 1110 300 incepit,
1132 263 1207 300 quod

215 310 439 343 12011·.s‚1==e=--1iabet
464 309 591 338 similiter
623 308 676 337 tria
697 309 847 345 mysteria:
876 309 999 346 primum
1028 309 1207 338 inum-tionis

356 365 475 394 regum,
498 358 529 384 ut
544 355 571 383 in
593 355 665 384 libro
680 355 784 393 Regum
805 358 833 385 et
847 356 1086 393 Paralipomenon;
1109 364 1207 385 secun-

355 403 422 432 dum
444 402 495 431 fuit
516 402 700 431 revelationis
726 402 961 440 Prophetarum,
984 406 1016 432 ut
1044 404 1071 432 in
1093 403 1207 432 Psalmis

354 453 382 479 et
403 449 547 478 duodecim
571 449 714 486 Prophetis
741 449 897 479 minoribus
917 453 945 479 et
972 453 1094 487 quatuor
1122 449 1206 477 maio-

356 497 448 531 rihus;
472 496 585 525 tertium
607 496 836 525 restaurationis
857 497 1031 534 principum
1060 500 1085 524 et
1109 504 1207 524 sacer-

356 544 476 576 dotum;
504 546 531 572 et
561 543 630 572 illud
658 546 700 572 est
728 543 844 577 Esdrae‚
872 543 1019 572 Nehemiae
1047 546 1075 571 et
1100 543 1207 571 Macha-

357 590 497 619 baeorum.

440 634 481 665 13.
505 638 532 666 ln
555 641 656 674 quarto
678 641 803 675 tempore
824 641 890 666 sunt
911 638 964 666 tria
985 637 1129 673 mysteria:
1152 636 1208 672 pri-

357 693 433 713 mum
456 685 661 722 redemptionis
682 684 848 719 bominum,
870 685 898 713 in
922 684 1089 721 Evangeliis;
1111 691 1208 712 secun-

356 732 423 760 dum
446 731 613 769 diffusionis
634 731 864 766 charismatum,
887 731 914 760 in
936 731 1048 760 Actibus
1069 730 1209 766 Apostolo-

357 787 419 807 rum
442 782 470 807 et
492 779 617 816 Epistolis
639 779 713 807 l'auli
735 782 763 807 et
784 778 935 812 canonicis,
956 778 1005 806 ubi
1023 777 1209 806 ostenduntur

356 829 462 863 septem
491 826 563 854 dona
590 826 710 862 Spiritus
737 825 843 859 sancti;
873 824 987 854 tertium
1019 823 1210 852 reserationis

357 872 603 910 Scripturarum,
625 872 652 901 in
675 872 844 909 Apocalypsi.
865 872 927 900 Post
947 871 1022 909 quod
1044 879 1097 899 non
1121 873 1210 908 potest

356 928 416 949 esse
437 920 521 948 aliud.
1056 931 1059 932 ν

439 968 479 996 16.
503 968 530 996 In
547 967 592 996 his
604 967 749 996 duodecim
765 966 903 1003 mysteriis
924 969 966 995 est
980 969 1037 995 tota
1056 966 1208 1003 Scriptura.

357 1015 402 1044 Iob
422 1017 450 1043 et
472 1015 579 1049 Esther,
601 1014 716 1048 Tobias,
738 1014 828 1043 Iudith
851 1014 1032 1043 cohaerentes
1054 1016 1119 1043 sunt
1133 1013 1209 1042 aliis:

355 1061 481 1099 quia-lob
491 1062 622 1090 cohaeret
638 1061 698 1103 Legi
714 1064 741 1090 et
756 1061 913 1098 Prophetis,
928 1060 973 1089 alii
989 1064 1046 1089 tres
1060 1061 1211 1089 cohaerent

357 1109 433 1138 libris
454 1109 672 1137 restaurationis.
689 1124 726 1129 —
746 1108 821 1137 Unde
842 1108 914 1136 dixit
925 1109 944 1142 ¹,
966 1107 1041 1145 quod
1061 1107 1210 1144 aliquando

358 1156 425 1185 liber
447 1155 493 1184 Iob
515 1159 607 1184 umiae
628 1155 802 1184 auctoritatis
816 1155 868 1183 suit
882 1154 955 1192 apud
971 1154 1100 1188 Iudaeos⁷
1115 1158 1147 1183 ut
1161 1162 1210 1190 po-

358 1206 471 1232 neretur
492 1203 519 1231 in
540 1210 621 1235 arca,
637 1202 684 1231 ubi
704 1205 784 1231 erant
804 1202 883 1239 virga
904 1206 931 1230 et
952 1202 1070 1230 tabulae.
1088 1217 1123 1222 —
1139 1201 1209 1230 Haec

357 1253 423 1278 sunt
433 1249 577 1278 duodecim
594 1250 667 1286 ligna
681 1249 847 1286 pullulantia
858 1249 885 1277 in
897 1249 1032 1286 paradiso.
1047 1249 1074 1276 ln
1086 1248 1209 1285 quolibet

358 1297 475 1325 istorum
495 1299 560 1324 sunt
581 1295 725 1324 duodecim
748 1295 862 1323 lumina
876 1295 1121 1332 intelligentiarum
1136 1294 1208 1323 Scri-

359 1345 523 1379 pturarum,
545 1342 649 1370 scilicet
668 1341 828 1379 allcyoria,
854 1342 1005 1379 anagogia
1029 1345 1056 1370 et
1085 1341 1208 1378 tropolo-

356 1389 426 1426 yia;
454 1391 481 1417 et
501 1388 645 1417 duodecim
674 1388 821 1417 duodecies
849 1392 914 1417 sunt
939 1389 1008 1423 144,
1037 1392 1064 1417 et
1093 1389 1209 1418 resultat

359 1443 494 1464 numerus
516 1435 619 1464 scilicet
647 1435 819 1472 signatorum
840 1437 868 1463 et
895 1443 1030 1463 numerus
1058 1435 1176 1463 civitatis
1187 1436 1207 1463 2.

358 1482 433 1511 Unde
454 1482 482 1510 in
512 1482 632 1511 Psalmo:
660 1481 762 1510 Revela
789 1481 886 1510 oculos
914 1489 1007 1515 meos,
1029 1486 1054 1510 et
1082 1482 1209 1510 conside-

358 1529 430 1558 rabo
451 1528 604 1558 mirabilia
625 1529 659 1557 cle
680 1528 737 1565 leye
759 1532 819 1556 tua.

439 1578 482 1605 17.
506 1577 544 1605 De
566 1576 610 1605 his
637 1575 783 1604 duodecim
812 1574 893 1612 lignis
922 1575 982 1603 volo
1010 1575 1155 1604 aedificare
1183 1578 1211 1604 et

357 1624 465 1661 erigere
487 1623 699 1652 tabernaculum
720 1622 747 1650 in
776 1621 866 1651 corde.
894 1637 930 1642 —
956 1622 984 1650 In
1006 1621 1134 1658 paradiso
1159 1621 1211 1650 suit

358 1670 471 1709 liquam
502 1670 597 1704 vitae,
629 1673 657 1698 et
687 1669 740 1698 tuit
771 1669 885 1707 lig-num
916 1668 1053 1697 scientiae
1089 1668 1157 1696 boui
1185 1672 1210 1696 et

358 1717 431 1746 mali
441 1717 462 1752 ³,
483 1720 511 1746 et
532 1717 570 1746 sic
592 1717 618 1745 in
634 1716 763 1745 omnibus
785 1715 945 1753 Scripturae
959 1715 1099 1752 mysteriis
1120 1714 1210 1751 expli-

357 1769 436 1794 catur
457 1764 591 1793 Cbristus
612 1772 675 1793 cum
696 1772 811 1801 corpore
833 1771 900 1796 suo,
920 1766 947 1791 et
968 1761 1162 1791 antichristus
1183 1765 1210 1790 et

357 1812 483 1841 diabolus
504 1820 566 1841 cum
589 1820 706 1848 corpore
727 1819 786 1840 suc.
810 1811 841 1839 Et
861 1811 914 1840 hoc
936 1810 1018 1839 modo
1040 1810 1210 1847 Augustinus

358 1859 421 1888 fecit
443 1859 545 1888 librum
573 1859 607 1888 de
627 1858 742 1887 Civitate
770 1858 834 1892 Dei,
857 1857 904 1886 ubi
927 1857 1024 1895 incipit
1051 1865 1067 1885 a
1088 1857 1153 1885 Cain
1182 1860 1210 1885 ct

358 1906 452 1934 Abel&
476 1906 504 1934 ln
526 1905 624 1942 primis
644 1905 738 1933 decem
762 1905 840 1933 libris
860 1904 916 1942 agit
936 1904 970 1933 de
989 1904 1045 1933 Deo
1066 1907 1093 1933 et
1114 1912 1209 1941 repro-

358 1953 404 1981 bat
424 1953 622 1985 idololatriam;
645 1952 671 1980 in
694 1956 815 1989 quatuor
830 1952 890 1981 aliis
910 1952 944 1981 de
959 1952 1036 1980 initio
1058 1951 1208 1985 Ecclesiae;

358 2000 384 2028 in
407 2000 467 2028 aliis
487 2002 609 2036 quatuor
623 2000 844 2036 de1progressu3
866 1999 892 2028 in
913 1999 1018 2028 ultimis
1039 2002 1161 2036 quatuor
1175 1998 1210 2027 de

359 2047 493 2075 Ecclesiae
513 2046 758 2075 consummatione.
780 2045 883 2075 Omnes
897 2046 969 2074 enim
993 2046 1082 2075 Sancti
1110 2046 1209 2083 praeti-

359 2095 531 2129 guraverunt
552 2092 694 2120 Christum
717 2095 771 2120 tam
792 2092 864 2121 facto
882 2100 965 2129 quam
988 2092 1089 2124 verbo,
1111 2094 1143 2120 ut
1164 2092 1210 2120 lob

359 2139 441 2168 etiam
462 2139 550 2176 magis
577 2139 648 2167 Iacto
669 2147 752 2176 qnam
781 2139 882 2173 verbo,
904 2143 935 2168 ut
966 2139 1032 2168 dicit
1059 2139 1210 2176 Gregorius

360 2186 442 2214 tertio
464 2186 617 2214 Moralium.

443 2234 484 2261 18.
508 2233 637 2262 Dicamus
657 2241 724 2269 ergo
744 2233 778 2261 de
798 2233 923 2267 Christo,
945 2233 1017 2270 quod
1040 2236 1082 2262 est
1096 2233 1210 2271 liynum

362 2280 435 2309 citae
457 2280 487 2309 in
509 2280 602 2308 medio
620 2280 762 2317 paradisi
769 2280 795 2312 ⁵,·
814 2280 860 2317 qui
883 2280 1008 2317 signatur
1030 2280 1056 2308 in
1079 2283 1209 2317 quatuor,

970 185 1002 213 ιΝ
1023 178 1245 213 ΗΕΧΑΕΜΕΒΟΝ
1266 182 1429 211 contario
1451 183 1516 210 xiv.

1264 269 1336 298 qnae
1356 263 1422 288 sunt
1444 260 1470 288 in
1493 260 1583 297 primo
1604 261 1752 297 mysterio,
1774 262 1870 291 abillo
1892 264 1962 292 loco:
1986 265 2021 293 lu
2032 266 2260 302 pri'n-Ordoprnnus.

1264 307 1340 344 cipio
1372 307 1498 341 creauit,
1530 315 1621 344 usque
1646 307 1700 336 ibi:
1732 312 1875 345 corrupta
1906 313 1954 338 est.
1987 311 2117 348 Signatur
2144 318 2236 345 *optimo

1264 354 1349 391 igitur
1371 362 1421 391 per
1443 354 1590 383 luminare
1610 354 1727 388 maius,
1749 362 1799 391 per
1821 355 1935 392 liynum
1955 357 2046 391 vitae,
2069 367 2118 395 per
2132 342 2247 392 ¹¹¹yii⁵ss⁶uJ2iss⁵

1266 400 1349 428 Adae
1369 400 1565 434 connubium,
1587 400 1711 429 maxime
1732 409 1781 437 per
1797 401 1868 429 Abel
1888 402 2030 431 occisum:
2053 404 2118 441 quia
2151 390 2228 407 C'mffl'

1265 447 1393 475 Christus
1414 447 1576 477 interfectus
1604 451 1645 476 est
1666 456 1682 476 a
1703 448 1838 477 fratribus
1859 449 1931 483 suis;
1961 452 1988 477 et
2009 450 2118 486 signum

1265 494 1387 530 positum
1409 497 1450 523 est
1481 495 1507 523 in
1530 495 1652 529 Iudaeis,
1686 498 1716 524 ut
1746 496 1806 524 non
1823 495 2042 530 interficiantur,
2072 497 2117 525 sed

1266 541 1321 569 sint
1342 541 1403 578 vagi
1425 545 1452 570 et
1474 543 1582 579 profugi
1605 550 1690 580 super
1712 546 1826 571 terram.

1349 589 1391 616 19.
1416 589 1442 617 ln
1471 590 1592 618 secundo
1620 590 1771 627 mysterio,
1800 590 1903 619 scilicet
1928 590 2183 628 purgationisltom.
2199 597 2261 616 inse-

1265 635 1406 663 scelerum
1417 635 1438 669 ὅ,
1460 636 1585 673 signatur
1606 645 1656 674 per
1678 637 1738 666 Noe
1750 637 1936 674 cerularum,
1958 637 2007 674 qui
2022 637 2119 666 hahuit
2163 621 2231 639 ⁰⁰⁰⁶&

1267 685 1324 711 tres
1345 682 1432 716 filios,
1454 685 1481 711 et
1502 683 1591 720 signat
1608 684 1764 717 Christum,
1786 684 1834 721 qui
1850 683 1948 713 hahuit
1962 687 2020 713 tres
2034 684 2117 717 filios,

1267 729 1371 757 scilicet
1391 729 1518 763 Graecos
1540 730 1668 765 Iudaeos,
1690 731 1814 765 Latinos;
1837 730 1904 768 quia
1924 731 2046 768 scriptus
2059 733 2120 759 erat

1267 775 1366 804 titulus
1387 776 1489 805 litteris
1515 776 1651 811 Graecis,
1672 778 1827 806 Hebraicis
1842 781 1868 806 et
1883 778 2004 806 Latinis.
2016 778 2119 815 'Signa-

1268 826 1314 851 tur
1336 831 1386 859 per
1406 831 1512 851 arcam
1533 822 1730 860 fabricatam,
1753 833 1824 861 quae
1845 824 1995 862 respondet
2009 824 2117 862 corpori

1267 870 1368 899 Christi
1397 870 1601 907 principaliter,
1626 872 1790 900 secundario
1819 872 1962 901 Ecclesiae.
1989 872 2119 909 Signatur

1268 925 1317 954 per
1338 926 1446 946 arcum
1474 917 1507 946 in
1526 917 1669 952 nubibus,
1698 919 1745 956 qui
1768 921 1809 947 est
1836 918 1956 955 siynum
1983 917 2116 955 foederis.

1268 965 1398 1002 Signatur
1412 973 1463 1002 per
1478 965 1538 994 Noe
1562 966 1721 1000 nudatum,
1742 967 1876 995 iacentem
1890 966 1918 994 in
1940 966 2119 995 tabernaculo

1267 1012 1385 1040 ebrium.
1409 1012 1565 1041 Inebriatus
1583 1012 1635 1041 fuit
1656 1013 1784 1042 Christus
1805 1020 1899 1041 amore
1914 1020 2031 1049 sponsae
2052 1020 2118 1042 suae

1267 1062 1294 1088 et
1315 1059 1437 1088 nudatus
1464 1059 1517 1088 fuit
1538 1060 1565 1088 in
1594 1068 1695 1094 cruce,
1725 1068 1808 1097 quem
1837 1059 1934 1088 derisit
1961 1059 2006 1088 ille
2034 1059 2119 1096 pessi-

1268 1114 1331 1135 mus
1352 1107 1446 1135 Cham.
1852 1101 1855 1104 ’
1938 1119 1940 1121 >

1346 1155 1391 1182 ²20.
1409 1154 1435 1182 ln
1451 1148 1584 1191 mysterio
1597 1155 1759 1184 vocationis
1774 1154 1900 1192 signatur
1915 1162 1964 1191 per
1980 1157 2116 1191 quatuor:
2131 1158 2212 1201 ¹²⁰¹¹¹li³0⁰
2225 1160 2262 1177 ter-

1266 1209 1316 1237 per
1336 1201 1522 1238 sacrificium
1544 1202 1647 1236 Isaac,
1669 1202 1735 1239 qnia
1762 1201 1875 1238 proprie
1904 1210 1953 1238 per
1982 1201 2119 1230 Abraham
2209 1196 2213 1201 ’

1266 1248 1341 1276 Deus
1363 1248 1453 1276 Pater
1474 1249 1612 1286 signatum
1642 1257 1692 1286 per
1714 1249 1802 1283 Isaac,
1832 1249 1962 1286 inquam,
1990 1248 2037 1286 qui
2068 1247 2119 1277 sibi

1266 1294 1340 1332 ligna
1362 1295 1389 1323 in
1411 1295 1481 1324 collo
1496 1296 1655 1332 portabatff,
1678 1296 1781 1324 scilicet
1796 1296 1903 1332 lignum
1925 1296 2025 1325 crucis.
2041 1295 2119 1324 Chri·

1266 1344 1327 1371 stus
1358 1342 1484 1379 signatur
1512 1351 1561 1379 per
1590 1342 1677 1371 Iacob
1705 1342 1898 1371 secundantem
1927 1350 2047 1376 uxores;
2069 1350 2118 1378 per

1266 1389 1391 1424 Iudam,
1410 1389 1459 1426 qui
1481 1389 1579 1418 habuit
1593 1389 1664 1418 duos
1685 1389 1768 1423 filios,
1792 1389 1889 1417 Zaram
1904 1392 1932 1417 et
1953 1389 2071 1422 Phares‚
2086 1388 2119 1417 de

1266 1445 1322 1474 quo
1344 1437 1431 1465 multa
1450 1436 1583 1465 dicuntur
1605 1437 1632 1464 in
1654 1435 1909 1469 benedictionibus,
1931 1438 1963 1464 ut
1984 1434 2052 1463 illud
2070 1435 2120 1464 Ge-

1266 1483 1357 1512 nesis:
1381 1483 1505 1512 Catulus
1527 1483 1615 1512 leonis
1637 1483 1731 1516 luda;
1753 1483 1794 1511 atl
1811 1483 1976 1519 praedam,
1997 1481 2042 1518 fili
2062 1482 2119 1516 mi,

1266 1530 1440 1563 ascemtisti;
1461 1530 1641 1568 requiescens
1669 1529 1835 1558 accubuisti
1854 1533 1886 1557 ut
1913 1529 1953 1557 leo
1982 1532 2006 1557 et
2034 1529 2122 1567 quasi

1267 1575 1384 1609 leaena,
1406 1576 1472 1614 quis
1499 1576 1653 1605 suscitabit
1673 1576 1760 1605 eum?
1779 1576 1855 1605 Unde
1876 1576 1958 1605 etiam
1981 1576 2120 1613 legislator

1267 1621 1429 1650 interseruit
1459 1622 1578 1659 figuram
1610 1623 1685 1652 illam
1706 1623 1739 1652 de
1769 1623 1880 1652 duobus
1904 1623 1968 1652 filiis
2000 1623 2066 1652 Iuda
2087 1623 2120 1652 de

1267 1669 1396 1696 Thamar.
1420 1669 1549 1706 Signatur
1570 1670 1652 1698 etiam
1674 1678 1723 1707 per
1745 1669 1846 1708 Ioseph
1874 1670 2042 1704 rectissime,
2071 1670 2118 1707 qui

1267 1715 1396 1743 venditus
1417 1723 1433 1743 a
1453 1715 1511 1744 suis
1529 1716 1669 1745 exaltatus
1690 1717 1742 1745 fuit
1762 1718 1834 1747 inter
1856 1718 1967 1746 alienos.
1990 1734 2030 1738 —
2050 1717 2118 1746 Haec

1267 1764 1333 1790 sunt
1347 1761 1492 1790 duodecim
1508 1761 1639 1797 mysteria
1654 1762 1816 1799 principalia
1829 1767 1893 1793 ante
1907 1768 2018 1801 tempus
2033 1764 2118 1800 Legis.

1347 1809 1393 1836 21.
1416 1808 1473 1837 Sub
1489 1809 1558 1845 Lege
1579 1808 1606 1836 in
1622 1809 1753 1844 mysterio
1772 1810 1880 1839 lationis
1895 1811 1972 1848 Legis
1993 1812 2119 1848 signatur
2133 1816 2262 1857 *adgemun-

1267 1864 1317 1893 per
1338 1855 1457 1893 viryam
1478 1855 1586 1893 Moysi,
1609 1865 1665 1894 qua
1693 1857 1840 1893 flagellavit
1867 1858 2036 1894 Aegyptum,
2064 1866 2120 1894 qua
2145 1844 2247 1897 lnrffio,

1267 1902 1379 1931 siccavit
1401 1902 1504 1936 maria,
1527 1910 1598 1939 quae
1619 1905 1660 1931 est
1681 1902 1769 1940 virgya
1789 1903 1925 1937 virt-atis,
1947 1912 2036 1941 quam
2050 1903 2119 1932 emi·
2134 1888 2250 1932 mivffirrsss

1266 1950 1305 1978 sit
1327 1949 1470 1977 Dominus
1491 1958 1526 1977 ια,-
1548 1949 1649 1978 Siouss.
1673 1950 1802 1986 Signatur
1824 1957 1873 1986 per
1898 1958 2003 1978 arcam
2034 1953 2119 1978 testa-

1266 1997 1369 2030 menti,
1385 2004 1434 2033 per
1456 1997 1544 2025 multa
1565 1996 1591 2024 in
1607 2004 1640 2025 ea
1655 1996 1803 2025 recondita.
1820 1996 1950 2033 Signatur
1966 2004 2015 2033 per
2029 2005 2118 2025 orna-

1267 2048 1330 2072 tum
1354 2043 1518 2080 Pontifici-s,
1538 2047 1569 2072 ut
1590 2052 1640 2080 per
1661 2043 1785 2076 mitram,
1802 2043 2032 2079 superhumerale
2053 2046 2118 2078 etc.;

1267 2091 1294 2119 in
1310 2091 1391 2120 cuius
1406 2093 1495 2119 morte
1510 2090 1618 2127 profugi
1634 2089 1771 2119 dehebant
1789 2089 1880 2117 redire
1894 2089 1928 2117 ad
1943 2090 2063 2126 propria.
2079 2090 2130 2118 Si-‘

1267 2141 1369 2175 gnatur
1390 2138 1473 2166 etiam
1495 2145 1544 2174 per
1567 2137 1659 2166 ritum
1679 2135 1832 2172 sacrificii,
1848 2144 1897 2172 per
1915 2144 2033 2173 agnum,
2048 2137 2119 2165 arie—

1267 2188 1336 2218 tem,
1352 2185 1471 2213 vitulum
1483 2188 1534 2213 etc.
1546 2196 1551 2218 ;
1563 2188 1635 2222 quae
1646 2183 1738 2213 onmia
1749 2183 1911 2212 referuntur
1922 2183 1955 2211 ad
1967 2183 2116 2212 Christum.

1346 2234 1392 2261 Ἠ.
1416 2232 1443 2260 In
1465 2232 1598 2268 mysterio
1617 2230 1828 2268 prostrationis
1846 2228 1972 2258 bostium
1993 2230 2119 2258 similiter
2132 2237 2184 2259 nem,
2199 2237 2217 2255 in
2232 2241 2261 2255 a.

1267 2279 1395 2308 Christus
1423 2279 1548 2316 signatur
1576 2287 1626 2316 per
1648 2279 1733 2307 Josnc
1754 2278 1936 2315 inpressum,
1958 2277 2005 2314 qui
2027 2276 2120 2305 divisit
2161 2260 2229 2280 mmm

426 2448 433 2461 ¹
454 2449 543 2471 Scilicet
560 2450 634 2471 Bonm
641 2452 729 2471 cutura.
741 2449 793 2471 Vm.
804 2449 865 2472 duit
877 2449 1035 2480 Hieronymus
1043 2459 1051 2478 ,⁴
1069 2451 1111 2473 sed
1123 2450 1160 2472 hic
1178 2450 1209 2472 ni-

363 2487 393 2509 hil
412 2486 481 2510 habet
497 2488 526 2510 de
544 2487 584 2509 ista
602 2494 639 2513 re;
662 2493 704 2509 nec
727 2488 845 2515 potuimus
868 2488 972 2511 invenire
994 2489 1063 2511 alium
1087 2489 1209 2517 antiquum

363 2529 494 2553 auctorem,
513 2533 525 2549 a
542 2533 590 2555 quo
610 2527 651 2548 ista
674 2527 751 2549 notitia
775 2530 850 2549 sumta
873 2528 907 2550 sit.
925 2540 955 2544 —
973 2529 1064 2551 Numi-ri
1088 2531 1210 2557 sequentes

363 2567 484 2593 resultant,
501 2566 556 2594 quia
575 2566 596 2587 in
614 2565 716 2594 quolibet
733 2566 842 2593 mysterio
859 2570 910 2588 sunt
929 2567 941 2589 4
958 2567 1063 2597 βψω-αι’,
1081 2568 1209 2590 secundum

365 2605 477 2633 triplicem
495 2611 587 2627 sensnm
606 2604 772 2632 intelligendae.
788 2605 832 2627 Sed
850 2606 935 2634 aliquid
953 2607 1063 2628 excidisse
1080 2606 1179 2628 iidetur.

426 2642 435 2655 ²
454 2644 527 2671 Apoc.
543 2643 570 2670 7,
591 2643 614 2665 i:
632 2644 658 2665 Et
683 2643 761 2665 audivi
788 2650 910 2666 nnmerum
935 2645 1092 2672 signatorum,
1118 2647 1210 2667 «sentum

364 2683 519 2712 quadraginta
537 2684 636 2710 quatuor
653 2682 722 2704 millia
739 2682 821 2710 signati
839 2685 882 2705 etc.
899 2683 945 2705 Csr.
966 2684 1005 2711 14,
1021 2684 1039 2706 l.
1052 2684 1107 2706 lbid.
1121 2684 1158 2710 21,
1172 2683 1211 2705 17:

364 2724 389 2745 131
407 2728 502 2744 mensus
518 2724 553 2743 est
570 2727 662 2743 murum
681 2720 730 2742 cius
747 2720 874 2749 [civitatis]
887 2724 978 2744 centum
991 2723 1144 2751 quadraginta
1156 2729 1212 2751 qna-

366 2766 416 2784 tuor
434 2760 567 2783 cubitorum
586 2762 628 2781 etc.
644 2771 676 2775 —
694 2759 746 2787 Seq.
764 2759 828 2781 locus
845 2762 879 2781 est
896 2760 931 2781 Ps.
950 2760 1006 2787 118,
1028 2761 1062 2783 18.

427 2799 436 2812 ⁸
454 2801 511 2822 Gen.
529 2800 556 2826 2,
574 2799 595 2821 9,

426 2838 435 2851 ⁴
454 2839 513 2861 Vide
531 2838 581 2860 XV.
594 2844 614 2859 c.
631 2838 647 2859 1.
661 2844 683 2859 n.
696 2838 718 2859 2³..
729 2848 760 2852 —
772 2836 880 2863 Gregor„
898 2837 930 2858 lll.
948 2837 1025 2859 llloral.
1042 2845 1061 2859 c.
1083 2839 1117 2860 13.
1134 2845 1157 2860 n.
1175 2838 1212 2859 25.

364 2885 437 2907 seqq„
459 2877 571 2903 ostendit,
589 2876 709 2905 quomodo
735 2874 774 2897 lob
801 2874 910 2902 patiendo
936 2875 1074 2902 signitiraiit
1098 2879 1168 2904 caput
1191 2879 1214 2898 ct

365 2916 470 2939 membra
488 2916 617 2942 Ecclesiae,
635 2916 678 2937 lor.
696 2914 733 2936 cit.
750 2914 847 2936 recurrit
864 2914 893 2935 ad
911 2919 936 2935 ea
954 2920 1014 2941 quac
1032 2914 1054 2936 in
1071 2915 1213 2937 Praefationc

367 2958 499 2982 monuerat,
518 2955 556 2979 ubi
574 2961 595 2976 c.
612 2955 634 2976 6.
651 2961 674 2976 ιι.
693 2953 730 2976 14.
748 2953 827 2979 docet,
851 2952 915 2981 quod
939 2952 977 2974 loh
1004 2961 1013 2972 α
1026 2959 1072 2975 non
1095 2953 1212 2981 loquendo

366 2995 538 3021 tantummodo,
556 2994 595 3017 sed
614 2994 681 3016 etiam
700 2992 808 3020 patiendo
827 2992 1009 3020 prophetaret».

1329 2448 1339 2460 ⁵
1355 2450 1412 2471 Gen.
1431 2450 1457 2476 2,
1475 2450 1496 2471 9.
1514 2461 1545 2465 -
1564 2448 1639 2470 Verba
1658 2454 1711 2470 mox
1736 2447 1810 2475 posita
1836 2447 1863 2468 Ιιι
1886 2445 2004 2475 principio
2030 2445 2119 2469 crearit

1268 2494 1342 2517 usque
1360 2487 1403 2510 ibi:
1421 2489 1537 2516 corrupta
1553 2489 1600 2514 est,
1618 2486 1733 2509 habentur
1750 2487 1806 2508 Gen.
1828 2485 1846 2511 l,
1864 2485 1884 2506 1.
1903 2491 1976 2513 usque
1994 2486 2021 2511 ti,
2040 2485 2076 2507 11.

1330 2525 1340 2538 ⁰
1356 2526 1403 2549 Cir.
1420 2527 1477 2548 Gen.
1495 2526 1521 2552 6,
1544 2526 1580 2547 11.
1598 2532 1673 2554 nsque
1690 2531 1710 2547 c.
1729 2525 1765 2551 11,
1784 2523 1822 2546 ubi
1841 2523 1869 2545 do
1887 2523 1988 2550 diluvio,
2005 2529 2057 2545 arca
2075 2526 2118 2545 etr.

1267 2578 1299 2582 —
1317 2565 1422 2588 Subinde
1439 2566 1551 2593 allegatur
1568 2565 1623 2587 Luc.
1640 2565 1683 2590 23,
1701 2564 1739 2586 38.
1757 2563 1796 2591 (de
1813 2563 1876 2584 titulo
1894 2562 1998 2590 scripto).

1330 2603 1339 2616 '¹
1358 2605 1417 2627 Vide
1434 2606 1491 2627 Gen.
1509 2605 1551 2630 -22,
1570 2605 1591 2626 6.
1608 2615 1639 2620 —
1658 2603 1754 2625 {userius
1776 2602 1887 2629 allegatur
1910 2602 1967 2624 Gen.
1990 2601 2032 2628 49,
2049 2602 2071 2623 9.
2087 2613 2118 2617 -

1269 2644 1302 2666 De
1320 2643 1413 2666 duobus
1430 2644 1481 2666 tiliis
1499 2643 1552 2665 luda
1571 2642 1600 2664 de
1619 2642 1720 2664 Thamar
1737 2642 1779 2663 cir.
1795 2641 1852 2662 (jen.
1865 2641 1907 2667 38,
1921 2640 1956 2662 27.
1975 2645 2049 2668 seqq„
2063 2645 2118 2667 quo-

1269 2689 1322 2705 rum
1340 2682 1477 2710 significatio
1496 2682 1551 2704 intra
1570 2681 1645 2702 collat.
1663 2680 1699 2701 16.
1717 2680 1792 2701 datur.

1331 2720 1341 2733 ⁸
1358 2722 1441 2743 Psalm.
1459 2721 1517 2747 109,
1535 2721 1561 2742 *22
1580 2720 1675 2747 Virgam
1702 2718 1792 2740 virtutis
1818 2720 1870 2739 tuae
1895 2717 1982 2739 emittet
2006 2716 2117 2738 Dominus

1269 2767 1296 2782 ex
1314 2760 1378 2782 Sion.
1393 2772 1425 2776 —
1442 2759 1511 2782 Hebr.
1529 2760 1556 2785 9,
1574 2758 1596 2781 4.
1614 2757 1710 2784 dicitnr,
1732 2756 1795 2785 qnod
1823 2756 1844 2778 in
1868 2762 1920 2778 arca
1944 2756 1985 2778 suit
2011 2764 2020 2775 ι(
2033 2761 2117 2777 manna

1269 2802 1292 2821 ct
1309 2799 1374 2826 virga
1392 2799 1480 2825 Aaron,
1497 2804 1558 2827 quae
1582 2797 1727 2822 fronduerat,
1749 2798 1772 2817 et
1794 2795 1886 2817 tabulae
1908 2794 2069 2817 testamenti».
2086 2806 2117 2810 -

1270 2837 1336 2859 Num.
1354 2837 1397 2864 35,
1409 2838 1450 2859 28:
1464 2836 1580 2859 Debuerat
1596 2835 1657 2857 enim
1676 2836 1790 2862 profugus
1808 2840 1883 2863 nsque
1899 2834 1929 2856 ad
1946 2836 2043 2856 mortem
2062 2833 2117 2855 Pon-

1270 2875 1336 2898 tillcis
1353 2876 1376 2898 in
1394 2875 1451 2898 urbe
1468 2876 1581 2902 residere,
1598 2876 1723 2902 postquam
1741 2875 1818 2895 autem
1837 2873 1873 2895 ille
1889 2872 1983 2899 obierit,
2001 2872 2117 2894 homicida

1270 2921 1305 2936 rex
1312 2916 1397 2937 ertetur
1415 2915 1437 2936 iu
1455 2918 1538 2937 terram
1556 2919 1632 2936 suam.
1649 2911 1706 2934 lbid.
1724 2918 1746 2934 v.
1765 2913 1806 2934 32:
1824 2912 1905 2934 Exules
1922 2913 1943 2933 et
1955 2910 2047 2939 profugi
2065 2913 2117 2932 ante

1271 2956 1368 2975 mortem
1387 2953 1501 2976 Pontiticis
1519 2954 1580 2976 nullo
1598 2951 1669 2974 modo
1688 2951 1709 2973 in
1727 2951 1797 2974 urbes
1814 2957 1867 2974 suas
1884 2950 1967 2973 reverti
1985 2951 2099 2978 poterunt.
