<?xml version="1.0" encoding="UTF-8"?>
<!DOCTYPE html PUBLIC "-//W3C//DTD XHTML 1.0 Transitional//EN"
    "http://www.w3.org/TR/xhtml1/DTD/xhtml1-transitional.dtd">
<html xmlns="http://www.w3.org/1999/xhtml" xml:lang="en" lang="en">
 <head>
  <title>
</title>
<meta http-equiv="Content-Type" content="text/html;charset=utf-8" />
  <meta name='ocr-system' content='tesseract 3.04.00' />
  <meta name='ocr-capabilities' content='ocr_page ocr_carea ocr_par ocr_line ocrx_word'/>
</head>
<body>
  <div class='ocr_page' id='page_1' title='image "./doctorisseraphic05bona/doctorisseraphic05bona_0577.png"; bbox 0 0 2285 3398; ppageno 0'>
   <div class='ocr_carea' id='block_1_1' title="bbox 792 202 1411 232">
    <p class='ocr_par' dir='ltr' id='par_1_1' title="bbox 792 202 1411 232">
     <span class='ocr_line' id='line_1_1' title="bbox 792 202 1411 232; baseline 0.002 -1"><span class='ocrx_word' id='word_1_1' title='bbox 792 203 833 231; x_wconf 87' lang='lat' dir='ltr'><em>DE</em></span> <span class='ocrx_word' id='word_1_2' title='bbox 856 202 954 232; x_wconf 84' lang='lat' dir='ltr'><em>DONIS</em></span> <span class='ocrx_word' id='word_1_3' title='bbox 976 203 1120 232; x_wconf 74' lang='lat' dir='ltr'><em>SPIRITUs</em></span> <span class='ocrx_word' id='word_1_4' title='bbox 1141 203 1165 231; x_wconf 79' lang='lat' dir='ltr'><em>S.</em></span> <span class='ocrx_word' id='word_1_5' title='bbox 1188 203 1349 232; x_wconf 80' lang='lat' dir='ltr'><em>COLLATIO</em></span> <span class='ocrx_word' id='word_1_6' title='bbox 1371 204 1411 232; x_wconf 81' lang='lat' dir='ltr'><em>lx.</em></span> 
     </span>
    </p>
   </div>
   <div class='ocr_carea' id='block_1_2' title="bbox 1919 206 1975 234">
    <p class='ocr_par' dir='ltr' id='par_1_2' title="bbox 1919 206 1975 234">
     <span class='ocr_line' id='line_1_2' title="bbox 1919 206 1975 234; baseline -0.018 0"><span class='ocrx_word' id='word_1_7' title='bbox 1919 206 1975 234; x_wconf 71' lang='lat'><em>499</em></span> 
     </span>
    </p>
   </div>
   <div class='ocr_carea' id='block_1_3' title="bbox 305 280 1976 529">
    <p class='ocr_par' dir='ltr' id='par_1_3' title="bbox 305 280 1976 529">
     <span class='ocr_line' id='line_1_3' title="bbox 308 280 1975 322; baseline 0.003 -13"><span class='ocrx_word' id='word_1_8' title='bbox 308 280 356 310; x_wconf 83' lang='lat' dir='ltr'><em>Sic</em></span> <span class='ocrx_word' id='word_1_9' title='bbox 377 281 514 318; x_wconf 76' lang='lat' dir='ltr'><em>acdificat</em></span> <span class='ocrx_word' id='word_1_10' title='bbox 534 282 690 311; x_wconf 81' lang='lat' dir='ltr'><em>Ecclesiam</em></span> <span class='ocrx_word' id='word_1_11' title='bbox 712 286 737 310; x_wconf 80' lang='lat' dir='ltr'><em>et</em></span> <span class='ocrx_word' id='word_1_12' title='bbox 758 282 909 316; x_wconf 80' lang='lat' dir='ltr'><em>animam,</em></span> <span class='ocrx_word' id='word_1_13' title='bbox 931 286 963 310; x_wconf 92' lang='lat' dir='ltr'><em>ut</em></span> <span class='ocrx_word' id='word_1_14' title='bbox 983 282 1021 311; x_wconf 81' lang='lat' dir='ltr'><em>sit</em></span> <span class='ocrx_word' id='word_1_15' title='bbox 1041 282 1145 311; x_wconf 81' lang='lat' dir='ltr'><em>domus</em></span> <span class='ocrx_word' id='word_1_16' title='bbox 1169 283 1239 315; x_wconf 73' lang='lat' dir='ltr'><em>Deis,-</em></span> <span class='ocrx_word' id='word_1_17' title='bbox 1261 284 1291 311; x_wconf 85' lang='lat' dir='ltr'><em>in</em></span> <span class='ocrx_word' id='word_1_18' title='bbox 1312 292 1372 321; x_wconf 85' lang='lat' dir='ltr'><em>qua</em></span> <span class='ocrx_word' id='word_1_19' title='bbox 1393 284 1589 322; x_wconf 79' lang='lat' dir='ltr'><em>requiruntur</em></span> <span class='ocrx_word' id='word_1_20' title='bbox 1609 288 1713 322; x_wconf 83' lang='lat' dir='ltr'><em>septem</em></span> <span class='ocrx_word' id='word_1_21' title='bbox 1735 284 1885 313; x_wconf 83' lang='lat' dir='ltr'><em>columnae</em></span> <span class='ocrx_word' id='word_1_22' title='bbox 1906 286 1975 314; x_wconf 74' lang='lat' dir='ltr'><em>insi-</em></span> 
     </span>
     <span class='ocr_line' id='line_1_4' title="bbox 306 333 1973 371; baseline 0.002 -10"><span class='ocrx_word' id='word_1_23' title='bbox 306 336 416 362; x_wconf 82' lang='lat' dir='ltr'><em>nuatae</em></span> <span class='ocrx_word' id='word_1_24' title='bbox 444 341 463 362; x_wconf 88' lang='lat' dir='ltr'><em>a</em></span> <span class='ocrx_word' id='word_1_25' title='bbox 493 333 612 367; x_wconf 85' lang='lat' dir='ltr'><em>Iacobo,</em></span> <span class='ocrx_word' id='word_1_26' title='bbox 635 336 660 361; x_wconf 69' lang='lat'><em>8.</em></span> <span class='ocrx_word' id='word_1_27' title='bbox 684 350 721 355; x_wconf 91' lang='lat'>—</span> <span class='ocrx_word' id='word_1_28' title='bbox 743 334 808 362; x_wconf 85' lang='lat' dir='ltr'><em>Pars</em></span> <span class='ocrx_word' id='word_1_29' title='bbox 830 334 857 361; x_wconf 96' lang='lat' dir='ltr'><em>II.</em></span> <span class='ocrx_word' id='word_1_30' title='bbox 882 334 920 363; x_wconf 85' lang='lat' dir='ltr'><em>De</em></span> <span class='ocrx_word' id='word_1_31' title='bbox 945 337 1049 371; x_wconf 82' lang='lat' dir='ltr'><em>septem</em></span> <span class='ocrx_word' id='word_1_32' title='bbox 1077 333 1176 362; x_wconf 75' lang='lat' dir='ltr'><em>domus</em></span> <span class='ocrx_word' id='word_1_33' title='bbox 1198 334 1243 363; x_wconf 75' lang='lat' dir='ltr'><em>Dei</em></span> <span class='ocrx_word' id='word_1_34' title='bbox 1266 335 1420 370; x_wconf 83' lang='lat' dir='ltr'><em>columnis;</em></span> <span class='ocrx_word' id='word_1_35' title='bbox 1443 335 1497 365; x_wconf 71' lang='lat' dir='ltr'><em>liae</em></span> <span class='ocrx_word' id='word_1_36' title='bbox 1517 340 1739 370; x_wconf 79' lang='lat' dir='ltr'><em>enumerantur,</em></span> <span class='ocrx_word' id='word_1_37' title='bbox 1762 338 1787 364; x_wconf 76' lang='lat'><em>9.</em></span> <span class='ocrx_word' id='word_1_38' title='bbox 1811 352 1846 357; x_wconf 89' lang='lat'>—</span> <span class='ocrx_word' id='word_1_39' title='bbox 1872 337 1973 364; x_wconf 76' lang='lat' dir='ltr'><em>Prima</em></span> 
     </span>
     <span class='ocr_line' id='line_1_5' title="bbox 306 384 1974 422; baseline 0.001 -9"><span class='ocrx_word' id='word_1_40' title='bbox 306 384 443 413; x_wconf 80' lang='lat' dir='ltr'><em>columna</em></span> <span class='ocrx_word' id='word_1_41' title='bbox 464 388 504 413; x_wconf 79' lang='lat' dir='ltr'><em>est</em></span> <span class='ocrx_word' id='word_1_42' title='bbox 522 384 669 422; x_wconf 76' lang='lat' dir='ltr'><em>pudicitia</em></span> <span class='ocrx_word' id='word_1_43' title='bbox 690 386 721 414; x_wconf 84' lang='lat' dir='ltr'><em>in</em></span> <span class='ocrx_word' id='word_1_44' title='bbox 743 394 841 420; x_wconf 79' lang='lat' dir='ltr'><em>earne,</em></span> <span class='ocrx_word' id='word_1_45' title='bbox 868 387 911 414; x_wconf 80' lang='lat'><em>10.</em></span> <span class='ocrx_word' id='word_1_46' title='bbox 928 403 966 406; x_wconf 87' lang='lat'><em>-—</em></span> <span class='ocrx_word' id='word_1_47' title='bbox 980 385 1131 419; x_wconf 86' lang='lat' dir='ltr'><em>Secunda,</em></span> <span class='ocrx_word' id='word_1_48' title='bbox 1154 386 1319 415; x_wconf 78' lang='lat' dir='ltr'><em>innocentia</em></span> <span class='ocrx_word' id='word_1_49' title='bbox 1342 387 1371 415; x_wconf 80' lang='lat' dir='ltr'><em>in</em></span> <span class='ocrx_word' id='word_1_50' title='bbox 1392 391 1490 422; x_wconf 72' lang='lat' dir='ltr'><em>niente,</em></span> <span class='ocrx_word' id='word_1_51' title='bbox 1517 389 1559 416; x_wconf 82' lang='lat' dir='ltr'><em>ll.</em></span> <span class='ocrx_word' id='word_1_52' title='bbox 1584 405 1620 409; x_wconf 88' lang='lat'>—</span> <span class='ocrx_word' id='word_1_53' title='bbox 1650 388 1763 422; x_wconf 84' lang='lat' dir='ltr'><em>Tertia,</em></span> <span class='ocrx_word' id='word_1_54' title='bbox 1785 388 1925 416; x_wconf 81' lang='lat' dir='ltr'><em>modestia</em></span> <span class='ocrx_word' id='word_1_55' title='bbox 1946 388 1974 416; x_wconf 78' lang='lat' dir='ltr'><em>in</em></span> 
     </span>
     <span class='ocr_line' id='line_1_6' title="bbox 305 435 1975 478; baseline 0.002 -14"><span class='ocrx_word' id='word_1_56' title='bbox 305 445 445 471; x_wconf 84' lang='lat' dir='ltr'><em>sermone,</em></span> <span class='ocrx_word' id='word_1_57' title='bbox 471 438 513 465; x_wconf 68' lang='lat'><em>12.</em></span> <span class='ocrx_word' id='word_1_58' title='bbox 537 453 575 457; x_wconf 84' lang='lat'><em>-</em></span> <span class='ocrx_word' id='word_1_59' title='bbox 598 437 730 472; x_wconf 76' lang='lat' dir='ltr'><em>Quarta,</em></span> <span class='ocrx_word' id='word_1_60' title='bbox 751 437 940 466; x_wconf 64' lang='lat' dir='ltr'><em>suatlibilitas</em></span> <span class='ocrx_word' id='word_1_61' title='bbox 961 437 993 465; x_wconf 85' lang='lat' dir='ltr'><em>in</em></span> <span class='ocrx_word' id='word_1_62' title='bbox 1014 435 1134 475; x_wconf 80' lang='lat' dir='ltr'><em>affecta,</em></span> <span class='ocrx_word' id='word_1_63' title='bbox 1160 438 1202 466; x_wconf 73' lang='lat'><em>13.</em></span> <span class='ocrx_word' id='word_1_64' title='bbox 1221 455 1256 459; x_wconf 89' lang='lat'><strong>—</strong></span> <span class='ocrx_word' id='word_1_65' title='bbox 1274 439 1400 474; x_wconf 80' lang='lat' dir='ltr'><em>Quinta,</em></span> <span class='ocrx_word' id='word_1_66' title='bbox 1423 438 1583 468; x_wconf 68' lang='lat' dir='ltr'><em>liberalitas</em></span> <span class='ocrx_word' id='word_1_67' title='bbox 1605 440 1635 467; x_wconf 82' lang='lat' dir='ltr'><em>in</em></span> <span class='ocrx_word' id='word_1_68' title='bbox 1652 438 1769 478; x_wconf 77' lang='lat' dir='ltr'><em>effeetu;</em></span> <span class='ocrx_word' id='word_1_69' title='bbox 1790 438 1860 467; x_wconf 81' lang='lat' dir='ltr'><em>ltaec</em></span> <span class='ocrx_word' id='word_1_70' title='bbox 1882 439 1975 477; x_wconf 81' lang='lat' dir='ltr'><em>requi—</em></span> 
     </span>
     <span class='ocr_line' id='line_1_7' title="bbox 306 488 1976 529; baseline 0.002 -13"><span class='ocrx_word' id='word_1_71' title='bbox 306 488 387 516; x_wconf 84' lang='lat' dir='ltr'><em>ritur</em></span> <span class='ocrx_word' id='word_1_72' title='bbox 406 488 580 525; x_wconf 82' lang='lat' dir='ltr'><em>praesertim</em></span> <span class='ocrx_word' id='word_1_73' title='bbox 606 488 637 516; x_wconf 84' lang='lat' dir='ltr'><em>in</em></span> <span class='ocrx_word' id='word_1_74' title='bbox 660 489 819 525; x_wconf 83' lang='lat' dir='ltr'><em>praelatis,</em></span> <span class='ocrx_word' id='word_1_75' title='bbox 845 489 887 518; x_wconf 73' lang='grc'><em>14.</em></span> <span class='ocrx_word' id='word_1_76' title='bbox 914 489 956 517; x_wconf 73' lang='lat'><em>15.</em></span> <span class='ocrx_word' id='word_1_77' title='bbox 980 505 1017 509; x_wconf 90' lang='lat'><em>——</em></span> <span class='ocrx_word' id='word_1_78' title='bbox 1041 488 1144 522; x_wconf 58' lang='lat' dir='ltr'><em>Senta,</em></span> <span class='ocrx_word' id='word_1_79' title='bbox 1166 490 1327 518; x_wconf 73' lang='lat' dir='ltr'><em>maturitas</em></span> <span class='ocrx_word' id='word_1_80' title='bbox 1348 490 1379 518; x_wconf 81' lang='lat' dir='ltr'><em>in</em></span> <span class='ocrx_word' id='word_1_81' title='bbox 1402 490 1531 523; x_wconf 81' lang='lat' dir='ltr'><em>iudicio‚·</em></span> <span class='ocrx_word' id='word_1_82' title='bbox 1553 491 1610 519; x_wconf 88' lang='lat' dir='ltr'><em>duo</em></span> <span class='ocrx_word' id='word_1_83' title='bbox 1632 492 1672 520; x_wconf 86' lang='lat' dir='ltr'><em>ad</em></span> <span class='ocrx_word' id='word_1_84' title='bbox 1696 490 1747 519; x_wconf 79' lang='lat' dir='ltr'><em>lioe</em></span> <span class='ocrx_word' id='word_1_85' title='bbox 1771 490 1976 529; x_wconf 81' lang='lat' dir='ltr'><em>requiruntur,</em></span> 
     </span>
    </p>
   </div>
   <div class='ocr_carea' id='block_1_4' title="bbox 313 539 1079 577">
    <p class='ocr_par' dir='ltr' id='par_1_4' title="bbox 313 539 1079 577">
     <span class='ocr_line' id='line_1_8' title="bbox 313 539 1079 577; baseline 0 -9"><span class='ocrx_word' id='word_1_86' title='bbox 313 540 353 568; x_wconf 80' lang='lat'><em>16.</em></span> <span class='ocrx_word' id='word_1_87' title='bbox 378 555 413 560; x_wconf 93' lang='lat'>—</span> <span class='ocrx_word' id='word_1_88' title='bbox 436 539 581 577; x_wconf 81' lang='lat' dir='ltr'><em>Septima,</em></span> <span class='ocrx_word' id='word_1_89' title='bbox 602 540 775 577; x_wconf 74' lang='lat' dir='ltr'><em>simplicitas</em></span> <span class='ocrx_word' id='word_1_90' title='bbox 797 541 827 569; x_wconf 83' lang='lat' dir='ltr'><em>in</em></span> <span class='ocrx_word' id='word_1_91' title='bbox 849 540 1011 574; x_wconf 76' lang='lat' dir='ltr'><em>intentione,</em></span> <span class='ocrx_word' id='word_1_92' title='bbox 1037 541 1079 568; x_wconf 78' lang='lat'><em>17.</em></span> 
     </span>
    </p>
   </div>
   <div class='ocr_carea' id='block_1_5' title="bbox 70 687 1071 2618">
    <p class='ocr_par' dir='ltr' id='par_1_5' title="bbox 86 687 1071 2142">
     <span class='ocr_line' id='line_1_9' title="bbox 308 687 1071 727; baseline 0 -11"><span class='ocrx_word' id='word_1_93' title='bbox 308 689 328 716; x_wconf 91' lang='lat' dir='ltr'><em>l.</em></span> <span class='ocrx_word' id='word_1_94' title='bbox 343 687 613 717; x_wconf 58' lang='lat' dir='ltr'><em>&amp;consurrexistis</em></span> <span class='ocrx_word' id='word_1_95' title='bbox 628 696 695 716; x_wconf 82' lang='lat' dir='ltr'><em>oum</em></span> <span class='ocrx_word' id='word_1_96' title='bbox 712 687 826 717; x_wconf 63' lang='lat' dir='ltr'><em>Christo</em></span> <span class='ocrx_word' id='word_1_97' title='bbox 836 712 842 722; x_wconf 90' lang='lat'><em>,</em></span> <span class='ocrx_word' id='word_1_98' title='bbox 857 696 931 727; x_wconf 83' lang='lat' dir='ltr'><em>quae</em></span> <span class='ocrx_word' id='word_1_99' title='bbox 948 696 1071 716; x_wconf 77' lang='lat' dir='ltr'><em>sursum</em></span> 
     </span>
     <span class='ocr_line' id='line_1_10' title="bbox 86 733 1070 774; baseline -0.001 -10"><span class='ocrx_word' id='word_1_100' title='bbox 86 735 292 764; x_wconf 63' lang='lat' dir='ltr'><em>¹fl1f⁰d⁰⁰²i⁰·sunt</em></span> <span class='ocrx_word' id='word_1_101' title='bbox 313 735 458 774; x_wconf 80' lang='lat' dir='ltr'><em>quaerite,</em></span> <span class='ocrx_word' id='word_1_102' title='bbox 481 734 532 763; x_wconf 87' lang='lat' dir='ltr'><em>ubi</em></span> <span class='ocrx_word' id='word_1_103' title='bbox 554 733 688 763; x_wconf 76' lang='lat' dir='ltr'><em>Christus</em></span> <span class='ocrx_word' id='word_1_104' title='bbox 710 739 749 764; x_wconf 72' lang='lat' dir='ltr'><em>est</em></span> <span class='ocrx_word' id='word_1_105' title='bbox 771 736 802 764; x_wconf 88' lang='lat' dir='ltr'><em>in</em></span> <span class='ocrx_word' id='word_1_106' title='bbox 816 736 934 764; x_wconf 69' lang='lat' dir='ltr'><em>dextera</em></span> <span class='ocrx_word' id='word_1_107' title='bbox 959 735 1010 764; x_wconf 80' lang='lat' dir='ltr'><em>Dei</em></span> <span class='ocrx_word' id='word_1_108' title='bbox 1029 744 1070 763; x_wconf 84' lang='lat' dir='ltr'><em>se-</em></span> 
     </span>
     <span class='ocr_line' id='line_1_11' title="bbox 223 783 1071 821; baseline 0 -10"><span class='ocrx_word' id='word_1_109' title='bbox 223 783 311 816; x_wconf 85' lang='lat' dir='ltr'><em>dens;</em></span> <span class='ocrx_word' id='word_1_110' title='bbox 322 791 397 821; x_wconf 81' lang='lat' dir='ltr'><em>quae</em></span> <span class='ocrx_word' id='word_1_111' title='bbox 407 790 529 810; x_wconf 86' lang='lat' dir='ltr'><em>sursum</em></span> <span class='ocrx_word' id='word_1_112' title='bbox 544 786 614 811; x_wconf 84' lang='lat' dir='ltr'><em>sunt</em></span> <span class='ocrx_word' id='word_1_113' title='bbox 627 783 736 820; x_wconf 81' lang='lat' dir='ltr'><em>sapite,</em></span> <span class='ocrx_word' id='word_1_114' title='bbox 751 792 810 811; x_wconf 82' lang='lat' dir='ltr'><em>non</em></span> <span class='ocrx_word' id='word_1_115' title='bbox 824 791 899 821; x_wconf 82' lang='lat' dir='ltr'><em>quae</em></span> <span class='ocrx_word' id='word_1_116' title='bbox 911 791 1000 820; x_wconf 83' lang='lat' dir='ltr'><em>super</em></span> <span class='ocrx_word' id='word_1_117' title='bbox 1016 786 1071 811; x_wconf 79' lang='lat' dir='ltr'><em>tor-</em></span> 
     </span>
     <span class='ocr_line' id='line_1_12' title="bbox 221 830 1070 868; baseline 0 -9"><span class='ocrx_word' id='word_1_118' title='bbox 221 832 320 859; x_wconf 69' lang='lat' dir='ltr'><em>raml.</em></span> <span class='ocrx_word' id='word_1_119' title='bbox 345 847 380 850; x_wconf 86' lang='lat'>—</span> <span class='ocrx_word' id='word_1_120' title='bbox 403 830 476 863; x_wconf 81' lang='lat' dir='ltr'><em>Fili,</em></span> <span class='ocrx_word' id='word_1_121' title='bbox 499 830 703 867; x_wconf 73' lang='lat' dir='ltr'><em>concupiscens</em></span> <span class='ocrx_word' id='word_1_122' title='bbox 723 831 914 868; x_wconf 82' lang='lat' dir='ltr'><em>sapientiam,</em></span> <span class='ocrx_word' id='word_1_123' title='bbox 931 839 1070 859; x_wconf 74' lang='lat' dir='ltr'><em>conserua</em></span> 
     </span>
     <span class='ocr_line' id='line_1_13' title="bbox 221 877 1071 913; baseline 0.001 -7"><span class='ocrx_word' id='word_1_124' title='bbox 221 878 380 911; x_wconf 85' lang='lat' dir='ltr'><em>iustitiam,</em></span> <span class='ocrx_word' id='word_1_125' title='bbox 395 881 420 905; x_wconf 88' lang='lat' dir='ltr'><em>et</em></span> <span class='ocrx_word' id='word_1_126' title='bbox 437 877 512 905; x_wconf 83' lang='lat' dir='ltr'><em>Deus</em></span> <span class='ocrx_word' id='word_1_127' title='bbox 530 877 679 913; x_wconf 74' lang='lat' dir='ltr'><em>praebebit</em></span> <span class='ocrx_word' id='word_1_128' title='bbox 697 878 779 906; x_wconf 81' lang='lat' dir='ltr'><em>illam</em></span> <span class='ocrx_word' id='word_1_129' title='bbox 793 878 852 907; x_wconf 85' lang='lat' dir='ltr'><em>tibi.</em></span> <span class='ocrx_word' id='word_1_130' title='bbox 869 878 959 907; x_wconf 79' lang='lat' dir='ltr'><em>Verba</em></span> <span class='ocrx_word' id='word_1_131' title='bbox 973 878 1071 907; x_wconf 85' lang='lat' dir='ltr'><em>ultima</em></span> 
     </span>
     <span class='ocr_line' id='line_1_14' title="bbox 221 924 1069 961; baseline 0.002 -8"><span class='ocrx_word' id='word_1_132' title='bbox 221 928 286 953; x_wconf 90' lang='lat' dir='ltr'><em>sunt</em></span> <span class='ocrx_word' id='word_1_133' title='bbox 308 925 333 953; x_wconf 92' lang='lat' dir='ltr'><em>in</em></span> <span class='ocrx_word' id='word_1_134' title='bbox 357 924 560 958; x_wconf 71' lang='lat' dir='ltr'><em>Ecclesiastiffl,</em></span> <span class='ocrx_word' id='word_1_135' title='bbox 584 924 610 952; x_wconf 88' lang='lat' dir='ltr'><em>in</em></span> <span class='ocrx_word' id='word_1_136' title='bbox 632 925 734 961; x_wconf 83' lang='lat' dir='ltr'><em>quihus</em></span> <span class='ocrx_word' id='word_1_137' title='bbox 756 925 874 954; x_wconf 74' lang='lat' dir='ltr'><em>ostendit</em></span> <span class='ocrx_word' id='word_1_138' title='bbox 903 925 1069 955; x_wconf 85' lang='lat' dir='ltr'><em>Ecclesiasti-</em></span> 
     </span>
     <span class='ocr_line' id='line_1_15' title="bbox 220 971 1068 1010; baseline 0 -9"><span class='ocrx_word' id='word_1_139' title='bbox 220 980 284 1006; x_wconf 83' lang='lat' dir='ltr'><em>cus,</em></span> <span class='ocrx_word' id='word_1_140' title='bbox 307 972 426 1009; x_wconf 78' lang='lat' dir='ltr'><em>qualiter</em></span> <span class='ocrx_word' id='word_1_141' title='bbox 448 971 530 999; x_wconf 87' lang='lat' dir='ltr'><em>homo</em></span> <span class='ocrx_word' id='word_1_142' title='bbox 546 972 646 1008; x_wconf 82' lang='lat' dir='ltr'><em>poterit</em></span> <span class='ocrx_word' id='word_1_143' title='bbox 661 972 771 1009; x_wconf 75' lang='lat' dir='ltr'>adipisci</span> <span class='ocrx_word' id='word_1_144' title='bbox 787 972 890 1001; x_wconf 90' lang='lat' dir='ltr'><em>donum</em></span> <span class='ocrx_word' id='word_1_145' title='bbox 911 973 1068 1010; x_wconf 75' lang='lat' dir='ltr'><em>sapientiae.</em></span> 
     </span>
     <span class='ocr_line' id='line_1_16' title="bbox 90 1018 1070 1056; baseline 0.002 -9"><span class='ocrx_word' id='word_1_146' title='bbox 90 1018 205 1037; x_wconf 65' lang='lat'><em>0⁰⁰&lt;1³2³⁰¹·</em></span> <span class='ocrx_word' id='word_1_147' title='bbox 221 1019 325 1048; x_wconf 84' lang='lat' dir='ltr'><em>Verum</em></span> <span class='ocrx_word' id='word_1_148' title='bbox 347 1022 404 1053; x_wconf 86' lang='lat' dir='ltr'><em>est,</em></span> <span class='ocrx_word' id='word_1_149' title='bbox 426 1018 500 1056; x_wconf 85' lang='lat' dir='ltr'><em>quod</em></span> <span class='ocrx_word' id='word_1_150' title='bbox 521 1027 537 1047; x_wconf 84' lang='lat' dir='ltr'><em>a</em></span> <span class='ocrx_word' id='word_1_151' title='bbox 559 1018 614 1047; x_wconf 86' lang='lat' dir='ltr'><em>Deo</em></span> <span class='ocrx_word' id='word_1_152' title='bbox 636 1022 677 1048; x_wconf 84' lang='lat' dir='ltr'><em>est</em></span> <span class='ocrx_word' id='word_1_153' title='bbox 700 1019 765 1048; x_wconf 87' lang='lat' dir='ltr'><em>illud</em></span> <span class='ocrx_word' id='word_1_154' title='bbox 787 1019 906 1053; x_wconf 90' lang='lat' dir='ltr'><em>donum;</em></span> <span class='ocrx_word' id='word_1_155' title='bbox 923 1020 969 1049; x_wconf 89' lang='lat' dir='ltr'><em>sed</em></span> <span class='ocrx_word' id='word_1_156' title='bbox 991 1021 1012 1049; x_wconf 83' lang='lat' dir='ltr'><em>si</em></span> <span class='ocrx_word' id='word_1_157' title='bbox 1029 1021 1070 1049; x_wconf 81' lang='lat' dir='ltr'><em>vis</em></span> 
     </span>
     <span class='ocr_line' id='line_1_17' title="bbox 220 1066 1068 1104; baseline 0.001 -9"><span class='ocrx_word' id='word_1_158' title='bbox 220 1067 310 1104; x_wconf 82' lang='lat' dir='ltr'><em>ipsum</em></span> <span class='ocrx_word' id='word_1_159' title='bbox 335 1066 452 1101; x_wconf 79' lang='lat' dir='ltr'><em>habere,</em></span> <span class='ocrx_word' id='word_1_160' title='bbox 474 1070 595 1103; x_wconf 79' lang='lat' dir='ltr'><em>oporiet,</em></span> <span class='ocrx_word' id='word_1_161' title='bbox 620 1070 644 1095; x_wconf 81' lang='lat' dir='ltr'><em>tc</em></span> <span class='ocrx_word' id='word_1_162' title='bbox 667 1067 827 1104; x_wconf 69' lang='lat' dir='ltr'><em>sapientiam</em></span> <span class='ocrx_word' id='word_1_163' title='bbox 850 1068 1068 1104; x_wconf 76' lang='lat' dir='ltr'><em>concupiscere,</em></span> 
     </span>
     <span class='ocr_line' id='line_1_18' title="bbox 218 1113 1069 1151; baseline 0.001 -9"><span class='ocrx_word' id='word_1_164' title='bbox 218 1114 284 1151; x_wconf 91' lang='lat' dir='ltr'><em>quia</em></span> <span class='ocrx_word' id='word_1_165' title='bbox 305 1122 359 1143; x_wconf 89' lang='lat' dir='ltr'><em>non</em></span> <span class='ocrx_word' id='word_1_166' title='bbox 382 1114 466 1142; x_wconf 80' lang='lat' dir='ltr'><em>intrat</em></span> <span class='ocrx_word' id='word_1_167' title='bbox 487 1113 619 1150; x_wconf 81' lang='lat' dir='ltr'><em>saplentia</em></span> <span class='ocrx_word' id='word_1_168' title='bbox 642 1115 666 1142; x_wconf 87' lang='lat' dir='ltr'><em>in</em></span> <span class='ocrx_word' id='word_1_169' title='bbox 689 1114 823 1147; x_wconf 80' lang='lat' dir='ltr'><em>animani,</em></span> <span class='ocrx_word' id='word_1_170' title='bbox 846 1114 897 1141; x_wconf 84' lang='lat' dir='ltr'><em>nisi</em></span> <span class='ocrx_word' id='word_1_171' title='bbox 919 1122 990 1150; x_wconf 82' lang='lat' dir='ltr'><em>quae</em></span> <span class='ocrx_word' id='word_1_172' title='bbox 1012 1123 1069 1143; x_wconf 84' lang='lat' dir='ltr'><em>nia-</em></span> 
     </span>
     <span class='ocr_line' id='line_1_19' title="bbox 218 1161 1069 1199; baseline 0 -9"><span class='ocrx_word' id='word_1_173' title='bbox 218 1169 272 1199; x_wconf 83' lang='lat' dir='ltr'><em>gno</em></span> <span class='ocrx_word' id='word_1_174' title='bbox 292 1161 393 1190; x_wconf 77' lang='lat' dir='ltr'><em>affectu</em></span> <span class='ocrx_word' id='word_1_175' title='bbox 414 1161 503 1190; x_wconf 79' lang='lat' dir='ltr'><em>fertur</em></span> <span class='ocrx_word' id='word_1_176' title='bbox 524 1162 557 1190; x_wconf 85' lang='lat' dir='ltr'><em>ad</em></span> <span class='ocrx_word' id='word_1_177' title='bbox 579 1170 655 1195; x_wconf 72' lang='lat' dir='ltr'><em>eam,</em></span> <span class='ocrx_word' id='word_1_178' title='bbox 678 1169 726 1190; x_wconf 80' lang='lat' dir='ltr'><em>nec</em></span> <span class='ocrx_word' id='word_1_179' title='bbox 752 1164 869 1198; x_wconf 77' lang='lat' dir='ltr'><em>negatur</em></span> <span class='ocrx_word' id='word_1_180' title='bbox 894 1161 1001 1189; x_wconf 79' lang='lat' dir='ltr'><em>animae</em></span> <span class='ocrx_word' id='word_1_181' title='bbox 1023 1162 1069 1190; x_wconf 85' lang='lat' dir='ltr'><em>de-</em></span> 
     </span>
     <span class='ocr_line' id='line_1_20' title="bbox 219 1208 1070 1247; baseline -0.002 -9"><span class='ocrx_word' id='word_1_182' title='bbox 219 1209 366 1245; x_wconf 86' lang='lat' dir='ltr'><em>sideranti;</em></span> <span class='ocrx_word' id='word_1_183' title='bbox 382 1209 454 1239; x_wconf 89' lang='lat' dir='ltr'><em>unde</em></span> <span class='ocrx_word' id='word_1_184' title='bbox 467 1210 492 1238; x_wconf 93' lang='lat' dir='ltr'><em>in</em></span> <span class='ocrx_word' id='word_1_185' title='bbox 507 1209 576 1238; x_wconf 89' lang='lat' dir='ltr'><em>libro</em></span> <span class='ocrx_word' id='word_1_186' title='bbox 591 1209 744 1247; x_wconf 78' lang='lat' dir='ltr'><em>SapientIae</em></span> <span class='ocrx_word' id='word_1_187' title='bbox 756 1209 782 1237; x_wconf 84' lang='lat'><em>2:</em></span> <span class='ocrx_word' id='word_1_188' title='bbox 801 1208 921 1245; x_wconf 73' lang='lat' dir='ltr'><em>Optavi,</em></span> <span class='ocrx_word' id='word_1_189' title='bbox 941 1212 967 1237; x_wconf 79' lang='lat' dir='ltr'><em>et</em></span> <span class='ocrx_word' id='word_1_190' title='bbox 981 1209 1070 1237; x_wconf 78' lang='lat' dir='ltr'><em>(latus</em></span> 
     </span>
     <span class='ocr_line' id='line_1_21' title="bbox 217 1255 1070 1293; baseline -0.002 -7"><span class='ocrx_word' id='word_1_191' title='bbox 217 1261 259 1286; x_wconf 85' lang='lat' dir='ltr'><em>est</em></span> <span class='ocrx_word' id='word_1_192' title='bbox 277 1256 352 1286; x_wconf 72' lang='lat' dir='ltr'><em>milii</em></span> <span class='ocrx_word' id='word_1_193' title='bbox 370 1266 490 1289; x_wconf 81' lang='lat' dir='ltr'><em>sensus,-</em></span> <span class='ocrx_word' id='word_1_194' title='bbox 504 1261 529 1286; x_wconf 87' lang='lat' dir='ltr'><em>et</em></span> <span class='ocrx_word' id='word_1_195' title='bbox 550 1257 698 1291; x_wconf 68' lang='lat' dir='ltr'><em>invocavi,</em></span> <span class='ocrx_word' id='word_1_196' title='bbox 713 1260 739 1285; x_wconf 88' lang='lat' dir='ltr'><em>et</em></span> <span class='ocrx_word' id='word_1_197' title='bbox 752 1255 828 1284; x_wconf 82' lang='lat' dir='ltr'><em>venit</em></span> <span class='ocrx_word' id='word_1_198' title='bbox 843 1256 873 1284; x_wconf 85' lang='lat' dir='ltr'><em>in</em></span> <span class='ocrx_word' id='word_1_199' title='bbox 887 1264 931 1284; x_wconf 84' lang='lat' dir='ltr'><em>me</em></span> <span class='ocrx_word' id='word_1_200' title='bbox 945 1256 1070 1293; x_wconf 78' lang='lat' dir='ltr'><em>spiritus</em></span> 
     </span>
     <span class='ocr_line' id='line_1_22' title="bbox 102 1303 1068 1341; baseline -0.001 -9"><span class='ocrx_word' id='word_1_201' title='bbox 102 1303 174 1322; x_wconf 61' lang='lat' dir='ltr'><em>⁰⁰d125⁰</em></span> <span class='ocrx_word' id='word_1_202' title='bbox 185 1303 202 1322; x_wconf 72' lang='lat'><em>2·</em></span> <span class='ocrx_word' id='word_1_203' title='bbox 216 1304 386 1341; x_wconf 73' lang='lat' dir='ltr'><em>sapientiae.</em></span> <span class='ocrx_word' id='word_1_204' title='bbox 402 1304 542 1333; x_wconf 89' lang='lat' dir='ltr'><em>Desiderio</em></span> <span class='ocrx_word' id='word_1_205' title='bbox 556 1304 705 1341; x_wconf 67' lang='lat' dir='ltr'><em>sapientiae</em></span> <span class='ocrx_word' id='word_1_206' title='bbox 719 1303 799 1332; x_wconf 84' lang='lat' dir='ltr'><em>debet</em></span> <span class='ocrx_word' id='word_1_207' title='bbox 814 1303 920 1332; x_wconf 75' lang='lat' dir='ltr'><em>servari</em></span> <span class='ocrx_word' id='word_1_208' title='bbox 938 1303 1068 1337; x_wconf 75' lang='lat' dir='ltr'><em>iustitia,</em></span> 
     </span>
     <span class='ocr_line' id='line_1_23' title="bbox 219 1350 1068 1388; baseline -0.001 -8"><span class='ocrx_word' id='word_1_209' title='bbox 219 1351 285 1388; x_wconf 90' lang='lat' dir='ltr'><em>quia</em></span> <span class='ocrx_word' id='word_1_210' title='bbox 306 1359 359 1380; x_wconf 93' lang='lat' dir='ltr'><em>non</em></span> <span class='ocrx_word' id='word_1_211' title='bbox 381 1351 528 1380; x_wconf 77' lang='lat' dir='ltr'><em>concordat</em></span> <span class='ocrx_word' id='word_1_212' title='bbox 549 1351 683 1388; x_wconf 71' lang='lat' dir='ltr'><em>sapientia</em></span> <span class='ocrx_word' id='word_1_213' title='bbox 711 1351 864 1388; x_wconf 78' lang='lat' dir='ltr'><em>iniquitati;</em></span> <span class='ocrx_word' id='word_1_214' title='bbox 893 1351 967 1379; x_wconf 84' lang='lat' dir='ltr'><em>unde</em></span> <span class='ocrx_word' id='word_1_215' title='bbox 987 1350 1068 1379; x_wconf 89' lang='lat' dir='ltr'><em>dicit:</em></span> 
     </span>
     <span class='ocr_line' id='line_1_24' title="bbox 219 1398 1069 1432; baseline 0.001 -6"><span class='ocrx_word' id='word_1_216' title='bbox 219 1406 359 1427; x_wconf 79' lang='lat' dir='ltr'><em>conserua</em></span> <span class='ocrx_word' id='word_1_217' title='bbox 370 1398 523 1427; x_wconf 82' lang='lat' dir='ltr'><em>iustitiam.</em></span> <span class='ocrx_word' id='word_1_218' title='bbox 538 1399 610 1428; x_wconf 88' lang='lat' dir='ltr'><em>Inter</em></span> <span class='ocrx_word' id='word_1_219' title='bbox 624 1399 677 1428; x_wconf 89' lang='lat' dir='ltr'><em>alia</em></span> <span class='ocrx_word' id='word_1_220' title='bbox 692 1399 757 1427; x_wconf 84' lang='lat' dir='ltr'><em>haec</em></span> <span class='ocrx_word' id='word_1_221' title='bbox 769 1402 810 1427; x_wconf 88' lang='lat' dir='ltr'><em>est</em></span> <span class='ocrx_word' id='word_1_222' title='bbox 826 1406 935 1427; x_wconf 77' lang='lat' dir='ltr'><em>sumnia</em></span> <span class='ocrx_word' id='word_1_223' title='bbox 949 1398 1069 1432; x_wconf 86' lang='lat' dir='ltr'><em>iustitia,</em></span> 
     </span>
     <span class='ocr_line' id='line_1_25' title="bbox 218 1445 1070 1483; baseline 0.001 -10"><span class='ocrx_word' id='word_1_224' title='bbox 218 1448 250 1474; x_wconf 91' lang='lat' dir='ltr'><em>ut</em></span> <span class='ocrx_word' id='word_1_225' title='bbox 271 1445 355 1474; x_wconf 92' lang='lat' dir='ltr'><em>homo</em></span> <span class='ocrx_word' id='word_1_226' title='bbox 375 1453 429 1474; x_wconf 92' lang='lat' dir='ltr'><em>non</em></span> <span class='ocrx_word' id='word_1_227' title='bbox 445 1445 479 1474; x_wconf 91' lang='lat' dir='ltr'><em>sit</em></span> <span class='ocrx_word' id='word_1_228' title='bbox 494 1446 632 1483; x_wconf 63' lang='lat' dir='ltr'><em>ingratus</em></span> <span class='ocrx_word' id='word_1_229' title='bbox 653 1446 723 1478; x_wconf 86' lang='lat' dir='ltr'><em>Deo,</em></span> <span class='ocrx_word' id='word_1_230' title='bbox 739 1445 786 1474; x_wconf 82' lang='lat' dir='ltr'><em>sed</em></span> <span class='ocrx_word' id='word_1_231' title='bbox 807 1445 878 1474; x_wconf 88' lang='lat' dir='ltr'><em>dona</em></span> <span class='ocrx_word' id='word_1_232' title='bbox 900 1446 951 1474; x_wconf 87' lang='lat' dir='ltr'><em>sibi</em></span> <span class='ocrx_word' id='word_1_233' title='bbox 971 1446 1070 1474; x_wconf 85' lang='lat' dir='ltr'><em>collata</em></span> 
     </span>
     <span class='ocr_line' id='line_1_26' title="bbox 218 1486 1071 1522; baseline -0.001 0"><span class='ocrx_word' id='word_1_234' title='bbox 218 1492 345 1522; x_wconf 83' lang='lat' dir='ltr'><em>refundat</em></span> <span class='ocrx_word' id='word_1_235' title='bbox 367 1492 393 1520; x_wconf 93' lang='lat' dir='ltr'><em>in</em></span> <span class='ocrx_word' id='word_1_236' title='bbox 414 1492 548 1521; x_wconf 81' lang='lat' dir='ltr'><em>datorem.</em></span> <span class='ocrx_word' id='word_1_237' title='bbox 572 1486 652 1521; x_wconf 80' lang='lat' dir='ltr'><em>Unde&#39;</em></span> <span class='ocrx_word' id='word_1_238' title='bbox 674 1492 701 1520; x_wconf 90' lang='lat' dir='ltr'><em>in</em></span> <span class='ocrx_word' id='word_1_239' title='bbox 725 1492 913 1521; x_wconf 74' lang='lat' dir='ltr'><em>Ecclesiastico</em></span> <span class='ocrx_word' id='word_1_240' title='bbox 926 1493 952 1521; x_wconf 79' lang='lat'><em>³:</em></span> <span class='ocrx_word' id='word_1_241' title='bbox 980 1493 1071 1522; x_wconf 83' lang='lat' dir='ltr'><em>Danti</em></span> 
     </span>
     <span class='ocr_line' id='line_1_27' title="bbox 219 1539 1069 1578; baseline 0 -9"><span class='ocrx_word' id='word_1_242' title='bbox 219 1539 292 1569; x_wconf 76' lang='lat' dir='ltr'><em>milii</em></span> <span class='ocrx_word' id='word_1_243' title='bbox 310 1539 487 1576; x_wconf 75' lang='lat' dir='ltr'><em>sapientiam</em></span> <span class='ocrx_word' id='word_1_244' title='bbox 508 1539 583 1568; x_wconf 83' lang='lat' dir='ltr'><em>dabo</em></span> <span class='ocrx_word' id='word_1_245' title='bbox 596 1539 738 1577; x_wconf 73' lang='lat' dir='ltr'><em>yloriam,</em></span> <span class='ocrx_word' id='word_1_246' title='bbox 760 1540 839 1577; x_wconf 83' lang='lat' dir='ltr'><em>quia,</em></span> <span class='ocrx_word' id='word_1_247' title='bbox 861 1540 884 1569; x_wconf 87' lang='lat' dir='ltr'><em>si</em></span> <span class='ocrx_word' id='word_1_248' title='bbox 905 1540 939 1569; x_wconf 91' lang='lat' dir='ltr'><em>de</em></span> <span class='ocrx_word' id='word_1_249' title='bbox 961 1541 1069 1578; x_wconf 83' lang='lat' dir='ltr'><em>sapien-</em></span> 
     </span>
     <span class='ocr_line' id='line_1_28' title="bbox 218 1586 1068 1624; baseline 0.001 -9"><span class='ocrx_word' id='word_1_250' title='bbox 218 1587 255 1616; x_wconf 85' lang='lat' dir='ltr'><em>tia</em></span> <span class='ocrx_word' id='word_1_251' title='bbox 275 1586 417 1624; x_wconf 82' lang='lat' dir='ltr'><em>gloriaris‚</em></span> <span class='ocrx_word' id='word_1_252' title='bbox 439 1586 491 1615; x_wconf 84' lang='lat' dir='ltr'><em>hoc</em></span> <span class='ocrx_word' id='word_1_253' title='bbox 513 1586 572 1623; x_wconf 87' lang='lat' dir='ltr'><em>ipso</em></span> <span class='ocrx_word' id='word_1_254' title='bbox 604 1587 766 1623; x_wconf 84' lang='lat' dir='ltr'><em>sapientiam</em></span> <span class='ocrx_word' id='word_1_255' title='bbox 790 1587 901 1624; x_wconf 80' lang='lat' dir='ltr'><em>perdis;</em></span> <span class='ocrx_word' id='word_1_256' title='bbox 925 1588 1068 1617; x_wconf 81' lang='lat' dir='ltr'><em>Ieremias:</em></span> 
     </span>
     <span class='ocr_line' id='line_1_29' title="bbox 218 1633 1069 1671; baseline 0.001 -9"><span class='ocrx_word' id='word_1_257' title='bbox 218 1633 284 1663; x_wconf 87' lang='lat' dir='ltr'><em>Non</em></span> <span class='ocrx_word' id='word_1_258' title='bbox 309 1633 452 1671; x_wconf 68' lang='lat' dir='ltr'><em>plorietur</em></span> <span class='ocrx_word' id='word_1_259' title='bbox 482 1633 600 1670; x_wconf 83' lang='lat' dir='ltr'><em>sapiens</em></span> <span class='ocrx_word' id='word_1_260' title='bbox 632 1634 664 1662; x_wconf 81' lang='lat' dir='ltr'><em>in</em></span> <span class='ocrx_word' id='word_1_261' title='bbox 691 1634 839 1671; x_wconf 72' lang='lat' dir='ltr'><em>sapientia</em></span> <span class='ocrx_word' id='word_1_262' title='bbox 867 1643 942 1668; x_wconf 86' lang='lat' dir='ltr'><em>sua,</em></span> <span class='ocrx_word' id='word_1_263' title='bbox 964 1639 991 1663; x_wconf 86' lang='lat' dir='ltr'><em>et</em></span> <span class='ocrx_word' id='word_1_264' title='bbox 1010 1644 1069 1663; x_wconf 84' lang='lat' dir='ltr'><em>non</em></span> 
     </span>
     <span class='ocr_line' id='line_1_30' title="bbox 214 1679 1069 1720; baseline 0 -10"><span class='ocrx_word' id='word_1_265' title='bbox 214 1681 357 1720; x_wconf 63' lang='lat' dir='ltr'><em>glorietur</em></span> <span class='ocrx_word' id='word_1_266' title='bbox 378 1679 466 1718; x_wconf 79' lang='lat' dir='ltr'><em>fortis</em></span> <span class='ocrx_word' id='word_1_267' title='bbox 487 1681 518 1709; x_wconf 84' lang='lat' dir='ltr'><em>in</em></span> <span class='ocrx_word' id='word_1_268' title='bbox 538 1679 712 1717; x_wconf 82' lang='lat' dir='ltr'><em>fortitudine</em></span> <span class='ocrx_word' id='word_1_269' title='bbox 732 1690 798 1710; x_wconf 82' lang='lat' dir='ltr'><em>sua.</em></span> <span class='ocrx_word' id='word_1_270' title='bbox 822 1681 853 1709; x_wconf 86' lang='lat' dir='ltr'><em>Et</em></span> <span class='ocrx_word' id='word_1_271' title='bbox 878 1689 962 1710; x_wconf 87' lang='lat' dir='ltr'><em>causa</em></span> <span class='ocrx_word' id='word_1_272' title='bbox 984 1682 1069 1710; x_wconf 86' lang='lat' dir='ltr'><em>huius</em></span> 
     </span>
     <span class='ocr_line' id='line_1_31' title="bbox 216 1727 1068 1765; baseline -0.002 -7"><span class='ocrx_word' id='word_1_273' title='bbox 216 1728 342 1758; x_wconf 84' lang='lat' dir='ltr'><em>redditur</em></span> <span class='ocrx_word' id='word_1_274' title='bbox 363 1728 390 1756; x_wconf 92' lang='lat' dir='ltr'><em>in</em></span> <span class='ocrx_word' id='word_1_275' title='bbox 413 1727 567 1761; x_wconf 86' lang='lat' dir='ltr'><em>Ezechiele‚</em></span> <span class='ocrx_word' id='word_1_276' title='bbox 589 1727 636 1756; x_wconf 89' lang='lat' dir='ltr'><em>ubi</em></span> <span class='ocrx_word' id='word_1_277' title='bbox 658 1727 775 1756; x_wconf 88' lang='lat' dir='ltr'><em>dicitur:</em></span> <span class='ocrx_word' id='word_1_278' title='bbox 804 1728 864 1762; x_wconf 85' lang='lat' dir='ltr'><em>Tu,</em></span> <span class='ocrx_word' id='word_1_279' title='bbox 890 1728 995 1765; x_wconf 76' lang='lat' dir='ltr'><em>plenus</em></span> <span class='ocrx_word' id='word_1_280' title='bbox 1019 1737 1068 1756; x_wconf 86' lang='lat' dir='ltr'><em>sa-</em></span> 
     </span>
     <span class='ocr_line' id='line_1_32' title="bbox 213 1774 1068 1813; baseline -0.001 -9"><span class='ocrx_word' id='word_1_281' title='bbox 213 1775 325 1813; x_wconf 82' lang='lat' dir='ltr'><em>pientia</em></span> <span class='ocrx_word' id='word_1_282' title='bbox 346 1779 372 1804; x_wconf 88' lang='lat' dir='ltr'><em>et</em></span> <span class='ocrx_word' id='word_1_283' title='bbox 392 1776 507 1809; x_wconf 76' lang='lat' dir='ltr'><em>decore,</em></span> <span class='ocrx_word' id='word_1_284' title='bbox 530 1775 562 1803; x_wconf 87' lang='lat' dir='ltr'><em>in</em></span> <span class='ocrx_word' id='word_1_285' title='bbox 589 1774 700 1803; x_wconf 67' lang='lat' dir='ltr'><em>delicus</em></span> <span class='ocrx_word' id='word_1_286' title='bbox 728 1775 871 1811; x_wconf 83' lang='lat' dir='ltr'><em>paradisi</em></span> <span class='ocrx_word' id='word_1_287' title='bbox 893 1775 944 1803; x_wconf 85' lang='lat' dir='ltr'><em>Dei</em></span> <span class='ocrx_word' id='word_1_288' title='bbox 963 1774 1068 1812; x_wconf 75' lang='lat' dir='ltr'><em>fuisti,-</em></span> 
     </span>
     <span class='ocr_line' id='line_1_33' title="bbox 87 1821 1067 1860; baseline -0.001 -9"><span class='ocrx_word' id='word_1_289' title='bbox 87 1822 203 1842; x_wconf 73' lang='lat' dir='ltr'><em>Notandum.</em></span> <span class='ocrx_word' id='word_1_290' title='bbox 213 1822 371 1860; x_wconf 78' lang='lat' dir='ltr'><em>perdidisti</em></span> <span class='ocrx_word' id='word_1_291' title='bbox 390 1822 566 1859; x_wconf 77' lang='lat' dir='ltr'><em>sapientiam</em></span> <span class='ocrx_word' id='word_1_292' title='bbox 588 1825 671 1850; x_wconf 87' lang='lat' dir='ltr'><em>tuam</em></span> <span class='ocrx_word' id='word_1_293' title='bbox 692 1821 724 1849; x_wconf 82' lang='lat' dir='ltr'><em>in</em></span> <span class='ocrx_word' id='word_1_294' title='bbox 746 1822 847 1849; x_wconf 80' lang='lat' dir='ltr'><em>decore</em></span> <span class='ocrx_word' id='word_1_295' title='bbox 868 1825 925 1850; x_wconf 85' lang='lat' dir='ltr'><em>tuo.</em></span> <span class='ocrx_word' id='word_1_296' title='bbox 942 1838 979 1842; x_wconf 58' lang='grc'><em>-«</em></span> <span class='ocrx_word' id='word_1_297' title='bbox 998 1822 1067 1850; x_wconf 83' lang='lat' dir='ltr'><em>Haec</em></span> 
     </span>
     <span class='ocr_line' id='line_1_34' title="bbox 215 1868 1068 1905; baseline -0.002 -7"><span class='ocrx_word' id='word_1_298' title='bbox 215 1872 258 1899; x_wconf 90' lang='lat' dir='ltr'><em>est</em></span> <span class='ocrx_word' id='word_1_299' title='bbox 275 1869 380 1898; x_wconf 87' lang='lat' dir='ltr'><em>iustitia</em></span> <span class='ocrx_word' id='word_1_300' title='bbox 400 1877 524 1902; x_wconf 85' lang='lat' dir='ltr'><em>summa,</em></span> <span class='ocrx_word' id='word_1_301' title='bbox 541 1871 572 1897; x_wconf 90' lang='lat' dir='ltr'><em>ut</em></span> <span class='ocrx_word' id='word_1_302' title='bbox 586 1868 684 1897; x_wconf 87' lang='lat' dir='ltr'><em>demus</em></span> <span class='ocrx_word' id='word_1_303' title='bbox 698 1868 754 1896; x_wconf 88' lang='lat' dir='ltr'><em>Deo</em></span> <span class='ocrx_word' id='word_1_304' title='bbox 768 1868 883 1905; x_wconf 79' lang='lat' dir='ltr'><em>gloriam</em></span> <span class='ocrx_word' id='word_1_305' title='bbox 899 1871 926 1896; x_wconf 88' lang='lat' dir='ltr'><em>et</em></span> <span class='ocrx_word' id='word_1_306' title='bbox 940 1870 1068 1905; x_wconf 86' lang='lat' dir='ltr'><em>petamus</em></span> 
     </span>
     <span class='ocr_line' id='line_1_35' title="bbox 215 1915 1069 1954; baseline -0.004 -8"><span class='ocrx_word' id='word_1_307' title='bbox 215 1917 250 1946; x_wconf 90' lang='lat' dir='ltr'><em>ab</em></span> <span class='ocrx_word' id='word_1_308' title='bbox 278 1917 337 1954; x_wconf 89' lang='lat' dir='ltr'><em>ipso</em></span> <span class='ocrx_word' id='word_1_309' title='bbox 368 1916 539 1953; x_wconf 84' lang='lat' dir='ltr'><em>sapientiam.</em></span> <span class='ocrx_word' id='word_1_310' title='bbox 563 1915 637 1944; x_wconf 87' lang='lat' dir='ltr'><em>Unde</em></span> <span class='ocrx_word' id='word_1_311' title='bbox 666 1915 693 1943; x_wconf 95' lang='lat' dir='ltr'><em>in</em></span> <span class='ocrx_word' id='word_1_312' title='bbox 722 1915 857 1943; x_wconf 83' lang='lat' dir='ltr'><em>Canonica</em></span> <span class='ocrx_word' id='word_1_313' title='bbox 886 1915 1012 1943; x_wconf 74' lang='lat' dir='ltr'><em>Iacobi4:</em></span> <span class='ocrx_word' id='word_1_314' title='bbox 1036 1915 1069 1943; x_wconf 83' lang='lat' dir='ltr'><em>Si</em></span> 
     </span>
     <span class='ocr_line' id='line_1_36' title="bbox 215 1962 1067 2003; baseline -0.004 -10"><span class='ocrx_word' id='word_1_315' title='bbox 215 1964 281 2003; x_wconf 82' lang='lat' dir='ltr'><em>quis</em></span> <span class='ocrx_word' id='word_1_316' title='bbox 311 1967 441 1992; x_wconf 78' lang='lat' dir='ltr'><em>vestrum</em></span> <span class='ocrx_word' id='word_1_317' title='bbox 472 1963 581 2000; x_wconf 65' lang='lat' dir='ltr'><em>indicet</em></span> <span class='ocrx_word' id='word_1_318' title='bbox 611 1963 773 2000; x_wconf 71' lang='lat' dir='ltr'><em>sapientia,</em></span> <span class='ocrx_word' id='word_1_319' title='bbox 797 1962 921 1999; x_wconf 77' lang='lat' dir='ltr'><em>postulet</em></span> <span class='ocrx_word' id='word_1_320' title='bbox 951 1970 1011 1991; x_wconf 84' lang='lat' dir='ltr'><em>eam</em></span> <span class='ocrx_word' id='word_1_321' title='bbox 1048 1971 1067 1991; x_wconf 90' lang='lat' dir='ltr'><em>a</em></span> 
     </span>
     <span class='ocr_line' id='line_1_37' title="bbox 217 2009 1067 2048; baseline -0.002 -8"><span class='ocrx_word' id='word_1_322' title='bbox 217 2012 273 2040; x_wconf 89' lang='lat' dir='ltr'><em>Deo</em></span> <span class='ocrx_word' id='word_1_323' title='bbox 295 2015 358 2046; x_wconf 62' lang='lat' dir='ltr'><em>etc„</em></span> <span class='ocrx_word' id='word_1_324' title='bbox 390 2011 422 2040; x_wconf 93' lang='lat' dir='ltr'><em>in</em></span> <span class='ocrx_word' id='word_1_325' title='bbox 452 2010 508 2048; x_wconf 77' lang='lat' dir='ltr'><em>side</em></span> <span class='ocrx_word' id='word_1_326' title='bbox 529 2009 604 2039; x_wconf 80' lang='lat' dir='ltr'><em>nibil</em></span> <span class='ocrx_word' id='word_1_327' title='bbox 634 2009 791 2039; x_wconf 76' lang='lat' dir='ltr'><em>haesitans.</em></span> <span class='ocrx_word' id='word_1_328' title='bbox 815 2010 845 2038; x_wconf 87' lang='lat' dir='ltr'><em>Et</em></span> <span class='ocrx_word' id='word_1_329' title='bbox 866 2010 932 2047; x_wconf 79' lang='lat' dir='ltr'><em>quia</em></span> <span class='ocrx_word' id='word_1_330' title='bbox 952 2017 1003 2047; x_wconf 81' lang='lat' dir='ltr'><em>ego</em></span> <span class='ocrx_word' id='word_1_331' title='bbox 1028 2010 1067 2038; x_wconf 91' lang='lat' dir='ltr'><em>lo-</em></span> 
     </span>
     <span class='ocr_line' id='line_1_38' title="bbox 215 2057 1066 2096; baseline -0.004 -8"><span class='ocrx_word' id='word_1_332' title='bbox 215 2062 334 2088; x_wconf 85' lang='lat' dir='ltr'><em>cuturus</em></span> <span class='ocrx_word' id='word_1_333' title='bbox 354 2058 388 2087; x_wconf 89' lang='lat' dir='ltr'><em>de</em></span> <span class='ocrx_word' id='word_1_334' title='bbox 409 2058 542 2096; x_wconf 82' lang='lat' dir='ltr'><em>sapientia</em></span> <span class='ocrx_word' id='word_1_335' title='bbox 566 2058 674 2095; x_wconf 84' lang='lat' dir='ltr'><em>indigeo</em></span> <span class='ocrx_word' id='word_1_336' title='bbox 699 2057 846 2094; x_wconf 84' lang='lat' dir='ltr'><em>sapientia,</em></span> <span class='ocrx_word' id='word_1_337' title='bbox 872 2060 899 2086; x_wconf 85' lang='lat' dir='ltr'><em>et</em></span> <span class='ocrx_word' id='word_1_338' title='bbox 920 2065 968 2086; x_wconf 85' lang='lat' dir='ltr'><em>vos</em></span> <span class='ocrx_word' id='word_1_339' title='bbox 989 2057 1066 2086; x_wconf 90' lang='lat' dir='ltr'><em>audi-</em></span> 
     </span>
     <span class='ocr_line' id='line_1_39' title="bbox 215 2104 1065 2142; baseline -0.004 -7"><span class='ocrx_word' id='word_1_340' title='bbox 215 2109 289 2135; x_wconf 84' lang='lat' dir='ltr'><em>tores</em></span> <span class='ocrx_word' id='word_1_341' title='bbox 326 2106 468 2140; x_wconf 84' lang='lat' dir='ltr'><em>similiter;</em></span> <span class='ocrx_word' id='word_1_342' title='bbox 504 2106 564 2134; x_wconf 90' lang='lat' dir='ltr'><em>ideo</em></span> <span class='ocrx_word' id='word_1_343' title='bbox 595 2105 622 2134; x_wconf 92' lang='lat' dir='ltr'><em>in</em></span> <span class='ocrx_word' id='word_1_344' title='bbox 655 2105 791 2142; x_wconf 81' lang='lat' dir='ltr'><em>principio</em></span> <span class='ocrx_word' id='word_1_345' title='bbox 819 2112 948 2142; x_wconf 80' lang='lat' dir='ltr'><em>rogemus</em></span> <span class='ocrx_word' id='word_1_346' title='bbox 973 2104 1065 2132; x_wconf 89' lang='lat' dir='ltr'><em>Domi-</em></span> 
     </span>
    </p>

    <p class='ocr_par' dir='ltr' id='par_1_6' title="bbox 70 2156 1064 2618">
     <span class='ocr_line' id='line_1_40' title="bbox 215 2156 355 2182; baseline -0.007 0"><span class='ocrx_word' id='word_1_347' title='bbox 215 2161 282 2182; x_wconf 90' lang='lat' dir='ltr'><em>num</em></span> <span class='ocrx_word' id='word_1_348' title='bbox 304 2156 355 2182; x_wconf 91' lang='lat' dir='ltr'><em>etc.</em></span> 
     </span>
     <span class='ocr_line' id='line_1_41' title="bbox 293 2198 1064 2228; baseline 0 -1"><span class='ocrx_word' id='word_1_349' title='bbox 293 2201 319 2228; x_wconf 68' lang='lat'><em>2.</em></span> <span class='ocrx_word' id='word_1_350' title='bbox 343 2200 376 2228; x_wconf 87' lang='lat' dir='ltr'><em>Si</em></span> <span class='ocrx_word' id='word_1_351' title='bbox 396 2199 623 2228; x_wconf 64' lang='lat' dir='ltr'><em>consurrexistis</em></span> <span class='ocrx_word' id='word_1_352' title='bbox 644 2207 710 2228; x_wconf 81' lang='lat' dir='ltr'><em>eum</em></span> <span class='ocrx_word' id='word_1_353' title='bbox 734 2198 847 2227; x_wconf 70' lang='lat' dir='ltr'><em>Christo</em></span> <span class='ocrx_word' id='word_1_354' title='bbox 868 2201 918 2227; x_wconf 87' lang='lat' dir='ltr'><em>etc.</em></span> <span class='ocrx_word' id='word_1_355' title='bbox 943 2198 1064 2227; x_wconf 86' lang='lat' dir='ltr'><em>Verbum</em></span> 
     </span>
     <span class='ocr_line' id='line_1_42' title="bbox 92 2246 1063 2290; baseline 0 -15"><span class='ocrx_word' id='word_1_356' title='bbox 92 2248 200 2290; x_wconf 47' lang='lat' dir='ltr'><em>2¹32?ng</em></span> <span class='ocrx_word' id='word_1_357' title='bbox 213 2247 281 2276; x_wconf 87' lang='lat' dir='ltr'><em>illud</em></span> <span class='ocrx_word' id='word_1_358' title='bbox 303 2247 433 2283; x_wconf 87' lang='lat' dir='ltr'><em>competit</em></span> <span class='ocrx_word' id='word_1_359' title='bbox 455 2247 592 2283; x_wconf 85' lang='lat' dir='ltr'><em>praesenti</em></span> <span class='ocrx_word' id='word_1_360' title='bbox 616 2247 733 2284; x_wconf 89' lang='lat' dir='ltr'><em>tempori</em></span> <span class='ocrx_word' id='word_1_361' title='bbox 748 2249 776 2275; x_wconf 89' lang='lat' dir='ltr'><em>et</em></span> <span class='ocrx_word' id='word_1_362' title='bbox 790 2249 885 2275; x_wconf 88' lang='lat' dir='ltr'><em>nostro</em></span> <span class='ocrx_word' id='word_1_363' title='bbox 906 2246 1063 2283; x_wconf 84' lang='lat' dir='ltr'><em>proposito;</em></span> 
     </span>
     <span class='ocr_line' id='line_1_43' title="bbox 213 2294 1063 2332; baseline 0 -8"><span class='ocrx_word' id='word_1_364' title='bbox 213 2295 306 2332; x_wconf 89' lang='lat' dir='ltr'><em>ipsum</em></span> <span class='ocrx_word' id='word_1_365' title='bbox 321 2297 362 2323; x_wconf 87' lang='lat' dir='ltr'><em>est</em></span> <span class='ocrx_word' id='word_1_366' title='bbox 376 2294 512 2331; x_wconf 88' lang='lat' dir='ltr'><em>scriptum</em></span> <span class='ocrx_word' id='word_1_367' title='bbox 528 2294 554 2323; x_wconf 93' lang='lat' dir='ltr'><em>in</em></span> <span class='ocrx_word' id='word_1_368' title='bbox 570 2295 704 2332; x_wconf 74' lang='lat' dir='ltr'><em>Epistola,</em></span> <span class='ocrx_word' id='word_1_369' title='bbox 719 2302 791 2332; x_wconf 87' lang='lat' dir='ltr'><em>quae</em></span> <span class='ocrx_word' id='word_1_370' title='bbox 806 2294 907 2331; x_wconf 79' lang='lat' dir='ltr'><em>legitur</em></span> <span class='ocrx_word' id='word_1_371' title='bbox 921 2294 948 2323; x_wconf 94' lang='lat' dir='ltr'><em>in</em></span> <span class='ocrx_word' id='word_1_372' title='bbox 968 2295 1063 2329; x_wconf 85' lang='lat' dir='ltr'><em>Missa,</em></span> 
     </span>
     <span class='ocr_line' id='line_1_44' title="bbox 213 2341 1063 2379; baseline 0 -8"><span class='ocrx_word' id='word_1_373' title='bbox 213 2345 241 2371; x_wconf 85' lang='lat' dir='ltr'><em>et</em></span> <span class='ocrx_word' id='word_1_374' title='bbox 261 2344 302 2371; x_wconf 88' lang='lat' dir='ltr'><em>est</em></span> <span class='ocrx_word' id='word_1_375' title='bbox 324 2341 441 2370; x_wconf 89' lang='lat' dir='ltr'><em>verbum</em></span> <span class='ocrx_word' id='word_1_376' title='bbox 463 2341 581 2378; x_wconf 73' lang='lat' dir='ltr'><em>Apostoli</em></span> <span class='ocrx_word' id='word_1_377' title='bbox 595 2342 629 2370; x_wconf 89' lang='lat' dir='ltr'><em>ad</em></span> <span class='ocrx_word' id='word_1_378' title='bbox 650 2341 822 2371; x_wconf 86' lang='lat' dir='ltr'><em>Colossenses</em></span> <span class='ocrx_word' id='word_1_379' title='bbox 833 2341 854 2375; x_wconf 87' lang='lat'><em>⁵,</em></span> <span class='ocrx_word' id='word_1_380' title='bbox 870 2341 897 2370; x_wconf 93' lang='lat' dir='ltr'><em>in</em></span> <span class='ocrx_word' id='word_1_381' title='bbox 912 2350 968 2379; x_wconf 86' lang='lat' dir='ltr'><em>quo</em></span> <span class='ocrx_word' id='word_1_382' title='bbox 986 2350 1063 2371; x_wconf 89' lang='lat' dir='ltr'><em>sacer</em></span> 
     </span>
     <span class='ocr_line' id='line_1_45' title="bbox 213 2389 1064 2427; baseline 0.001 -9"><span class='ocrx_word' id='word_1_383' title='bbox 213 2389 358 2427; x_wconf 75' lang='lat' dir='ltr'><em>Apostolus</em></span> <span class='ocrx_word' id='word_1_384' title='bbox 379 2389 508 2418; x_wconf 86' lang='lat' dir='ltr'><em>hortatur</em></span> <span class='ocrx_word' id='word_1_385' title='bbox 529 2397 579 2418; x_wconf 90' lang='lat' dir='ltr'><em>nos</em></span> <span class='ocrx_word' id='word_1_386' title='bbox 600 2389 726 2427; x_wconf 74' lang='lat' dir='ltr'><em>adipisci</em></span> <span class='ocrx_word' id='word_1_387' title='bbox 745 2389 906 2426; x_wconf 83' lang='lat' dir='ltr'><em>sapientiam</em></span> <span class='ocrx_word' id='word_1_388' title='bbox 929 2398 1023 2419; x_wconf 86' lang='lat' dir='ltr'><em>veram</em></span> <span class='ocrx_word' id='word_1_389' title='bbox 1037 2393 1064 2419; x_wconf 91' lang='lat' dir='ltr'><em>et</em></span> 
     </span>
     <span class='ocr_line' id='line_1_46' title="bbox 212 2435 1063 2474; baseline 0.002 -9"><span class='ocrx_word' id='word_1_390' title='bbox 212 2435 337 2474; x_wconf 73' lang='lat' dir='ltr'><em>effuyere</em></span> <span class='ocrx_word' id='word_1_391' title='bbox 357 2436 519 2473; x_wconf 84' lang='lat' dir='ltr'><em>sapientiam</em></span> <span class='ocrx_word' id='word_1_392' title='bbox 540 2445 647 2465; x_wconf 87' lang='lat' dir='ltr'><em>vanam.</em></span> <span class='ocrx_word' id='word_1_393' title='bbox 670 2437 792 2465; x_wconf 89' lang='lat' dir='ltr'><em>Primum</em></span> <span class='ocrx_word' id='word_1_394' title='bbox 815 2437 915 2474; x_wconf 83' lang='lat' dir='ltr'><em>tangit,</em></span> <span class='ocrx_word' id='word_1_395' title='bbox 938 2445 1002 2466; x_wconf 88' lang='lat' dir='ltr'><em>cum</em></span> <span class='ocrx_word' id='word_1_396' title='bbox 1022 2438 1063 2467; x_wconf 89' lang='lat' dir='ltr'><em>di-</em></span> 
     </span>
     <span class='ocr_line' id='line_1_47' title="bbox 213 2483 1063 2522; baseline 0.002 -10"><span class='ocrx_word' id='word_1_397' title='bbox 213 2483 264 2512; x_wconf 86' lang='lat' dir='ltr'><em>cit:</em></span> <span class='ocrx_word' id='word_1_398' title='bbox 287 2483 321 2512; x_wconf 88' lang='lat' dir='ltr'><em>Si</em></span> <span class='ocrx_word' id='word_1_399' title='bbox 341 2483 570 2512; x_wconf 63' lang='lat' dir='ltr'><em>consurrexistis</em></span> <span class='ocrx_word' id='word_1_400' title='bbox 598 2492 664 2512; x_wconf 85' lang='lat' dir='ltr'><em>cum</em></span> <span class='ocrx_word' id='word_1_401' title='bbox 695 2483 823 2518; x_wconf 72' lang='lat' dir='ltr'><em>Clu-isto,</em></span> <span class='ocrx_word' id='word_1_402' title='bbox 845 2492 920 2522; x_wconf 82' lang='lat' dir='ltr'><em>quac</em></span> <span class='ocrx_word' id='word_1_403' title='bbox 939 2494 1063 2514; x_wconf 77' lang='lat' dir='ltr'><em>sursum</em></span> 
     </span>
     <span class='ocr_line' id='line_1_48' title="bbox 211 2531 1063 2568; baseline 0.004 -10"><span class='ocrx_word' id='word_1_404' title='bbox 211 2533 283 2559; x_wconf 82' lang='lat' dir='ltr'><em>sunt</em></span> <span class='ocrx_word' id='word_1_405' title='bbox 302 2531 433 2568; x_wconf 84' lang='lat' dir='ltr'><em>quaerite</em></span> <span class='ocrx_word' id='word_1_406' title='bbox 453 2534 504 2559; x_wconf 81' lang='lat' dir='ltr'><em>etc.</em></span> <span class='ocrx_word' id='word_1_407' title='bbox 527 2531 683 2560; x_wconf 84' lang='lat' dir='ltr'><em>Secundum</em></span> <span class='ocrx_word' id='word_1_408' title='bbox 706 2531 808 2568; x_wconf 82' lang='lat' dir='ltr'><em>tangit,</em></span> <span class='ocrx_word' id='word_1_409' title='bbox 829 2539 893 2560; x_wconf 84' lang='lat' dir='ltr'><em>oum</em></span> <span class='ocrx_word' id='word_1_410' title='bbox 908 2531 989 2560; x_wconf 88' lang='lat' dir='ltr'><em>dicit:</em></span> <span class='ocrx_word' id='word_1_411' title='bbox 1004 2541 1063 2561; x_wconf 87' lang='lat' dir='ltr'><em>non</em></span> 
     </span>
     <span class='ocr_line' id='line_1_49' title="bbox 70 2578 1063 2618; baseline 0.003 -12"><span class='ocrx_word' id='word_1_412' title='bbox 70 2578 288 2616; x_wconf 58' lang='lat' dir='ltr'><em>⁰⁰⁹¹0x³⁵92·quac</em></span> <span class='ocrx_word' id='word_1_413' title='bbox 318 2586 409 2615; x_wconf 82' lang='lat' dir='ltr'><em>super</em></span> <span class='ocrx_word' id='word_1_414' title='bbox 440 2583 570 2612; x_wconf 81' lang='lat' dir='ltr'><em>terram,·</em></span> <span class='ocrx_word' id='word_1_415' title='bbox 591 2579 618 2607; x_wconf 95' lang='lat' dir='ltr'><em>in</em></span> <span class='ocrx_word' id='word_1_416' title='bbox 640 2587 695 2616; x_wconf 89' lang='lat' dir='ltr'><em>quo</em></span> <span class='ocrx_word' id='word_1_417' title='bbox 716 2579 762 2607; x_wconf 89' lang='lat' dir='ltr'><em>dat</em></span> <span class='ocrx_word' id='word_1_418' title='bbox 789 2579 959 2617; x_wconf 83' lang='lat' dir='ltr'><em>intelligere,</em></span> <span class='ocrx_word' id='word_1_419' title='bbox 988 2581 1063 2618; x_wconf 88' lang='lat' dir='ltr'><em>quod</em></span> 
     </span>
    </p>
   </div>
   <div class='ocr_carea' id='block_1_6' title="bbox 70 2601 1061 2665">
    <p class='ocr_par' dir='ltr' id='par_1_7' title="bbox 70 2601 1061 2665">
     <span class='ocr_line' id='line_1_50' title="bbox 70 2601 1061 2665; baseline 0.004 -12"><span class='ocrx_word' id='word_1_420' title='bbox 70 2601 285 2653; x_wconf 47' lang='lat' dir='ltr'><em>gkussffiggffissicut</em></span> <span class='ocrx_word' id='word_1_421' title='bbox 306 2628 348 2654; x_wconf 86' lang='lat' dir='ltr'><em>est</em></span> <span class='ocrx_word' id='word_1_422' title='bbox 375 2625 480 2662; x_wconf 85' lang='lat' dir='ltr'><em>duplex</em></span> <span class='ocrx_word' id='word_1_423' title='bbox 508 2630 643 2663; x_wconf 79' lang='lat' dir='ltr'><em>aspectus</em></span> <span class='ocrx_word' id='word_1_424' title='bbox 670 2626 792 2661; x_wconf 85' lang='lat' dir='ltr'><em>animae,</em></span> <span class='ocrx_word' id='word_1_425' title='bbox 820 2626 859 2655; x_wconf 87' lang='lat' dir='ltr'><em>sio</em></span> <span class='ocrx_word' id='word_1_426' title='bbox 887 2630 929 2656; x_wconf 86' lang='lat' dir='ltr'><em>est</em></span> <span class='ocrx_word' id='word_1_427' title='bbox 955 2627 1061 2665; x_wconf 82' lang='lat' dir='ltr'><em>duplex</em></span> 
     </span>
    </p>
   </div>
   <div class='ocr_carea' id='block_1_7' title="bbox 1096 692 1101 1334">
    <p class='ocr_par' dir='ltr' id='par_1_8' title="bbox 1096 692 1101 1334">
     <span class='ocr_line' id='line_1_51' title="bbox 1096 692 1101 1334; baseline 0 0"><span class='ocrx_word' id='word_1_428' title='bbox 1096 692 1101 1334; x_wconf 95' lang='lat' dir='ltr'><em> </em></span> 
     </span>
    </p>
   </div>
   <div class='ocr_carea' id='block_1_8' title="bbox 1090 1548 1099 2663">
    <p class='ocr_par' dir='ltr' id='par_1_9' title="bbox 1090 1548 1099 2663">
     <span class='ocr_line' id='line_1_52' title="bbox 1090 1548 1099 2663; baseline 0 0"><span class='ocrx_word' id='word_1_429' title='bbox 1090 1548 1099 2663; x_wconf 95' lang='lat' dir='ltr'><em> </em></span> 
     </span>
    </p>
   </div>
   <div class='ocr_carea' id='block_1_9' title="bbox 1125 688 2120 1819">
    <p class='ocr_par' dir='ltr' id='par_1_10' title="bbox 1125 688 2120 1768">
     <span class='ocr_line' id='line_1_53' title="bbox 1128 688 1975 726; baseline 0.001 -9"><span class='ocrx_word' id='word_1_430' title='bbox 1128 688 1189 717; x_wconf 80' lang='lat' dir='ltr'><em>elus</em></span> <span class='ocrx_word' id='word_1_431' title='bbox 1217 688 1345 726; x_wconf 73' lang='lat' dir='ltr'><em>affectus.</em></span> <span class='ocrx_word' id='word_1_432' title='bbox 1375 689 1451 718; x_wconf 86' lang='lat' dir='ltr'><em>Unus</em></span> <span class='ocrx_word' id='word_1_433' title='bbox 1478 692 1607 726; x_wconf 88' lang='lat' dir='ltr'><em>aspectus</em></span> <span class='ocrx_word' id='word_1_434' title='bbox 1634 690 1694 718; x_wconf 88' lang='lat' dir='ltr'><em>eius</em></span> <span class='ocrx_word' id='word_1_435' title='bbox 1721 693 1763 719; x_wconf 88' lang='lat' dir='ltr'><em>est</em></span> <span class='ocrx_word' id='word_1_436' title='bbox 1790 690 1823 719; x_wconf 86' lang='lat' dir='ltr'><em>ad</em></span> <span class='ocrx_word' id='word_1_437' title='bbox 1852 690 1975 720; x_wconf 77' lang='lat' dir='ltr'><em>caelestia</em></span> 
     </span>
     <span class='ocr_line' id='line_1_54' title="bbox 1127 736 1976 775; baseline 0.005 -12"><span class='ocrx_word' id='word_1_438' title='bbox 1127 739 1154 763; x_wconf 86' lang='lat' dir='ltr'><em>et</em></span> <span class='ocrx_word' id='word_1_439' title='bbox 1176 736 1338 770; x_wconf 86' lang='lat' dir='ltr'><em>invisibilia,</em></span> <span class='ocrx_word' id='word_1_440' title='bbox 1360 736 1431 765; x_wconf 83' lang='lat' dir='ltr'><em>alius</em></span> <span class='ocrx_word' id='word_1_441' title='bbox 1453 740 1494 765; x_wconf 89' lang='lat' dir='ltr'><em>est</em></span> <span class='ocrx_word' id='word_1_442' title='bbox 1518 737 1551 765; x_wconf 91' lang='lat' dir='ltr'><em>ad</em></span> <span class='ocrx_word' id='word_1_443' title='bbox 1578 740 1688 766; x_wconf 88' lang='lat' dir='ltr'><em>terrena</em></span> <span class='ocrx_word' id='word_1_444' title='bbox 1716 741 1743 766; x_wconf 88' lang='lat' dir='ltr'><em>et</em></span> <span class='ocrx_word' id='word_1_445' title='bbox 1770 738 1976 775; x_wconf 79' lang='lat' dir='ltr'><em>corruptibilia;</em></span> 
     </span>
     <span class='ocr_line' id='line_1_55' title="bbox 1128 783 1977 822; baseline 0.006 -11"><span class='ocrx_word' id='word_1_446' title='bbox 1128 783 1164 811; x_wconf 86' lang='lat' dir='ltr'><em>ita</em></span> <span class='ocrx_word' id='word_1_447' title='bbox 1185 786 1226 812; x_wconf 89' lang='lat' dir='ltr'><em>est</em></span> <span class='ocrx_word' id='word_1_448' title='bbox 1247 783 1328 812; x_wconf 83' lang='lat' dir='ltr'><em>etiarn</em></span> <span class='ocrx_word' id='word_1_449' title='bbox 1350 783 1455 820; x_wconf 85' lang='lat' dir='ltr'><em>duplex</em></span> <span class='ocrx_word' id='word_1_450' title='bbox 1477 783 1597 822; x_wconf 76' lang='lat' dir='ltr'><em>affectus</em></span> <span class='ocrx_word' id='word_1_451' title='bbox 1627 785 1749 814; x_wconf 88' lang='lat' dir='ltr'><em>animae:</em></span> <span class='ocrx_word' id='word_1_452' title='bbox 1772 794 1845 815; x_wconf 88' lang='lat' dir='ltr'><em>unus</em></span> <span class='ocrx_word' id='word_1_453' title='bbox 1866 790 1907 815; x_wconf 85' lang='lat' dir='ltr'><em>est</em></span> <span class='ocrx_word' id='word_1_454' title='bbox 1933 794 1977 816; x_wconf 80' lang='lat' dir='ltr'><em>ae-</em></span> 
     </span>
     <span class='ocr_line' id='line_1_56' title="bbox 1128 830 1978 868; baseline 0.008 -10"><span class='ocrx_word' id='word_1_455' title='bbox 1128 833 1284 864; x_wconf 80' lang='lat' dir='ltr'><em>ternorum,</em></span> <span class='ocrx_word' id='word_1_456' title='bbox 1300 833 1327 859; x_wconf 89' lang='lat' dir='ltr'><em>et</em></span> <span class='ocrx_word' id='word_1_457' title='bbox 1341 830 1412 859; x_wconf 87' lang='lat' dir='ltr'><em>alius</em></span> <span class='ocrx_word' id='word_1_458' title='bbox 1433 834 1474 860; x_wconf 89' lang='lat' dir='ltr'><em>est</em></span> <span class='ocrx_word' id='word_1_459' title='bbox 1495 832 1696 868; x_wconf 84' lang='lat' dir='ltr'><em>temporalium.</em></span> <span class='ocrx_word' id='word_1_460' title='bbox 1720 833 1762 862; x_wconf 77' lang='lat' dir='ltr'><em>Sic</em></span> <span class='ocrx_word' id='word_1_461' title='bbox 1777 836 1819 863; x_wconf 87' lang='lat' dir='ltr'><em>est</em></span> <span class='ocrx_word' id='word_1_462' title='bbox 1833 834 1916 864; x_wconf 86' lang='lat' dir='ltr'><em>etiam</em></span> <span class='ocrx_word' id='word_1_463' title='bbox 1930 843 1978 865; x_wconf 83' lang='lat' dir='ltr'><em>sa-</em></span> 
     </span>
     <span class='ocr_line' id='line_1_57' title="bbox 1125 878 1979 919; baseline 0.008 -13"><span class='ocrx_word' id='word_1_464' title='bbox 1125 878 1250 914; x_wconf 79' lang='lat' dir='ltr'><em>pientia,</em></span> <span class='ocrx_word' id='word_1_465' title='bbox 1272 886 1343 915; x_wconf 89' lang='lat' dir='ltr'><em>quae</em></span> <span class='ocrx_word' id='word_1_466' title='bbox 1364 882 1406 907; x_wconf 91' lang='lat' dir='ltr'><em>est</em></span> <span class='ocrx_word' id='word_1_467' title='bbox 1426 878 1599 913; x_wconf 77' lang='lat' dir='ltr'><em>desursum,</em></span> <span class='ocrx_word' id='word_1_468' title='bbox 1615 882 1642 908; x_wconf 89' lang='lat' dir='ltr'><em>et</em></span> <span class='ocrx_word' id='word_1_469' title='bbox 1656 880 1723 916; x_wconf 86' lang='lat' dir='ltr'><em>alia,</em></span> <span class='ocrx_word' id='word_1_470' title='bbox 1743 890 1814 919; x_wconf 88' lang='lat' dir='ltr'><em>quae</em></span> <span class='ocrx_word' id='word_1_471' title='bbox 1835 886 1877 912; x_wconf 85' lang='lat' dir='ltr'><em>est</em></span> <span class='ocrx_word' id='word_1_472' title='bbox 1897 883 1979 912; x_wconf 81' lang='lat' dir='ltr'><em>deor-</em></span> 
     </span>
     <span class='ocr_line' id='line_1_58' title="bbox 1126 925 1977 964; baseline 0.009 -12"><span class='ocrx_word' id='word_1_473' title='bbox 1126 933 1201 953; x_wconf 81' lang='lat' dir='ltr'><em>sum.</em></span> <span class='ocrx_word' id='word_1_474' title='bbox 1225 925 1355 954; x_wconf 83' lang='lat' dir='ltr'><em>Hortatur</em></span> <span class='ocrx_word' id='word_1_475' title='bbox 1376 934 1426 955; x_wconf 89' lang='lat' dir='ltr'><em>nos</em></span> <span class='ocrx_word' id='word_1_476' title='bbox 1447 925 1481 955; x_wconf 83' lang='lat' dir='ltr'><em>ad</em></span> <span class='ocrx_word' id='word_1_477' title='bbox 1503 927 1621 964; x_wconf 87' lang='lat' dir='ltr'><em>primam</em></span> <span class='ocrx_word' id='word_1_478' title='bbox 1642 931 1669 958; x_wconf 88' lang='lat' dir='ltr'><em>et</em></span> <span class='ocrx_word' id='word_1_479' title='bbox 1689 929 1854 959; x_wconf 84' lang='lat' dir='ltr'><em>dehortatur</em></span> <span class='ocrx_word' id='word_1_480' title='bbox 1876 938 1926 959; x_wconf 86' lang='lat' dir='ltr'><em>nos</em></span> <span class='ocrx_word' id='word_1_481' title='bbox 1943 931 1977 960; x_wconf 86' lang='lat' dir='ltr'><em>ad</em></span> 
     </span>
     <span class='ocr_line' id='line_1_59' title="bbox 1128 972 2120 1020; baseline 0.008 -20"><span class='ocrx_word' id='word_1_482' title='bbox 1128 972 1216 1006; x_wconf 88' lang='lat' dir='ltr'><em>illam,</em></span> <span class='ocrx_word' id='word_1_483' title='bbox 1245 981 1316 1009; x_wconf 82' lang='lat' dir='ltr'><em>quae</em></span> <span class='ocrx_word' id='word_1_484' title='bbox 1344 976 1385 1003; x_wconf 89' lang='lat' dir='ltr'><em>est</em></span> <span class='ocrx_word' id='word_1_485' title='bbox 1413 982 1498 1012; x_wconf 84' lang='lat' dir='ltr'><em>super</em></span> <span class='ocrx_word' id='word_1_486' title='bbox 1527 978 1637 1005; x_wconf 78' lang='lat' dir='ltr'><em>terram.</em></span> <span class='ocrx_word' id='word_1_487' title='bbox 1662 993 1698 997; x_wconf 97' lang='lat'><strong>—</strong></span> <span class='ocrx_word' id='word_1_488' title='bbox 1721 977 1810 1012; x_wconf 85' lang='lat' dir='ltr'><em>Illam,</em></span> <span class='ocrx_word' id='word_1_489' title='bbox 1837 986 1908 1015; x_wconf 78' lang='lat' dir='ltr'><em>quae</em></span> <span class='ocrx_word' id='word_1_490' title='bbox 1936 982 1977 1008; x_wconf 87' lang='lat' dir='ltr'><em>est</em></span> <span class='ocrx_word' id='word_1_491' title='bbox 1990 977 2120 1020; x_wconf 51' lang='grc' dir='ltr'><em>ᾰθοξζξξξᾛι</em></span> 
     </span>
     <span class='ocr_line' id='line_1_60' title="bbox 1127 1019 2066 1054; baseline 0.009 -7"><span class='ocrx_word' id='word_1_492' title='bbox 1127 1019 1273 1054; x_wconf 87' lang='lat' dir='ltr'><em>deorsum,</em></span> <span class='ocrx_word' id='word_1_493' title='bbox 1302 1020 1434 1050; x_wconf 84' lang='lat' dir='ltr'><em>describit</em></span> <span class='ocrx_word' id='word_1_494' title='bbox 1462 1022 1559 1051; x_wconf 87' lang='lat' dir='ltr'><em>beatus</em></span> <span class='ocrx_word' id='word_1_495' title='bbox 1588 1023 1723 1052; x_wconf 83' lang='lat' dir='ltr'><em>Iacobus⁰</em></span> <span class='ocrx_word' id='word_1_496' title='bbox 1750 1024 1862 1054; x_wconf 71' lang='lat' dir='ltr'><em>dicens:</em></span> <span class='ocrx_word' id='word_1_497' title='bbox 1886 1025 1977 1054; x_wconf 88' lang='lat' dir='ltr'><em>Nolite</em></span> <span class='ocrx_word' id='word_1_498' title='bbox 1991 1025 2066 1049; x_wconf 56' lang='lat' dir='ltr'><em>“wm-</em></span> 
     </span>
     <span class='ocr_line' id='line_1_61' title="bbox 1126 1067 1979 1103; baseline 0.008 -8"><span class='ocrx_word' id='word_1_499' title='bbox 1126 1067 1256 1103; x_wconf 62' lang='lat' dir='ltr'><em>{Jloriari</em></span> <span class='ocrx_word' id='word_1_500' title='bbox 1276 1072 1302 1096; x_wconf 85' lang='lat' dir='ltr'><em>et</em></span> <span class='ocrx_word' id='word_1_501' title='bbox 1322 1069 1397 1097; x_wconf 86' lang='lat' dir='ltr'><em>mali</em></span> <span class='ocrx_word' id='word_1_502' title='bbox 1417 1078 1476 1097; x_wconf 80' lang='lat' dir='ltr'><em>esse</em></span> <span class='ocrx_word' id='word_1_503' title='bbox 1496 1070 1640 1098; x_wconf 80' lang='lat' dir='ltr'><em>aduersus</em></span> <span class='ocrx_word' id='word_1_504' title='bbox 1667 1071 1825 1100; x_wconf 79' lang='lat' dir='ltr'><em>veritatem.</em></span> <span class='ocrx_word' id='word_1_505' title='bbox 1849 1072 1913 1101; x_wconf 88' lang='lat' dir='ltr'><em>Non</em></span> <span class='ocrx_word' id='word_1_506' title='bbox 1939 1078 1979 1102; x_wconf 84' lang='lat' dir='ltr'><em>est</em></span> 
     </span>
     <span class='ocr_line' id='line_1_62' title="bbox 1126 1114 1979 1153; baseline 0.008 -11"><span class='ocrx_word' id='word_1_507' title='bbox 1126 1115 1203 1143; x_wconf 84' lang='lat' dir='ltr'><em>enim</em></span> <span class='ocrx_word' id='word_1_508' title='bbox 1225 1114 1294 1144; x_wconf 65' lang='lat' dir='ltr'><em>llaec</em></span> <span class='ocrx_word' id='word_1_509' title='bbox 1314 1116 1460 1152; x_wconf 82' lang='lat' dir='ltr'><em>sapientia</em></span> <span class='ocrx_word' id='word_1_510' title='bbox 1482 1117 1639 1145; x_wconf 77' lang='lat' dir='ltr'><em>desursum</em></span> <span class='ocrx_word' id='word_1_511' title='bbox 1657 1118 1843 1153; x_wconf 73' lang='lat' dir='ltr'><em>descendens,</em></span> <span class='ocrx_word' id='word_1_512' title='bbox 1859 1120 1908 1148; x_wconf 85' lang='lat' dir='ltr'><em>sed</em></span> <span class='ocrx_word' id='word_1_513' title='bbox 1924 1123 1979 1148; x_wconf 81' lang='lat' dir='ltr'><em>ter-</em></span> 
     </span>
     <span class='ocr_line' id='line_1_63' title="bbox 1128 1162 1977 1195; baseline 0.007 -6"><span class='ocrx_word' id='word_1_514' title='bbox 1128 1170 1216 1195; x_wconf 84' lang='lat' dir='ltr'><em>rena,</em></span> <span class='ocrx_word' id='word_1_515' title='bbox 1248 1162 1403 1195; x_wconf 75' lang='lat' dir='ltr'><em>animalis,</em></span> <span class='ocrx_word' id='word_1_516' title='bbox 1435 1163 1589 1192; x_wconf 79' lang='lat' dir='ltr'><em>diabolica.</em></span> <span class='ocrx_word' id='word_1_517' title='bbox 1625 1164 1676 1192; x_wconf 89' lang='lat' dir='ltr'><em>Ista</em></span> <span class='ocrx_word' id='word_1_518' title='bbox 1709 1168 1764 1193; x_wconf 88' lang='lat' dir='ltr'><em>tota</em></span> <span class='ocrx_word' id='word_1_519' title='bbox 1795 1166 1977 1195; x_wconf 80' lang='lat' dir='ltr'><em>solllcitudIne</em></span> 
     </span>
     <span class='ocr_line' id='line_1_64' title="bbox 1126 1209 1980 1246; baseline 0.007 -10"><span class='ocrx_word' id='word_1_520' title='bbox 1126 1209 1236 1245; x_wconf 81' lang='lat' dir='ltr'><em>quaerit</em></span> <span class='ocrx_word' id='word_1_521' title='bbox 1257 1209 1386 1238; x_wconf 84' lang='lat' dir='ltr'><em>delectari</em></span> <span class='ocrx_word' id='word_1_522' title='bbox 1410 1210 1436 1238; x_wconf 94' lang='lat' dir='ltr'><em>in</em></span> <span class='ocrx_word' id='word_1_523' title='bbox 1458 1210 1531 1238; x_wconf 90' lang='lat' dir='ltr'><em>omni</em></span> <span class='ocrx_word' id='word_1_524' title='bbox 1554 1211 1705 1246; x_wconf 85' lang='lat' dir='ltr'><em>suavitate,</em></span> <span class='ocrx_word' id='word_1_525' title='bbox 1729 1212 1754 1240; x_wconf 94' lang='lat' dir='ltr'><em>in</em></span> <span class='ocrx_word' id='word_1_526' title='bbox 1777 1213 1919 1242; x_wconf 82' lang='lat' dir='ltr'><em>affluentia</em></span> <span class='ocrx_word' id='word_1_527' title='bbox 1939 1214 1980 1242; x_wconf 92' lang='lat' dir='ltr'><em>di-</em></span> 
     </span>
     <span class='ocr_line' id='line_1_65' title="bbox 1128 1255 1978 1295; baseline 0.008 -12"><span class='ocrx_word' id='word_1_528' title='bbox 1128 1255 1257 1283; x_wconf 67' lang='lat' dir='ltr'><em>vitiarum</em></span> <span class='ocrx_word' id='word_1_529' title='bbox 1287 1256 1471 1285; x_wconf 80' lang='lat' dir='ltr'><em>saecularium</em></span> <span class='ocrx_word' id='word_1_530' title='bbox 1500 1260 1527 1285; x_wconf 91' lang='lat' dir='ltr'><em>et</em></span> <span class='ocrx_word' id='word_1_531' title='bbox 1556 1258 1583 1286; x_wconf 88' lang='lat' dir='ltr'><em>in</em></span> <span class='ocrx_word' id='word_1_532' title='bbox 1611 1259 1785 1295; x_wconf 80' lang='lat' dir='ltr'><em>experientia</em></span> <span class='ocrx_word' id='word_1_533' title='bbox 1811 1261 1978 1290; x_wconf 87' lang='lat' dir='ltr'><em>sensualium</em></span> 
     </span>
     <span class='ocr_line' id='line_1_66' title="bbox 1126 1302 1980 1338; baseline 0.009 -8"><span class='ocrx_word' id='word_1_534' title='bbox 1126 1302 1341 1332; x_wconf 76' lang='lat' dir='ltr'><em>delectationum</em></span> <span class='ocrx_word' id='word_1_535' title='bbox 1363 1307 1391 1332; x_wconf 87' lang='lat' dir='ltr'><em>et</em></span> <span class='ocrx_word' id='word_1_536' title='bbox 1411 1304 1439 1332; x_wconf 93' lang='lat' dir='ltr'><em>in</em></span> <span class='ocrx_word' id='word_1_537' title='bbox 1459 1305 1624 1334; x_wconf 84' lang='lat' dir='ltr'><em>excellentia</em></span> <span class='ocrx_word' id='word_1_538' title='bbox 1644 1306 1701 1335; x_wconf 85' lang='lat' dir='ltr'><em>sive</em></span> <span class='ocrx_word' id='word_1_539' title='bbox 1717 1306 1743 1335; x_wconf 93' lang='lat' dir='ltr'><em>in</em></span> <span class='ocrx_word' id='word_1_540' title='bbox 1758 1307 1907 1338; x_wconf 84' lang='lat' dir='ltr'><em>ambitione</em></span> <span class='ocrx_word' id='word_1_541' title='bbox 1922 1317 1980 1337; x_wconf 87' lang='lat' dir='ltr'><em>sae-</em></span> 
     </span>
     <span class='ocr_line' id='line_1_67' title="bbox 1127 1349 1979 1390; baseline 0.009 -12"><span class='ocrx_word' id='word_1_542' title='bbox 1127 1349 1265 1378; x_wconf 78' lang='lat' dir='ltr'><em>cularium</em></span> <span class='ocrx_word' id='word_1_543' title='bbox 1290 1351 1515 1388; x_wconf 84' lang='lat' dir='ltr'><em>pompositatum.</em></span> <span class='ocrx_word' id='word_1_544' title='bbox 1542 1353 1568 1381; x_wconf 94' lang='lat' dir='ltr'><em>In</em></span> <span class='ocrx_word' id='word_1_545' title='bbox 1598 1357 1734 1390; x_wconf 84' lang='lat' dir='ltr'><em>quantum</em></span> <span class='ocrx_word' id='word_1_546' title='bbox 1757 1355 1820 1384; x_wconf 80' lang='lat' dir='ltr'><em>facit</em></span> <span class='ocrx_word' id='word_1_547' title='bbox 1842 1355 1979 1385; x_wconf 90' lang='lat' dir='ltr'><em>hominem</em></span> 
     </span>
     <span class='ocr_line' id='line_1_68' title="bbox 1126 1397 1978 1433; baseline 0.008 -7"><span class='ocrx_word' id='word_1_548' title='bbox 1126 1397 1291 1432; x_wconf 86' lang='lat' dir='ltr'><em>sollicitum,</em></span> <span class='ocrx_word' id='word_1_549' title='bbox 1314 1402 1345 1427; x_wconf 91' lang='lat' dir='ltr'><em>ut</em></span> <span class='ocrx_word' id='word_1_550' title='bbox 1365 1398 1519 1429; x_wconf 82' lang='lat' dir='ltr'><em>delectetur</em></span> <span class='ocrx_word' id='word_1_551' title='bbox 1540 1401 1614 1429; x_wconf 88' lang='lat' dir='ltr'><em>omni</em></span> <span class='ocrx_word' id='word_1_552' title='bbox 1634 1402 1769 1432; x_wconf 83' lang='lat' dir='ltr'><em>suavitate</em></span> <span class='ocrx_word' id='word_1_553' title='bbox 1791 1403 1818 1431; x_wconf 93' lang='lat' dir='ltr'><em>in</em></span> <span class='ocrx_word' id='word_1_554' title='bbox 1840 1404 1978 1433; x_wconf 76' lang='lat' dir='ltr'><em>affluentia</em></span> 
     </span>
     <span class='ocr_line' id='line_1_69' title="bbox 1127 1446 1979 1486; baseline 0.008 -12"><span class='ocrx_word' id='word_1_555' title='bbox 1127 1446 1320 1480; x_wconf 68' lang='lat' dir='ltr'><em>divinarunt,</em></span> <span class='ocrx_word' id='word_1_556' title='bbox 1336 1450 1378 1476; x_wconf 87' lang='lat' dir='ltr'><em>est</em></span> <span class='ocrx_word' id='word_1_557' title='bbox 1392 1451 1526 1481; x_wconf 82' lang='lat' dir='ltr'><em>terrena,-</em></span> <span class='ocrx_word' id='word_1_558' title='bbox 1548 1448 1575 1477; x_wconf 89' lang='lat' dir='ltr'><em>in</em></span> <span class='ocrx_word' id='word_1_559' title='bbox 1597 1453 1734 1486; x_wconf 82' lang='lat' dir='ltr'><em>quantum</em></span> <span class='ocrx_word' id='word_1_560' title='bbox 1755 1450 1819 1479; x_wconf 85' lang='lat' dir='ltr'><em>facit</em></span> <span class='ocrx_word' id='word_1_561' title='bbox 1841 1451 1979 1481; x_wconf 87' lang='lat' dir='ltr'><em>hominem</em></span> 
     </span>
     <span class='ocr_line' id='line_1_70' title="bbox 1127 1493 1979 1534; baseline 0.007 -12"><span class='ocrx_word' id='word_1_562' title='bbox 1127 1493 1291 1527; x_wconf 88' lang='lat' dir='ltr'><em>sollicitum,</em></span> <span class='ocrx_word' id='word_1_563' title='bbox 1314 1498 1345 1523; x_wconf 88' lang='lat' dir='ltr'><em>ut</em></span> <span class='ocrx_word' id='word_1_564' title='bbox 1372 1494 1526 1524; x_wconf 81' lang='lat' dir='ltr'><em>delectetur</em></span> <span class='ocrx_word' id='word_1_565' title='bbox 1554 1496 1582 1524; x_wconf 92' lang='lat' dir='ltr'><em>in</em></span> <span class='ocrx_word' id='word_1_566' title='bbox 1610 1497 1783 1534; x_wconf 87' lang='lat' dir='ltr'><em>experientia</em></span> <span class='ocrx_word' id='word_1_567' title='bbox 1811 1499 1979 1528; x_wconf 86' lang='lat' dir='ltr'><em>sensualium</em></span> 
     </span>
     <span class='ocr_line' id='line_1_71' title="bbox 1126 1541 1977 1583; baseline 0.008 -14"><span class='ocrx_word' id='word_1_568' title='bbox 1126 1541 1364 1575; x_wconf 79' lang='lat' dir='ltr'><em>delectationum,</em></span> <span class='ocrx_word' id='word_1_569' title='bbox 1393 1545 1434 1571; x_wconf 89' lang='lat' dir='ltr'><em>est</em></span> <span class='ocrx_word' id='word_1_570' title='bbox 1463 1543 1619 1577; x_wconf 83' lang='lat' dir='ltr'><em>animalis,·</em></span> <span class='ocrx_word' id='word_1_571' title='bbox 1640 1545 1687 1573; x_wconf 84' lang='lat' dir='ltr'><em>sed</em></span> <span class='ocrx_word' id='word_1_572' title='bbox 1709 1545 1735 1573; x_wconf 93' lang='lat' dir='ltr'><em>in</em></span> <span class='ocrx_word' id='word_1_573' title='bbox 1758 1550 1894 1583; x_wconf 86' lang='lat' dir='ltr'><em>quantum</em></span> <span class='ocrx_word' id='word_1_574' title='bbox 1917 1547 1977 1576; x_wconf 85' lang='lat' dir='ltr'><em>facil</em></span> 
     </span>
     <span class='ocr_line' id='line_1_72' title="bbox 1128 1588 1977 1623; baseline 0.008 -8"><span class='ocrx_word' id='word_1_575' title='bbox 1128 1588 1268 1617; x_wconf 85' lang='lat' dir='ltr'><em>hominem</em></span> <span class='ocrx_word' id='word_1_576' title='bbox 1297 1588 1461 1623; x_wconf 86' lang='lat' dir='ltr'><em>sollicitum,</em></span> <span class='ocrx_word' id='word_1_577' title='bbox 1484 1592 1515 1618; x_wconf 90' lang='lat' dir='ltr'><em>ut</em></span> <span class='ocrx_word' id='word_1_578' title='bbox 1535 1590 1689 1620; x_wconf 88' lang='lat' dir='ltr'><em>delectetur</em></span> <span class='ocrx_word' id='word_1_579' title='bbox 1714 1592 1740 1620; x_wconf 94' lang='lat' dir='ltr'><em>in</em></span> <span class='ocrx_word' id='word_1_580' title='bbox 1769 1594 1933 1622; x_wconf 76' lang='lat' dir='ltr'><em>excellentia</em></span> <span class='ocrx_word' id='word_1_581' title='bbox 1953 1598 1977 1622; x_wconf 83' lang='lat' dir='ltr'><em>et</em></span> 
     </span>
     <span class='ocr_line' id='line_1_73' title="bbox 1126 1636 1979 1674; baseline 0.008 -11"><span class='ocrx_word' id='word_1_582' title='bbox 1126 1636 1275 1664; x_wconf 89' lang='lat' dir='ltr'><em>ambitione</em></span> <span class='ocrx_word' id='word_1_583' title='bbox 1297 1636 1481 1665; x_wconf 87' lang='lat' dir='ltr'><em>saecularium</em></span> <span class='ocrx_word' id='word_1_584' title='bbox 1500 1638 1744 1674; x_wconf 76' lang='lat' dir='ltr'><em>pompositatmn,</em></span> <span class='ocrx_word' id='word_1_585' title='bbox 1759 1643 1801 1668; x_wconf 87' lang='lat' dir='ltr'><em>est</em></span> <span class='ocrx_word' id='word_1_586' title='bbox 1816 1640 1979 1673; x_wconf 81' lang='lat' dir='ltr'><em>diabolica,-</em></span> 
     </span>
     <span class='ocr_line' id='line_1_74' title="bbox 1126 1683 1980 1725; baseline 0.008 -15"><span class='ocrx_word' id='word_1_587' title='bbox 1126 1683 1193 1719; x_wconf 91' lang='lat' dir='ltr'><em>quia</em></span> <span class='ocrx_word' id='word_1_588' title='bbox 1213 1683 1305 1711; x_wconf 64' lang='lat' dir='ltr'><em>radix</em></span> <span class='ocrx_word' id='word_1_589' title='bbox 1326 1683 1459 1712; x_wconf 83' lang='lat' dir='ltr'><em>omnium</em></span> <span class='ocrx_word' id='word_1_590' title='bbox 1479 1684 1628 1717; x_wconf 80' lang='lat' dir='ltr'><em>malorum</em></span> <span class='ocrx_word' id='word_1_591' title='bbox 1649 1686 1804 1723; x_wconf 80' lang='lat' dir='ltr'><em>superbia,</em></span> <span class='ocrx_word' id='word_1_592' title='bbox 1829 1691 1856 1716; x_wconf 91' lang='lat' dir='ltr'><em>et</em></span> <span class='ocrx_word' id='word_1_593' title='bbox 1878 1688 1980 1725; x_wconf 88' lang='lat' dir='ltr'><em>princi-</em></span> 
     </span>
     <span class='ocr_line' id='line_1_75' title="bbox 1126 1729 1695 1768; baseline 0.009 -12"><span class='ocrx_word' id='word_1_594' title='bbox 1126 1729 1225 1765; x_wconf 87' lang='lat' dir='ltr'><em>paliter</em></span> <span class='ocrx_word' id='word_1_595' title='bbox 1246 1729 1394 1758; x_wconf 87' lang='lat' dir='ltr'><em>damnatur</em></span> <span class='ocrx_word' id='word_1_596' title='bbox 1416 1730 1443 1759; x_wconf 89' lang='lat' dir='ltr'><em>in</em></span> <span class='ocrx_word' id='word_1_597' title='bbox 1466 1738 1530 1768; x_wconf 82' lang='lat' dir='ltr'><em>rege</em></span> <span class='ocrx_word' id='word_1_598' title='bbox 1551 1731 1695 1761; x_wconf 85' lang='lat' dir='ltr'><em>diabolico.</em></span> 
     </span>
    </p>

    <p class='ocr_par' dir='ltr' id='par_1_11' title="bbox 1204 1776 2115 1819">
     <span class='ocr_line' id='line_1_76' title="bbox 1204 1776 2115 1819; baseline 0.009 -16"><span class='ocrx_word' id='word_1_599' title='bbox 1204 1776 1230 1804; x_wconf 85' lang='lat'><em>3.</em></span> <span class='ocrx_word' id='word_1_600' title='bbox 1253 1776 1291 1805; x_wconf 92' lang='lat' dir='ltr'><em>De</em></span> <span class='ocrx_word' id='word_1_601' title='bbox 1314 1776 1365 1805; x_wconf 85' lang='lat' dir='ltr'><em>ista</em></span> <span class='ocrx_word' id='word_1_602' title='bbox 1387 1777 1488 1814; x_wconf 87' lang='lat' dir='ltr'><em>triplici</em></span> <span class='ocrx_word' id='word_1_603' title='bbox 1513 1779 1647 1816; x_wconf 76' lang='lat' dir='ltr'><em>sapientia</em></span> <span class='ocrx_word' id='word_1_604' title='bbox 1674 1781 1739 1810; x_wconf 92' lang='lat' dir='ltr'><em>dicit</em></span> <span class='ocrx_word' id='word_1_605' title='bbox 1768 1782 1913 1819; x_wconf 72' lang='lat' dir='ltr'><em>Apostolus</em></span> <span class='ocrx_word' id='word_1_606' title='bbox 1943 1783 1978 1813; x_wconf 84' lang='lat' dir='ltr'><em>ad</em></span> <span class='ocrx_word' id='word_1_607' title='bbox 1995 1782 2115 1810; x_wconf 64' lang='lat' dir='ltr'><em>Repwbssffl</em></span> 
     </span>
    </p>
   </div>
   <div class='ocr_carea' id='block_1_10' title="bbox 1124 1807 2120 1867">
    <p class='ocr_par' dir='ltr' id='par_1_12' title="bbox 1124 1807 2120 1867">
     <span class='ocr_line' id='line_1_77' title="bbox 1124 1807 2120 1867; baseline 0.01 -17"><span class='ocrx_word' id='word_1_608' title='bbox 1124 1823 1282 1852; x_wconf 86' lang='lat' dir='ltr'><em>Corinthios</em></span> <span class='ocrx_word' id='word_1_609' title='bbox 1294 1824 1320 1852; x_wconf 87' lang='lat'><em>⁷:</em></span> <span class='ocrx_word' id='word_1_610' title='bbox 1343 1824 1494 1862; x_wconf 81' lang='lat' dir='ltr'><em>Scriptum</em></span> <span class='ocrx_word' id='word_1_611' title='bbox 1515 1830 1571 1855; x_wconf 80' lang='lat' dir='ltr'><em>est:</em></span> <span class='ocrx_word' id='word_1_612' title='bbox 1590 1827 1716 1864; x_wconf 83' lang='lat' dir='ltr'><em>perdam</em></span> <span class='ocrx_word' id='word_1_613' title='bbox 1732 1830 1909 1867; x_wconf 79' lang='lat' dir='ltr'><em>sapientiam</em></span> <span class='ocrx_word' id='word_1_614' title='bbox 1929 1840 1977 1860; x_wconf 89' lang='lat' dir='ltr'><em>sa·</em></span> <span class='ocrx_word' id='word_1_615' title='bbox 1990 1807 2120 1854; x_wconf 44' lang='lat' dir='ltr'><em>Ptifflssxsffiia</em></span> 
     </span>
    </p>
   </div>
   <div class='ocr_carea' id='block_1_11' title="bbox 1120 1854 2108 2673">
    <p class='ocr_par' dir='ltr' id='par_1_13' title="bbox 1120 1854 2108 2673">
     <span class='ocr_line' id='line_1_78' title="bbox 1122 1854 2108 1914; baseline 0.011 -16"><span class='ocrx_word' id='word_1_616' title='bbox 1122 1870 1280 1906; x_wconf 78' lang='lat' dir='ltr'><em>pientiam,</em></span> <span class='ocrx_word' id='word_1_617' title='bbox 1296 1875 1322 1900; x_wconf 85' lang='lat' dir='ltr'><em>et</em></span> <span class='ocrx_word' id='word_1_618' title='bbox 1332 1872 1525 1909; x_wconf 81' lang='lat' dir='ltr'><em>prudentiam</em></span> <span class='ocrx_word' id='word_1_619' title='bbox 1538 1875 1730 1911; x_wconf 83' lang='lat' dir='ltr'><em>prudentiam</em></span> <span class='ocrx_word' id='word_1_620' title='bbox 1746 1877 1915 1914; x_wconf 81' lang='lat' dir='ltr'><em>reprobabo.</em></span> <span class='ocrx_word' id='word_1_621' title='bbox 1932 1879 1976 1908; x_wconf 90' lang='lat' dir='ltr'><em>Illa</em></span> <span class='ocrx_word' id='word_1_622' title='bbox 2002 1859 2014 1873; x_wconf 52' lang='grc' dir='ltr'><strong>ὃ</strong></span> <span class='ocrx_word' id='word_1_623' title='bbox 2026 1854 2108 1873; x_wconf 33' lang='lat' dir='ltr'>Chum—</span> 
     </span>
     <span class='ocr_line' id='line_1_79' title="bbox 1124 1918 1976 1962; baseline 0.012 -17"><span class='ocrx_word' id='word_1_624' title='bbox 1124 1920 1166 1946; x_wconf 88' lang='lat' dir='ltr'><em>est</em></span> <span class='ocrx_word' id='word_1_625' title='bbox 1186 1918 1332 1955; x_wconf 83' lang='lat' dir='ltr'><em>sapientia,</em></span> <span class='ocrx_word' id='word_1_626' title='bbox 1353 1919 1387 1948; x_wconf 91' lang='lat' dir='ltr'><em>de</em></span> <span class='ocrx_word' id='word_1_627' title='bbox 1409 1928 1465 1958; x_wconf 88' lang='lat' dir='ltr'><em>qua</em></span> <span class='ocrx_word' id='word_1_628' title='bbox 1486 1920 1553 1950; x_wconf 83' lang='lat' dir='ltr'><em>dicit</em></span> <span class='ocrx_word' id='word_1_629' title='bbox 1573 1922 1717 1952; x_wconf 83' lang='lat' dir='ltr'><em>Ieremias:</em></span> <span class='ocrx_word' id='word_1_630' title='bbox 1734 1924 1883 1962; x_wconf 75' lang='lat' dir='ltr'><em>Sapientes</em></span> <span class='ocrx_word' id='word_1_631' title='bbox 1898 1930 1976 1961; x_wconf 83' lang='lat' dir='ltr'><em>sunt,</em></span> 
     </span>
     <span class='ocr_line' id='line_1_80' title="bbox 1124 1964 1975 2007; baseline 0.011 -14"><span class='ocrx_word' id='word_1_632' title='bbox 1124 1968 1158 1993; x_wconf 87' lang='lat' dir='ltr'><em>ut</em></span> <span class='ocrx_word' id='word_1_633' title='bbox 1175 1964 1294 2003; x_wconf 77' lang='lat' dir='ltr'><em>&#39;saciant</em></span> <span class='ocrx_word' id='word_1_634' title='bbox 1313 1966 1412 2001; x_wconf 88' lang='lat' dir='ltr'><em>mala,</em></span> <span class='ocrx_word' id='word_1_635' title='bbox 1434 1967 1501 1997; x_wconf 82' lang='lat' dir='ltr'><em>bene</em></span> <span class='ocrx_word' id='word_1_636' title='bbox 1522 1972 1621 1998; x_wconf 82' lang='lat' dir='ltr'><em>autem</em></span> <span class='ocrx_word' id='word_1_637' title='bbox 1634 1969 1734 2007; x_wconf 83' lang='lat' dir='ltr'><em>facere</em></span> <span class='ocrx_word' id='word_1_638' title='bbox 1748 1972 1922 2002; x_wconf 79' lang='lat' dir='ltr'><em>nescierunt.</em></span> <span class='ocrx_word' id='word_1_639' title='bbox 1939 1973 1975 2002; x_wconf 87' lang='lat' dir='ltr'><em>Ad</em></span> 
     </span>
     <span class='ocr_line' id='line_1_81' title="bbox 1123 2012 1975 2056; baseline 0.012 -16"><span class='ocrx_word' id='word_1_640' title='bbox 1123 2012 1204 2041; x_wconf 87' lang='lat' dir='ltr'><em>istam</em></span> <span class='ocrx_word' id='word_1_641' title='bbox 1225 2013 1387 2050; x_wconf 85' lang='lat' dir='ltr'><em>sapientiam</em></span> <span class='ocrx_word' id='word_1_642' title='bbox 1408 2015 1618 2054; x_wconf 81' lang='lat' dir='ltr'><em>dispergendam</em></span> <span class='ocrx_word' id='word_1_643' title='bbox 1640 2021 1769 2048; x_wconf 87' lang='lat' dir='ltr'><em>mortuus</em></span> <span class='ocrx_word' id='word_1_644' title='bbox 1784 2023 1825 2048; x_wconf 90' lang='lat' dir='ltr'><em>est</em></span> <span class='ocrx_word' id='word_1_645' title='bbox 1839 2020 1975 2056; x_wconf 84' lang='lat' dir='ltr'><em>Christus,</em></span> 
     </span>
     <span class='ocr_line' id='line_1_82' title="bbox 1123 2061 1975 2100; baseline 0.012 -12"><span class='ocrx_word' id='word_1_646' title='bbox 1123 2067 1230 2097; x_wconf 88' lang='lat' dir='ltr'><em>pauper</em></span> <span class='ocrx_word' id='word_1_647' title='bbox 1250 2061 1354 2096; x_wconf 86' lang='lat' dir='ltr'><em>factus,</em></span> <span class='ocrx_word' id='word_1_648' title='bbox 1377 2062 1497 2093; x_wconf 83' lang='lat' dir='ltr'><em>afflictus</em></span> <span class='ocrx_word' id='word_1_649' title='bbox 1527 2068 1554 2093; x_wconf 90' lang='lat' dir='ltr'><em>et</em></span> <span class='ocrx_word' id='word_1_650' title='bbox 1586 2065 1714 2100; x_wconf 87' lang='lat' dir='ltr'><em>humilis,</em></span> <span class='ocrx_word' id='word_1_651' title='bbox 1737 2070 1768 2095; x_wconf 86' lang='lat' dir='ltr'><em>ut</em></span> <span class='ocrx_word' id='word_1_652' title='bbox 1794 2075 1844 2096; x_wconf 87' lang='lat' dir='ltr'><em>nos</em></span> <span class='ocrx_word' id='word_1_653' title='bbox 1864 2062 1975 2098; x_wconf 81' lang='lat' dir='ltr'><em>doceret</em></span> 
     </span>
     <span class='ocr_line' id='line_1_83' title="bbox 1122 2108 1974 2148; baseline 0.011 -12"><span class='ocrx_word' id='word_1_654' title='bbox 1122 2115 1220 2137; x_wconf 84' lang='lat' dir='ltr'><em>cavere</em></span> <span class='ocrx_word' id='word_1_655' title='bbox 1241 2108 1276 2138; x_wconf 86' lang='lat' dir='ltr'><em>ab</em></span> <span class='ocrx_word' id='word_1_656' title='bbox 1297 2109 1356 2138; x_wconf 82' lang='lat' dir='ltr'><em>ista.</em></span> <span class='ocrx_word' id='word_1_657' title='bbox 1379 2111 1524 2148; x_wconf 84' lang='lat' dir='ltr'><em>Apostolus</em></span> <span class='ocrx_word' id='word_1_658' title='bbox 1545 2112 1578 2141; x_wconf 88' lang='lat' dir='ltr'><em>ad</em></span> <span class='ocrx_word' id='word_1_659' title='bbox 1600 2113 1772 2144; x_wconf 88' lang='lat' dir='ltr'><em>Corinthios:</em></span> <span class='ocrx_word' id='word_1_660' title='bbox 1788 2115 1890 2144; x_wconf 84' lang='lat' dir='ltr'><em>Nonne</em></span> <span class='ocrx_word' id='word_1_661' title='bbox 1903 2116 1974 2145; x_wconf 85' lang='lat' dir='ltr'><em>stul-</em></span> 
     </span>
     <span class='ocr_line' id='line_1_84' title="bbox 1123 2154 1978 2201; baseline 0.013 -19"><span class='ocrx_word' id='word_1_662' title='bbox 1123 2158 1183 2183; x_wconf 83' lang='lat' dir='ltr'><em>tam</em></span> <span class='ocrx_word' id='word_1_663' title='bbox 1213 2154 1281 2193; x_wconf 82' lang='lat' dir='ltr'><em>fecit</em></span> <span class='ocrx_word' id='word_1_664' title='bbox 1315 2157 1391 2186; x_wconf 84' lang='lat' dir='ltr'><em>Deus</em></span> <span class='ocrx_word' id='word_1_665' title='bbox 1417 2159 1595 2196; x_wconf 81' lang='lat' dir='ltr'><em>sapientiam</em></span> <span class='ocrx_word' id='word_1_666' title='bbox 1627 2159 1716 2190; x_wconf 78' lang='lat' dir='ltr'><em>liuius</em></span> <span class='ocrx_word' id='word_1_667' title='bbox 1749 2163 1874 2192; x_wconf 74' lang='lat' dir='ltr'><em>mundi?</em></span> <span class='ocrx_word' id='word_1_668' title='bbox 1896 2164 1978 2201; x_wconf 76' lang='lat' dir='ltr'><em>quasi·</em></span> 
     </span>
     <span class='ocr_line' id='line_1_85' title="bbox 1120 2202 1974 2248; baseline 0.012 -18"><span class='ocrx_word' id='word_1_669' title='bbox 1120 2202 1208 2237; x_wconf 82' lang='lat' dir='ltr'><em>dicat,</em></span> <span class='ocrx_word' id='word_1_670' title='bbox 1230 2204 1341 2241; x_wconf 87' lang='lat' dir='ltr'><em>quando</em></span> <span class='ocrx_word' id='word_1_671' title='bbox 1366 2205 1394 2234; x_wconf 93' lang='lat' dir='ltr'><em>in</em></span> <span class='ocrx_word' id='word_1_672' title='bbox 1426 2214 1509 2236; x_wconf 81' lang='lat' dir='ltr'><em>cruce</em></span> <span class='ocrx_word' id='word_1_673' title='bbox 1541 2208 1623 2245; x_wconf 80' lang='lat' dir='ltr'><em>elegit</em></span> <span class='ocrx_word' id='word_1_674' title='bbox 1654 2210 1793 2239; x_wconf 81' lang='lat' dir='ltr'><em>contraria</em></span> <span class='ocrx_word' id='word_1_675' title='bbox 1824 2211 1974 2248; x_wconf 84' lang='lat' dir='ltr'><em>sapientiae</em></span> 
     </span>
     <span class='ocr_line' id='line_1_86' title="bbox 1121 2250 1975 2296; baseline 0.012 -18"><span class='ocrx_word' id='word_1_676' title='bbox 1121 2250 1252 2279; x_wconf 75' lang='lat' dir='ltr'><em>mundiali</em></span> <span class='ocrx_word' id='word_1_677' title='bbox 1278 2253 1436 2289; x_wconf 86' lang='lat' dir='ltr'><em>Apostolus:</em></span> <span class='ocrx_word' id='word_1_678' title='bbox 1453 2254 1572 2284; x_wconf 80' lang='lat' dir='ltr'><em>Placuit</em></span> <span class='ocrx_word' id='word_1_679' title='bbox 1586 2256 1643 2285; x_wconf 87' lang='lat' dir='ltr'><em>Deo</em></span> <span class='ocrx_word' id='word_1_680' title='bbox 1651 2265 1706 2294; x_wconf 83' lang='lat' dir='ltr'><em>per</em></span> <span class='ocrx_word' id='word_1_681' title='bbox 1719 2258 1875 2287; x_wconf 82' lang='lat' dir='ltr'><em>stultitiam</em></span> <span class='ocrx_word' id='word_1_682' title='bbox 1887 2267 1975 2296; x_wconf 85' lang='lat' dir='ltr'><em>prae—</em></span> 
     </span>
     <span class='ocr_line' id='line_1_87' title="bbox 1121 2295 1974 2340; baseline 0.011 -14"><span class='ocrx_word' id='word_1_683' title='bbox 1121 2295 1278 2327; x_wconf 81' lang='lat' dir='ltr'><em>dicationis</em></span> <span class='ocrx_word' id='word_1_684' title='bbox 1298 2300 1395 2329; x_wconf 72' lang='lat' dir='ltr'><em>saluos</em></span> <span class='ocrx_word' id='word_1_685' title='bbox 1416 2300 1515 2339; x_wconf 68' lang='lat' dir='ltr'><em>facem</em></span> <span class='ocrx_word' id='word_1_686' title='bbox 1529 2303 1680 2332; x_wconf 79' lang='lat' dir='ltr'><em>credentes.</em></span> <span class='ocrx_word' id='word_1_687' title='bbox 1699 2304 1782 2340; x_wconf 82' lang='lat' dir='ltr'><em>Quod</em></span> <span class='ocrx_word' id='word_1_688' title='bbox 1796 2306 1917 2334; x_wconf 82' lang='lat' dir='ltr'><em>stultum</em></span> <span class='ocrx_word' id='word_1_689' title='bbox 1935 2311 1974 2335; x_wconf 88' lang='lat' dir='ltr'><em>est</em></span> 
     </span>
     <span class='ocr_line' id='line_1_88' title="bbox 1122 2345 1973 2389; baseline 0.011 -16"><span class='ocrx_word' id='word_1_690' title='bbox 1122 2345 1175 2374; x_wconf 87' lang='lat' dir='ltr'><em>Dei</em></span> <span class='ocrx_word' id='word_1_691' title='bbox 1193 2346 1357 2384; x_wconf 84' lang='lat' dir='ltr'><em>sapientius</em></span> <span class='ocrx_word' id='word_1_692' title='bbox 1375 2352 1417 2377; x_wconf 79' lang='lat' dir='ltr'><em>est</em></span> <span class='ocrx_word' id='word_1_693' title='bbox 1430 2348 1604 2379; x_wconf 78' lang='lat' dir='ltr'><em>bominibus.</em></span> <span class='ocrx_word' id='word_1_694' title='bbox 1621 2352 1663 2380; x_wconf 93' lang='lat' dir='ltr'><em>Tu</em></span> <span class='ocrx_word' id='word_1_695' title='bbox 1677 2353 1843 2389; x_wconf 86' lang='lat' dir='ltr'><em>appretiaris</em></span> <span class='ocrx_word' id='word_1_696' title='bbox 1857 2354 1973 2382; x_wconf 84' lang='lat' dir='ltr'><em>affluen-</em></span> 
     </span>
     <span class='ocr_line' id='line_1_89' title="bbox 1122 2393 1973 2438; baseline 0.011 -17"><span class='ocrx_word' id='word_1_697' title='bbox 1122 2393 1187 2422; x_wconf 86' lang='lat' dir='ltr'><em>tiam</em></span> <span class='ocrx_word' id='word_1_698' title='bbox 1208 2394 1385 2430; x_wconf 90' lang='lat' dir='ltr'><em>divitiarum,</em></span> <span class='ocrx_word' id='word_1_699' title='bbox 1407 2399 1435 2425; x_wconf 92' lang='lat' dir='ltr'><em>et</em></span> <span class='ocrx_word' id='word_1_700' title='bbox 1455 2396 1582 2437; x_wconf 82' lang='lat' dir='ltr'><em>Christus</em></span> <span class='ocrx_word' id='word_1_701' title='bbox 1603 2398 1685 2435; x_wconf 85' lang='lat' dir='ltr'><em>elegit</em></span> <span class='ocrx_word' id='word_1_702' title='bbox 1702 2403 1910 2436; x_wconf 84' lang='lat' dir='ltr'><em>paupertatem;</em></span> <span class='ocrx_word' id='word_1_703' title='bbox 1925 2409 1973 2438; x_wconf 91' lang='lat' dir='ltr'><em>ap—</em></span> 
     </span>
     <span class='ocr_line' id='line_1_90' title="bbox 1120 2440 1973 2482; baseline 0.011 -14"><span class='ocrx_word' id='word_1_704' title='bbox 1120 2440 1250 2477; x_wconf 82' lang='lat' dir='ltr'><em>pretiaris</em></span> <span class='ocrx_word' id='word_1_705' title='bbox 1271 2443 1472 2480; x_wconf 85' lang='lat' dir='ltr'><em>experientiam</em></span> <span class='ocrx_word' id='word_1_706' title='bbox 1495 2445 1664 2474; x_wconf 85' lang='lat' dir='ltr'><em>sensualium</em></span> <span class='ocrx_word' id='word_1_707' title='bbox 1696 2446 1924 2482; x_wconf 89' lang='lat' dir='ltr'><em>delectationum,</em></span> <span class='ocrx_word' id='word_1_708' title='bbox 1946 2451 1973 2476; x_wconf 90' lang='lat' dir='ltr'><em>et</em></span> 
     </span>
     <span class='ocr_line' id='line_1_91' title="bbox 1120 2487 1972 2530; baseline 0.008 -14"><span class='ocrx_word' id='word_1_709' title='bbox 1120 2487 1248 2517; x_wconf 88' lang='lat' dir='ltr'><em>Christus</em></span> <span class='ocrx_word' id='word_1_710' title='bbox 1268 2489 1350 2527; x_wconf 83' lang='lat' dir='ltr'><em>elegit</em></span> <span class='ocrx_word' id='word_1_711' title='bbox 1371 2490 1548 2520; x_wconf 86' lang='lat' dir='ltr'><em>acerbitatem</em></span> <span class='ocrx_word' id='word_1_712' title='bbox 1570 2492 1719 2528; x_wconf 87' lang='lat' dir='ltr'><em>passionis;</em></span> <span class='ocrx_word' id='word_1_713' title='bbox 1735 2494 1900 2530; x_wconf 89' lang='lat' dir='ltr'><em>appretiaris</em></span> <span class='ocrx_word' id='word_1_714' title='bbox 1914 2503 1972 2523; x_wconf 88' lang='lat' dir='ltr'><em>am-</em></span> 
     </span>
     <span class='ocr_line' id='line_1_92' title="bbox 1120 2534 1970 2575; baseline 0.008 -12"><span class='ocrx_word' id='word_1_715' title='bbox 1120 2534 1251 2564; x_wconf 90' lang='lat' dir='ltr'><em>bitionem</em></span> <span class='ocrx_word' id='word_1_716' title='bbox 1273 2537 1457 2566; x_wconf 87' lang='lat' dir='ltr'><em>saecularium</em></span> <span class='ocrx_word' id='word_1_717' title='bbox 1480 2539 1711 2575; x_wconf 81' lang='lat' dir='ltr'><em>pompositatum,</em></span> <span class='ocrx_word' id='word_1_718' title='bbox 1733 2544 1760 2569; x_wconf 91' lang='lat' dir='ltr'><em>et</em></span> <span class='ocrx_word' id='word_1_719' title='bbox 1782 2541 1908 2570; x_wconf 83' lang='lat' dir='ltr'><em>Christus</em></span> <span class='ocrx_word' id='word_1_720' title='bbox 1923 2550 1970 2570; x_wconf 80' lang='lat' dir='ltr'><em>vo-</em></span> 
     </span>
     <span class='ocr_line' id='line_1_93' title="bbox 1120 2582 1971 2626; baseline 0.009 -16"><span class='ocrx_word' id='word_1_721' title='bbox 1120 2582 1171 2610; x_wconf 90' lang='lat' dir='ltr'><em>luit</em></span> <span class='ocrx_word' id='word_1_722' title='bbox 1192 2591 1252 2612; x_wconf 87' lang='lat' dir='ltr'><em>esse</em></span> <span class='ocrx_word' id='word_1_723' title='bbox 1271 2584 1418 2621; x_wconf 86' lang='lat' dir='ltr'><em>despectus</em></span> <span class='ocrx_word' id='word_1_724' title='bbox 1439 2588 1466 2613; x_wconf 85' lang='lat' dir='ltr'><em>et</em></span> <span class='ocrx_word' id='word_1_725' title='bbox 1487 2585 1626 2615; x_wconf 81' lang='lat' dir='ltr'><em>confusus.</em></span> <span class='ocrx_word' id='word_1_726' title='bbox 1644 2587 1674 2615; x_wconf 87' lang='lat' dir='ltr'><em>Et</em></span> <span class='ocrx_word' id='word_1_727' title='bbox 1689 2588 1843 2624; x_wconf 90' lang='lat' dir='ltr'><em>praevaluit</em></span> <span class='ocrx_word' id='word_1_728' title='bbox 1865 2589 1971 2626; x_wconf 87' lang='lat' dir='ltr'><em>sapien-</em></span> 
     </span>
     <span class='ocr_line' id='line_1_94' title="bbox 1121 2629 1971 2673; baseline 0.007 -15"><span class='ocrx_word' id='word_1_729' title='bbox 1121 2629 1157 2658; x_wconf 87' lang='lat' dir='ltr'><em>tia</em></span> <span class='ocrx_word' id='word_1_730' title='bbox 1178 2630 1241 2665; x_wconf 84' lang='lat' dir='ltr'><em>Dei;</em></span> <span class='ocrx_word' id='word_1_731' title='bbox 1264 2631 1325 2660; x_wconf 90' lang='lat' dir='ltr'><em>ideo</em></span> <span class='ocrx_word' id='word_1_732' title='bbox 1345 2631 1426 2660; x_wconf 87' lang='lat' dir='ltr'><em>dicit:</em></span> <span class='ocrx_word' id='word_1_733' title='bbox 1443 2632 1526 2668; x_wconf 86' lang='lat' dir='ltr'><em>Quod</em></span> <span class='ocrx_word' id='word_1_734' title='bbox 1539 2633 1661 2661; x_wconf 79' lang='lat' dir='ltr'><em>stultum</em></span> <span class='ocrx_word' id='word_1_735' title='bbox 1683 2637 1723 2662; x_wconf 85' lang='lat' dir='ltr'><em>cst</em></span> <span class='ocrx_word' id='word_1_736' title='bbox 1744 2635 1796 2663; x_wconf 86' lang='lat' dir='ltr'><em>Dei</em></span> <span class='ocrx_word' id='word_1_737' title='bbox 1807 2636 1971 2673; x_wconf 81' lang='lat' dir='ltr'><em>sapientius</em></span> 
     </span>
    </p>
   </div>
   <div class='ocr_carea' id='block_1_12' title="bbox 827 2747 1338 2753">
    <p class='ocr_par' dir='ltr' id='par_1_14' title="bbox 827 2747 1338 2753">
     <span class='ocr_line' id='line_1_95' title="bbox 827 2747 1338 2753; baseline 0 0"><span class='ocrx_word' id='word_1_738' title='bbox 827 2747 1338 2753; x_wconf 95' lang='lat' dir='ltr'><em> </em></span> 
     </span>
    </p>
   </div>
   <div class='ocr_carea' id='block_1_13' title="bbox 210 2825 1061 3051">
    <p class='ocr_par' dir='ltr' id='par_1_15' title="bbox 210 2825 1061 2896">
     <span class='ocr_line' id='line_1_96' title="bbox 274 2825 1061 2858; baseline 0.005 -10"><span class='ocrx_word' id='word_1_739' title='bbox 274 2825 281 2838; x_wconf 87' lang='lat'>¹</span> <span class='ocrx_word' id='word_1_740' title='bbox 299 2825 346 2849; x_wconf 89' lang='lat' dir='ltr'><em>Col.</em></span> <span class='ocrx_word' id='word_1_741' title='bbox 364 2827 391 2854; x_wconf 83' lang='lat'><em>3,</em></span> <span class='ocrx_word' id='word_1_742' title='bbox 410 2828 431 2850; x_wconf 77' lang='lat' dir='ltr'><em>l.</em></span> <span class='ocrx_word' id='word_1_743' title='bbox 447 2831 470 2850; x_wconf 82' lang='lat' dir='ltr'><em>et</em></span> <span class='ocrx_word' id='word_1_744' title='bbox 487 2828 509 2850; x_wconf 81' lang='lat'><em>2.</em></span> <span class='ocrx_word' id='word_1_745' title='bbox 521 2841 552 2845; x_wconf 95' lang='lat'><strong>—</strong></span> <span class='ocrx_word' id='word_1_746' title='bbox 563 2829 617 2857; x_wconf 77' lang='lat' dir='ltr'><em>seq.</em></span> <span class='ocrx_word' id='word_1_747' title='bbox 634 2828 697 2850; x_wconf 84' lang='lat' dir='ltr'><em>locus</em></span> <span class='ocrx_word' id='word_1_748' title='bbox 709 2831 742 2851; x_wconf 83' lang='lat' dir='ltr'><em>est</em></span> <span class='ocrx_word' id='word_1_749' title='bbox 760 2829 825 2852; x_wconf 84' lang='lat' dir='ltr'><em>Eccli.</em></span> <span class='ocrx_word' id='word_1_750' title='bbox 840 2830 913 2858; x_wconf 79' lang='grc'>1,33.</span> <span class='ocrx_word' id='word_1_751' title='bbox 930 2842 961 2847; x_wconf 91' lang='lat'>-</span> <span class='ocrx_word' id='word_1_752' title='bbox 973 2830 1006 2852; x_wconf 85' lang='lat' dir='ltr'><em>De</em></span> <span class='ocrx_word' id='word_1_753' title='bbox 1018 2831 1061 2852; x_wconf 81' lang='lat' dir='ltr'><em>hoc</em></span> 
     </span>
     <span class='ocr_line' id='line_1_97' title="bbox 210 2865 635 2896; baseline 0.005 -8"><span class='ocrx_word' id='word_1_754' title='bbox 210 2865 271 2888; x_wconf 89' lang='lat' dir='ltr'><em>dono</em></span> <span class='ocrx_word' id='word_1_755' title='bbox 289 2865 328 2887; x_wconf 81' lang='lat' dir='ltr'><em>cfr.</em></span> <span class='ocrx_word' id='word_1_756' title='bbox 347 2865 380 2887; x_wconf 89' lang='lat' dir='ltr'><em>III.</em></span> <span class='ocrx_word' id='word_1_757' title='bbox 397 2866 459 2888; x_wconf 84' lang='lat' dir='ltr'><em>Sent.</em></span> <span class='ocrx_word' id='word_1_758' title='bbox 476 2867 500 2889; x_wconf 90' lang='lat' dir='ltr'><em>d.</em></span> <span class='ocrx_word' id='word_1_759' title='bbox 517 2867 555 2890; x_wconf 82' lang='lat'><em>35.</em></span> <span class='ocrx_word' id='word_1_760' title='bbox 572 2874 596 2896; x_wconf 87' lang='lat' dir='ltr'><em>q.</em></span> <span class='ocrx_word' id='word_1_761' title='bbox 617 2868 635 2889; x_wconf 89' lang='lat' dir='ltr'><em>l.</em></span> 
     </span>
    </p>

    <p class='ocr_par' dir='ltr' id='par_1_16' title="bbox 273 2903 1013 2935">
     <span class='ocr_line' id='line_1_98' title="bbox 273 2903 1013 2935; baseline 0.005 -9"><span class='ocrx_word' id='word_1_762' title='bbox 273 2903 282 2916; x_wconf 74' lang='lat'><strong>²</strong></span> <span class='ocrx_word' id='word_1_763' title='bbox 301 2905 355 2932; x_wconf 80' lang='lat' dir='ltr'><em>Sap.</em></span> <span class='ocrx_word' id='word_1_764' title='bbox 372 2904 398 2932; x_wconf 91' lang='lat'><em>7,</em></span> <span class='ocrx_word' id='word_1_765' title='bbox 416 2905 438 2928; x_wconf 63' lang='lat'><em>7.</em></span> <span class='ocrx_word' id='word_1_766' title='bbox 457 2918 488 2923; x_wconf 91' lang='lat'>—</span> <span class='ocrx_word' id='word_1_767' title='bbox 505 2906 550 2929; x_wconf 84' lang='lat' dir='ltr'><em>Csr.</em></span> <span class='ocrx_word' id='word_1_768' title='bbox 567 2912 637 2935; x_wconf 80' lang='lat' dir='ltr'><em>supra</em></span> <span class='ocrx_word' id='word_1_769' title='bbox 655 2906 677 2928; x_wconf 93' lang='lat' dir='ltr'><em>in</em></span> <span class='ocrx_word' id='word_1_770' title='bbox 694 2907 803 2931; x_wconf 64' lang='lat' dir='ltr'><em>Hexaem.</em></span> <span class='ocrx_word' id='word_1_771' title='bbox 820 2909 894 2932; x_wconf 73' lang='lat' dir='ltr'><em>collat.</em></span> <span class='ocrx_word' id='word_1_772' title='bbox 912 2910 932 2932; x_wconf 78' lang='lat'><em>2.</em></span> <span class='ocrx_word' id='word_1_773' title='bbox 950 2915 973 2931; x_wconf 76' lang='lat' dir='ltr'><em>n.</em></span> <span class='ocrx_word' id='word_1_774' title='bbox 991 2909 1013 2930; x_wconf 78' lang='lat'><em>2.</em></span> 
     </span>
    </p>

    <p class='ocr_par' dir='ltr' id='par_1_17' title="bbox 211 2941 1060 3013">
     <span class='ocr_line' id='line_1_99' title="bbox 273 2941 1060 2976; baseline 0.005 -11"><span class='ocrx_word' id='word_1_775' title='bbox 273 2941 282 2954; x_wconf 75' lang='lat'>⁹</span> <span class='ocrx_word' id='word_1_776' title='bbox 299 2943 365 2966; x_wconf 88' lang='lat' dir='ltr'><em>Eccli.</em></span> <span class='ocrx_word' id='word_1_777' title='bbox 382 2944 425 2971; x_wconf 77' lang='grc'><em>51,</em></span> <span class='ocrx_word' id='word_1_778' title='bbox 443 2945 481 2968; x_wconf 77' lang='lat'><em>23.</em></span> <span class='ocrx_word' id='word_1_779' title='bbox 492 2958 523 2962; x_wconf 97' lang='lat'><strong>—</strong></span> <span class='ocrx_word' id='word_1_780' title='bbox 535 2947 580 2975; x_wconf 82' lang='lat' dir='ltr'><em>Seq</em></span> <span class='ocrx_word' id='word_1_781' title='bbox 605 2946 668 2968; x_wconf 84' lang='lat' dir='ltr'><em>locus</em></span> <span class='ocrx_word' id='word_1_782' title='bbox 680 2949 713 2968; x_wconf 83' lang='lat' dir='ltr'><em>est</em></span> <span class='ocrx_word' id='word_1_783' title='bbox 731 2947 771 2970; x_wconf 85' lang='lat' dir='ltr'><em>Ier.</em></span> <span class='ocrx_word' id='word_1_784' title='bbox 783 2948 808 2974; x_wconf 72' lang='lat'><em>9,</em></span> <span class='ocrx_word' id='word_1_785' title='bbox 827 2949 868 2976; x_wconf 72' lang='lat'><em>23;</em></span> <span class='ocrx_word' id='word_1_786' title='bbox 887 2948 967 2971; x_wconf 74' lang='lat' dir='ltr'><em>tertius</em></span> <span class='ocrx_word' id='word_1_787' title='bbox 979 2948 1060 2970; x_wconf 73' lang='lat' dir='ltr'><em>Ezeeh.</em></span> 
     </span>
     <span class='ocr_line' id='line_1_100' title="bbox 211 2983 817 3013; baseline 0.01 -9"><span class='ocrx_word' id='word_1_788' title='bbox 211 2984 251 3010; x_wconf 75' lang='lat'><em>28,</em></span> <span class='ocrx_word' id='word_1_789' title='bbox 272 2983 307 3005; x_wconf 81' lang='lat'><em>¹2.</em></span> <span class='ocrx_word' id='word_1_790' title='bbox 324 2988 390 3012; x_wconf 77' lang='lat' dir='ltr'><em>seqq.</em></span> <span class='ocrx_word' id='word_1_791' title='bbox 407 2984 430 3006; x_wconf 90' lang='lat' dir='ltr'><em>ln</em></span> <span class='ocrx_word' id='word_1_792' title='bbox 448 2985 546 3013; x_wconf 78' lang='lat' dir='ltr'><em>Vulgata</em></span> <span class='ocrx_word' id='word_1_793' title='bbox 564 2986 730 3008; x_wconf 79' lang='lat' dir='ltr'><em>interseruntur</em></span> <span class='ocrx_word' id='word_1_794' title='bbox 748 2988 817 3011; x_wconf 74' lang='lat' dir='ltr'><em>mulia</em></span> 
     </span>
    </p>

    <p class='ocr_par' dir='ltr' id='par_1_18' title="bbox 274 3021 519 3051">
     <span class='ocr_line' id='line_1_101' title="bbox 274 3021 519 3051; baseline 0.012 -7"><span class='ocrx_word' id='word_1_795' title='bbox 274 3021 283 3034; x_wconf 85' lang='lat'><strong>⁴</strong></span> <span class='ocrx_word' id='word_1_796' title='bbox 300 3021 357 3050; x_wconf 84' lang='lat' dir='ltr'><em>Cap.</em></span> <span class='ocrx_word' id='word_1_797' title='bbox 376 3023 384 3045; x_wconf 41' lang='grc' dir='ltr'><em>’ί</em></span> <span class='ocrx_word' id='word_1_798' title='bbox 396 3041 402 3051; x_wconf 83' lang='lat'><em>‚</em></span> <span class='ocrx_word' id='word_1_799' title='bbox 419 3024 440 3046; x_wconf 82' lang='lat'><em>5.</em></span> <span class='ocrx_word' id='word_1_800' title='bbox 458 3027 481 3046; x_wconf 84' lang='lat' dir='ltr'><em>et</em></span> <span class='ocrx_word' id='word_1_801' title='bbox 498 3025 519 3047; x_wconf 86' lang='grc'><em>6.</em></span> 
     </span>
    </p>
   </div>
   <div class='ocr_carea' id='block_1_14' title="bbox 1117 2830 1967 3059">
    <p class='ocr_par' dir='ltr' id='par_1_19' title="bbox 1182 2830 1401 2862">
     <span class='ocr_line' id='line_1_102' title="bbox 1182 2830 1401 2862; baseline 0.009 -8"><span class='ocrx_word' id='word_1_802' title='bbox 1182 2830 1192 2843; x_wconf 81' lang='lat'>⁵</span> <span class='ocrx_word' id='word_1_803' title='bbox 1208 2831 1255 2855; x_wconf 89' lang='lat' dir='ltr'><em>Col.</em></span> <span class='ocrx_word' id='word_1_804' title='bbox 1273 2832 1295 2855; x_wconf 88' lang='lat'><em>3.</em></span> <span class='ocrx_word' id='word_1_805' title='bbox 1314 2833 1334 2855; x_wconf 67' lang='grc'><em>1.</em></span> <span class='ocrx_word' id='word_1_806' title='bbox 1351 2839 1401 2862; x_wconf 83' lang='lat' dir='ltr'><em>seq.</em></span> 
     </span>
    </p>

    <p class='ocr_par' dir='ltr' id='par_1_20' title="bbox 1122 2869 1967 2943">
     <span class='ocr_line' id='line_1_103' title="bbox 1181 2869 1967 2903; baseline 0.005 -10"><span class='ocrx_word' id='word_1_807' title='bbox 1181 2869 1190 2882; x_wconf 78' lang='lat'><strong>⁶</strong></span> <span class='ocrx_word' id='word_1_808' title='bbox 1206 2871 1262 2900; x_wconf 81' lang='lat' dir='ltr'><em>Cap.</em></span> <span class='ocrx_word' id='word_1_809' title='bbox 1285 2872 1310 2899; x_wconf 85' lang='lat'><em>3,</em></span> <span class='ocrx_word' id='word_1_810' title='bbox 1330 2872 1364 2895; x_wconf 75' lang='lat'><em>14.</em></span> <span class='ocrx_word' id='word_1_811' title='bbox 1388 2873 1424 2896; x_wconf 79' lang='lat'><em>15.</em></span> <span class='ocrx_word' id='word_1_812' title='bbox 1447 2874 1471 2896; x_wconf 88' lang='lat' dir='ltr'><em>ln</em></span> <span class='ocrx_word' id='word_1_813' title='bbox 1488 2873 1532 2896; x_wconf 85' lang='lat' dir='ltr'><em>sine</em></span> <span class='ocrx_word' id='word_1_814' title='bbox 1554 2874 1701 2902; x_wconf 77' lang='lat' dir='ltr'><em>expositionis</em></span> <span class='ocrx_word' id='word_1_815' title='bbox 1718 2875 1836 2897; x_wconf 31' lang='lat' dir='ltr'><em>citaturrl.</em></span> <span class='ocrx_word' id='word_1_816' title='bbox 1856 2875 1915 2897; x_wconf 91' lang='lat' dir='ltr'><em>Tim.</em></span> <span class='ocrx_word' id='word_1_817' title='bbox 1940 2876 1967 2903; x_wconf 84' lang='lat' dir='ltr'><em>G,</em></span> 
     </span>
     <span class='ocr_line' id='line_1_104' title="bbox 1122 2911 1772 2943; baseline 0.008 -11"><span class='ocrx_word' id='word_1_818' title='bbox 1122 2911 1160 2933; x_wconf 81' lang='lat'><em>10:</em></span> <span class='ocrx_word' id='word_1_819' title='bbox 1178 2911 1249 2934; x_wconf 82' lang='lat' dir='ltr'><em>Radix</em></span> <span class='ocrx_word' id='word_1_820' title='bbox 1266 2912 1327 2934; x_wconf 84' lang='lat' dir='ltr'><em>enim</em></span> <span class='ocrx_word' id='word_1_821' title='bbox 1345 2913 1450 2935; x_wconf 89' lang='lat' dir='ltr'><em>omnium</em></span> <span class='ocrx_word' id='word_1_822' title='bbox 1468 2913 1581 2936; x_wconf 79' lang='lat' dir='ltr'><em>malorum</em></span> <span class='ocrx_word' id='word_1_823' title='bbox 1599 2917 1633 2937; x_wconf 84' lang='lat' dir='ltr'><em>est</em></span> <span class='ocrx_word' id='word_1_824' title='bbox 1650 2915 1772 2943; x_wconf 77' lang='lat' dir='ltr'><em>cupiditas.</em></span> 
     </span>
    </p>

    <p class='ocr_par' dir='ltr' id='par_1_21' title="bbox 1117 2948 1966 3059">
     <span class='ocr_line' id='line_1_105' title="bbox 1180 2948 1966 2983; baseline 0.005 -10"><span class='ocrx_word' id='word_1_825' title='bbox 1180 2948 1188 2961; x_wconf 94' lang='lat'>⁷</span> <span class='ocrx_word' id='word_1_826' title='bbox 1207 2951 1276 2979; x_wconf 85' lang='lat' dir='ltr'><em>Epist.</em></span> <span class='ocrx_word' id='word_1_827' title='bbox 1288 2952 1304 2974; x_wconf 91' lang='lat' dir='ltr'><em>l.</em></span> <span class='ocrx_word' id='word_1_828' title='bbox 1317 2952 1325 2974; x_wconf 82' lang='lat' dir='ltr'><em>l</em></span> <span class='ocrx_word' id='word_1_829' title='bbox 1336 2970 1341 2980; x_wconf 83' lang='lat'><em>,</em></span> <span class='ocrx_word' id='word_1_830' title='bbox 1355 2952 1392 2975; x_wconf 66' lang='lat'><em>119.</em></span> <span class='ocrx_word' id='word_1_831' title='bbox 1404 2953 1426 2975; x_wconf 95' lang='lat' dir='ltr'><em>ln</em></span> <span class='ocrx_word' id='word_1_832' title='bbox 1440 2953 1483 2976; x_wconf 88' lang='lat' dir='ltr'><em>hoc</em></span> <span class='ocrx_word' id='word_1_833' title='bbox 1495 2956 1554 2976; x_wconf 82' lang='lat' dir='ltr'><em>textu</em></span> <span class='ocrx_word' id='word_1_834' title='bbox 1568 2954 1689 2982; x_wconf 80' lang='lat' dir='ltr'><em>respicitur</em></span> <span class='ocrx_word' id='word_1_835' title='bbox 1705 2954 1753 2976; x_wconf 81' lang='lat' dir='ltr'><em>lsai.</em></span> <span class='ocrx_word' id='word_1_836' title='bbox 1767 2954 1808 2982; x_wconf 78' lang='lat'><em>29,</em></span> <span class='ocrx_word' id='word_1_837' title='bbox 1826 2955 1859 2977; x_wconf 70' lang='grc'><em>14.</em></span> <span class='ocrx_word' id='word_1_838' title='bbox 1870 2967 1901 2971; x_wconf 93' lang='grc'>-</span> <span class='ocrx_word' id='word_1_839' title='bbox 1914 2955 1966 2983; x_wconf 70' lang='lat' dir='ltr'><em>seq.</em></span> 
     </span>
     <span class='ocr_line' id='line_1_106' title="bbox 1117 2990 1964 3021; baseline 0.004 -8"><span class='ocrx_word' id='word_1_840' title='bbox 1117 2990 1180 3013; x_wconf 85' lang='lat' dir='ltr'><em>locus</em></span> <span class='ocrx_word' id='word_1_841' title='bbox 1197 2994 1229 3014; x_wconf 83' lang='lat' dir='ltr'><em>est</em></span> <span class='ocrx_word' id='word_1_842' title='bbox 1248 2992 1289 3014; x_wconf 84' lang='lat' dir='ltr'><em>ler.</em></span> <span class='ocrx_word' id='word_1_843' title='bbox 1308 2991 1333 3020; x_wconf 71' lang='lat'><em>4,</em></span> <span class='ocrx_word' id='word_1_844' title='bbox 1351 2993 1392 3021; x_wconf 67' lang='lat'><em>22,</em></span> <span class='ocrx_word' id='word_1_845' title='bbox 1409 2993 1488 3016; x_wconf 81' lang='lat' dir='ltr'><em>tertius</em></span> <span class='ocrx_word' id='word_1_846' title='bbox 1505 2994 1521 3016; x_wconf 87' lang='lat' dir='ltr'><em>l.</em></span> <span class='ocrx_word' id='word_1_847' title='bbox 1537 2993 1589 3016; x_wconf 92' lang='lat' dir='ltr'><em>Cor.</em></span> <span class='ocrx_word' id='word_1_848' title='bbox 1610 2994 1628 3021; x_wconf 87' lang='lat' dir='ltr'><em>l,</em></span> <span class='ocrx_word' id='word_1_849' title='bbox 1646 2995 1687 3021; x_wconf 76' lang='lat'><em>203</em></span> <span class='ocrx_word' id='word_1_850' title='bbox 1706 2994 1760 3016; x_wconf 83' lang='lat' dir='ltr'><em>ibid.</em></span> <span class='ocrx_word' id='word_1_851' title='bbox 1780 3001 1801 3016; x_wconf 74' lang='lat' dir='ltr'><em>v.</em></span> <span class='ocrx_word' id='word_1_852' title='bbox 1821 2995 1863 3017; x_wconf 77' lang='lat'><em>21:</em></span> <span class='ocrx_word' id='word_1_853' title='bbox 1881 2995 1964 3017; x_wconf 74' lang='lat' dir='ltr'><em>Placuit</em></span> 
     </span>
     <span class='ocr_line' id='line_1_107' title="bbox 1118 3029 1687 3059; baseline 0.004 -8"><span class='ocrx_word' id='word_1_854' title='bbox 1118 3029 1165 3051; x_wconf 78' lang='lat' dir='ltr'><em>Deo</em></span> <span class='ocrx_word' id='word_1_855' title='bbox 1184 3032 1238 3056; x_wconf 79' lang='lat' dir='ltr'><em>etc.;</em></span> <span class='ocrx_word' id='word_1_856' title='bbox 1255 3033 1276 3052; x_wconf 80' lang='lat' dir='ltr'><em>el</em></span> <span class='ocrx_word' id='word_1_857' title='bbox 1294 3037 1316 3052; x_wconf 95' lang='lat' dir='ltr'><em>v.</em></span> <span class='ocrx_word' id='word_1_858' title='bbox 1335 3032 1380 3053; x_wconf 74' lang='lat'><em>252</em></span> <span class='ocrx_word' id='word_1_859' title='bbox 1398 3032 1465 3059; x_wconf 91' lang='lat' dir='ltr'><em>Quod</em></span> <span class='ocrx_word' id='word_1_860' title='bbox 1483 3032 1575 3053; x_wconf 83' lang='lat' dir='ltr'><em>stultum</em></span> <span class='ocrx_word' id='word_1_861' title='bbox 1593 3035 1627 3053; x_wconf 81' lang='lat' dir='ltr'><em>est</em></span> <span class='ocrx_word' id='word_1_862' title='bbox 1644 3036 1687 3053; x_wconf 78' lang='lat' dir='ltr'><em>eir.</em></span> 
     </span>
    </p>
   </div>
  </div>
 </body>
</html>
