2285 3398
218 707 307 725 Confusio
313 706 346 724 du-

254 730 302 753 plex.

242 1031 344 1055 Repetitio.

235 1822 261 1840 De
270 1827 301 1841 sex
311 1821 352 1840 aliis

223 1845 328 1869 praeceptis
334 1845 353 1862 in

224 1873 298 1892 genere.

244 1915 349 1933 Distinctio.

248 2099 351 2126 Subdistin-

273 2125 316 2141 etio.

366 204 420 232 526

364 281 394 309 in
414 289 488 314 uno,
510 279 609 317 sactus
638 282 676 306 est
708 278 837 306 omnium
864 285 949 310 reas;
970 284 1023 304 non
1055 277 1127 312 quod
1148 285 1198 313 pro

363 336 418 356 una
439 326 653 363 transgressione
675 327 779 353 tantum
805 324 935 361 puniatur
967 331 1053 360 poena
1081 332 1197 358 sensas,

363 380 496 411 quantum
517 381 567 409 pro
598 371 813 408 transgressione
840 370 978 403 omnium;
1001 369 1047 397 sed
1068 370 1198 406 punietur

364 423 469 448 tantum
490 427 575 456 poena
596 418 698 447 damni
705 441 713 451 ,
730 426 782 445 non
799 420 887 445 tamen
904 416 941 444 ita
955 416 1055 444 acriter
1070 424 1119 451 pro
1134 424 1197 450 uno,

363 467 433 496 sicut
454 475 503 503 pro
524 466 658 494 omnibus.
681 465 755 498 Ideo,
778 464 799 492 si
821 465 882 500 quis
911 463 970 491 vult
991 462 1145 499 pertingere
1165 462 1197 491 ad

363 521 454 542 veram
475 513 573 546 vitam,
595 514 714 548 oportet,
737 510 810 547 quod
831 510 977 547 perspiciat
1009 510 1038 537 in
1066 508 1198 536 omnibus

362 560 509 588 inundati-5
530 559 577 588 Dei
598 558 694 591 corde,
726 565 773 585 ore
801 560 827 585 et
857 565 947 593 opere.
975 556 1004 584 Et
1036 555 1094 583 ideo
1119 555 1196 583 dicit:

365 606 436 635 Cam
454 614 643 643 perspexero,
666 604 692 633 id
713 608 769 638 est,
791 604 909 640 perfecte
932 611 1050 639 spexero
1071 605 1097 630 et
1112 602 1199 630 601151-

361 653 493 681 deravero
513 655 540 681 et
560 652 639 680 iuxta
660 652 711 679 hoc
732 659 828 687 egero,
850 658 903 678 non
932 649 1032 677 timebo
1061 648 1197 676 confundi.

362 699 418 727 Non
434 702 474 727 est
488 706 618 735 inagnum
640 697 767 726 confundi
784 697 810 725 in
832 696 981 733 praesenti,
1004 695 1048 723 sed
1072 694 1198 723 confundi

362 745 543 774 aeternaliter.
559 744 630 773 Talis
645 744 767 772 confusio
786 743 863 772 valde
884 745 924 771 est
945 741 1126 770 abhorrenda.
1149 740 1200 768 Sed

361 801 415 821 non
436 799 582 828 possumus
603 791 718 819 evadere
743 791 821 818 istam
842 789 1043 822 confusionem,
1066 788 1115 816 nisi
1138 795 1199 824 per-

361 839 507 876 spiciamus
527 838 554 866 111
576 837 703 865 omnibus
723 836 856 869 mandatis
877 836 932 864 Dei.
963 835 1023 864 Ideo
1051 835 1077 863 in
1100 835 1200 871 princi-

361 885 405 922 pio
427 892 554 921 rogemus
569 883 672 917 Deum,
687 886 718 911 ut
732 882 831 911 revelet
845 882 940 910 oeulos
955 885 1067 910 nostros
1081 881 1113 909 ad
1136 889 1201 909 eon-

361 931 522 960 sideranda
542 930 692 958 mandata.

441 979 466 1006 Ξ.
490 977 554 1005 Non
575 977 684 1005 occides
698 979 747 1005 etc.
763 976 890 1005 Dicebam
904 976 912 992 ¹
928 975 1019 1009 vobis,
1035 975 1108 1012 quod
1123 982 1199 1002 man-

362 1025 424 1053 data
444 1025 492 1053 Dei
513 1024 750 1061 distinguebantur
780 1023 807 1051 in
835 1023 903 1051 duas
925 1022 1038 1051 tabulas.
1063 1022 1089 1049 ln
1111 1021 1200 1058 prima

363 1071 537 1100 continentur
557 1069 684 1098 mandata
704 1068 855 1098 secundum
877 1069 962 1105 legem
988 1068 1106 1096 iustitiae
1127 1067 1199 1095 ordi-

363 1117 455 1146 nantia
475 1125 524 1145 nos
544 1117 577 1145 ad
597 1116 772 1149 Trinitatem,
792 1124 848 1152 qua
868 1115 1042 1143 continentur
1057 1115 1109 1142 tria
1124 1122 1199 1142 111311-

363 1165 425 1193 data
446 1164 596 1193 secundum
618 1163 670 1191 tria
696 1162 872 1199 appropriata
902 1161 991 1189 tribus
1016 1161 1147 1197 personis.
1170 1161 1198 1188 In

363 1210 482 1240 secunda
502 1210 594 1238 tabula
622 1209 796 1243 continentur
823 1207 949 1236 mandata
977 1207 1130 1235 ordinantia
1150 1214 1199 1235 nos

363 1258 396 1286 ad
416 1257 592 1294 proximum,
613 1259 639 1284 et
667 1256 718 1283 hoc
743 1254 894 1283 secundum
924 1253 1061 1289 duplicem
1093 1255 1198 1289 partem

363 1304 495 1337 iustitiae,
517 1303 619 1331 scilicet
639 1301 832 1330 beneficentiae
859 1304 885 1329 et
912 1299 1089 1328 innocentiae.
1112 1299 1199 1327 Redu-

364 1351 435 1379 citur
455 1352 546 1378 autem
569 1351 625 1376 tota
645 1347 763 1376 iustistia
783 1347 815 1375 ad
837 1347 901 1375 tria:
917 1346 982 1382 quia
999 1346 1055 1374 Deo
1069 1345 1199 1374 debemus

363 1397 496 1426 exhibere
517 1395 635 1423 debitam
666 1393 854 1422 reverentiam
880 1401 928 1429 per
958 1392 1123 1425 orationem,
1151 1399 1200 1428 per

364 1443 559 1472 confessionem
579 1444 606 1469 et
620 1448 669 1477 per
684 1439 908 1472 satisfactionem;
924 1439 994 1474 patri
1009 1438 1140 1467 debemus
1154 1445 1200 1466 ex-

364 1490 459 1518 hihere
480 1487 703 1523 beneficentiam,
724 1488 751 1514 et
771 1485 898 1514 omnibus
918 1485 978 1513 aliis
999 1485 1198 1512 innocentiam.

365 1552 400 1557 —
422 1535 530 1563 Dictum
550 1536 591 1562 est
612 1533 645 1562 de
676 1532 764 1561 tribus
791 1531 941 1565 mandatis,
963 1539 1034 1568 quae
1058 1539 1107 1559 nos
1127 1531 1199 1559 ordi—

365 1585 430 1610 nant
450 1581 483 1610 ad
504 1581 606 1613 Deum;
627 1579 731 1608 dictum
752 1581 792 1607 est
807 1578 888 1606 etiam
902 1577 935 1606 de
949 1579 1048 1614 quarto
1063 1576 1198 1610 mandato,

364 1628 436 1665 quod
457 1627 591 1663 accipitur
612 1633 694 1662 penes
714 1627 820 1662 partem
850 1624 983 1657 iustitiae,
1005 1631 1075 1660 quae
1096 1626 1137 1651 est
1158 1622 1200 1651 be-

363 1674 528 1712 neficentia;
550 1673 576 1701 111
598 1681 653 1709 quo
674 1671 853 1708 praecipitur,
876 1670 947 1707 quod
969 1670 1100 1698 dehemus
1121 1670 1201 1698 exhi-

364 1722 429 1750 bere
450 1722 580 1749 honorem
602 1719 672 1756 patri
694 1721 721 1747 et
741 1718 831 1746 matri.

443 1768 468 1796 3.
491 1766 621 1803 Sequitur
641 1765 674 1794 de
695 1773 744 1793 sex
771 1764 831 1792 aliis
858 1763 1005 1797 mandatis,
1027 1771 1097 1799 quae
1118 1763 1201 1799 perti-

365 1818 430 1843 nent
451 1813 484 1842 ad
505 1812 713 1845 innocentiam,
734 1811 761 1839 in
777 1810 878 1847 quibus
892 1809 1075 1846 praecipitur,
1091 1817 1124 1837 ne
1139 1809 1201 1846 quis

366 1862 461 1889 noceat
481 1859 608 1896 proximo
628 1866 686 1886 5110.
708 1858 790 1886 Nocet
809 1860 901 1885 autem
922 1856 984 1893 quis
1005 1856 1131 1892 proximo
1152 1863 1202 1884 suo

368 1905 525 1942 tripliciter:
545 1904 732 1940 perversitate
746 1902 853 1939 operis,
873 1901 1000 1939 falsitate
1014 1902 1154 1930 sermonis
1175 1904 1202 1930 et

368 1952 549 1989 improbitate
568 1950 725 1979 voluntatis
733 1959 742 1982 ‚·
763 1951 790 1977 et
811 1949 961 1977 secundum
982 1949 1034 1977 hoc
1056 1949 1201 1985 Legislator

368 1999 457 2035 primo
472 1997 598 2034 prohibet
617 1998 828 2028 nocumentum,
849 1994 921 2031 quod
942 1995 1068 2031 provenit
1082 2002 1117 2022 ex
1136 2003 1201 2030 per-

368 2044 499 2073 versitate
520 2043 621 2080 operis.
644 2040 808 2070 Perversitas
829 2044 919 2068 autem
941 2040 1044 2076 operis,
1066 2048 1120 2076 qua
1141 2040 1203 2076 quis

368 2091 412 2119 alii
432 2089 595 2122 iniuriatur,
616 2090 657 2116 est
678 2087 791 2123 triplex:
812 2090 860 2114 aut
878 2086 950 2114 enim
973 2086 1119 2113 iniuriatur
1141 2085 1203 2121 quis

369 2137 413 2165 alii
434 2137 461 2164 111
479 2143 605 2173 persona
623 2133 764 2170 propria,
785 2136 832 2161 aut
854 2132 880 2160 in
898 2140 1025 2169 persona
1039 2132 1202 2165 coniuncta,

369 2187 417 2213 aut
438 2183 464 2211 in
486 2181 637 2219 temporali
655 2180 835 2212 substantia,·
856 2182 882 2207 et
903 2178 1053 2207 secundum
1075 2179 1126 2206 hoc
1140 2181 1204 2206 sunt

370 2230 423 2259 tria
450 2228 590 2262 mandata⁷
618 2234 688 2264 quae
719 2226 856 2263 pertinent
882 2225 916 2253 ad
944 2224 1142 2253 innocentiam.
1175 2225 1202 2252 ln

370 2277 458 2313 primo
480 2274 641 2311 prohibetur
662 2275 857 2301 nocumentum
880 2272 906 2299 in
925 2271 1051 2308 propria
1062 2278 1202 2307 persona,

371 2323 419 2352 ibi:
442 2322 506 2350 Non
527 2320 642 2350 occides.
665 2320 692 2348 111
721 2319 839 2348 secundo
866 2318 1028 2355 prohibetur
1056 2325 1203 2345 nocumen-

372 2373 430 2398 tum
451 2369 478 2397 in
497 2375 622 2405 persona
643 2366 811 2399 coniuncta,
833 2365 884 2393 ibi:
918 2364 982 2392 Non
1002 2363 1202 2392 moechaberis.

371 2415 399 2443 ln
421 2415 501 2443 tertio
522 2413 683 2450 prohibetur
704 2415 899 2441 nocumentum
920 2410 946 2438 111
961 2410 1124 2438 substantia
1138 2413 1204 2437 tem-

369 2461 483 2497 porcili,
505 2460 556 2488 ibi:
579 2458 642 2487 Non
663 2457 778 2495 fartum
799 2457 897 2494 facies.

912 199 954 227 DE
976 199 1085 227 DECEM
1106 200 1298 228 PRAECEPTIS
1319 198 1478 227 COLLATIO
1499 199 1540 226 VI.

1332 277 1358 304 4.
1382 276 1486 308 Primo,
1508 276 1583 309 dico,
1605 276 1632 303 in
1653 276 1703 304 isto
1726 275 1866 303 mandato:
1890 275 1952 303 Non
1967 277 2087 310 occides,

1255 323 1417 360 prohibetur
1437 322 1478 349 ira
1505 329 1687 358 prorumpens
1715 322 1741 350 in
1769 322 1882 349 iniurias
1907 322 2088 358 peremptivas

1255 370 1324 397 ritae
1338 368 1486 395 'naturalis
1501 368 1557 396 sive
1572 368 1757 396 substantialis
1771 370 1798 396 et
1812 368 1882 395 vitae
1897 368 2048 396 incolumis
2063 372 2088 396 et

1255 416 1324 444 ritae
1346 414 1530 443 honorabilis.
1559 426 1571 439 κ
1586 415 1687 443 Natura
1702 415 1773 443 enim
1788 415 1888 450 appetit
1904 414 1976 450 quod
1991 415 2088 442 melius

1254 463 1316 491 est2
1329 474 1354 495 u,
1376 465 1402 489 et
1424 460 1483 488 ideo
1504 468 1557 488 non
1579 461 1679 489 sufficit
1700 462 1764 494 sihi,
1787 460 1859 497 quod
1888 460 1985 488 habeat
2006 461 2087 488 vitani

1255 512 1385 541 stantem,
1408 508 1490 535 immo
1511 515 1573 535 611111
1590 507 1640 535 1106
1660 508 1719 535 vult
1740 508 1821 535 vitam
1844 507 1981 535 salubrem
2002 510 2029 535 et
2049 507 2088 535 in-

1255 556 1387 584 columem
1410 557 1436 582 et
1457 553 1655 587 honorabilem;
1671 557 1697 582 et
1711 554 1860 582 secundum
1877 554 1927 581 hoc
1943 554 2100 590 Legislatorv

1254 603 1281 630 in
1303 602 1354 630 isto
1375 600 1517 628 mandato:
1541 599 1604 627 Non
1635 600 1756 633 occides,
1779 600 1905 637 prohibet
1926 601 2013 636 primo
2035 601 2089 629 iras

1255 650 1466 683 prorumpentes
1488 646 1513 673 in
1546 646 1660 674 iniurias
1690 647 1872 682 peremptivas
1903 646 1973 675 vitae
2003 650 2089 674 natu-

1255 694 1345 725 ralis,·
1367 693 1501 726 secundo,
1524 693 1595 721 vitae
1616 693 1779 727 incolumis,
1795 694 1908 726 scilicet,
1930 693 2038 729 quando
2059 693 2089 721 sit

1255 741 1355 769 iniuria
1376 748 1424 776 per
1446 739 1573 773 verbera,
1595 740 1637 767 vel
1658 740 1786 771 vulnera2
1809 740 1904 773 tertio,
1920 740 1989 768 vitae
2004 738 2089 767 liono-

1256 787 1374 820 rabilis,
1397 786 1467 814 sicut
1488 789 1528 814 est
1550 786 1661 820 iniuria,
1683 794 1752 823 quae
1774 787 1803 814 fit
1825 794 1872 823 per
1898 786 2088 814 contumeliam

1256 837 1377 870 apertam
1400 833 1441 861 vel
1462 833 1609 866 occultam,
1631 833 1700 861 sicut
1721 833 1766 861 illa
1780 841 1849 870 quae
1865 833 1894 861 fit
1909 840 1957 869 per
1972 833 2091 870 signum:

1255 898 1294 901 —
1315 880 1388 909 Unde
1410 880 1436 908 in
1461 879 1640 916 Evangelioss:
1662 880 1809 913 Audistis,
1829 880 1899 917 quia
1923 879 2030 908 dictam
2051 883 2090 907 est

1256 926 1407 965 antiquis:
1439 926 1496 954 Non
1526 925 1650 959 occides;
1682 926 1732 964 qui
1758 930 1853 954 autem
1887 926 1993 954 occidet
2023 935 2089 954 reus

1256 974 1309 1001 erit
1330 972 1446 1001 indicio.
1470 973 1528 1009 Eyo
1557 975 1653 1000 autem
1681 972 1742 1000 dico
1772 972 1866 1005 vobis,
1888 972 1958 1010 qaia
1979 972 2089 1006 omnis,

1256 1020 1307 1058 qni
1327 1019 1467 1048 irascitur
1497 1017 1591 1055 fratri
1616 1027 1685 1053 sao,
1711 1028 1778 1047 reus
1804 1019 1858 1047 erit
1885 1019 2001 1047 iudicio.
2035 1020 2091 1054 Qai

1256 1070 1351 1095 autem
1372 1066 1479 1095 dixerit
1498 1064 1592 1102 fratri
1611 1074 1681 1094 suo:
1703 1074 1791 1099 raca,
1813 1074 1880 1094 rent-5
1894 1066 1948 1093 eric
1963 1065 2088 1094 concilio.

1257 1113 1314 1148 Qui
1329 1115 1429 1141 ,antem
1450 1111 1569 1140 dixerit:
1590 1111 1685 1149 fatue,
1700 1121 1767 1140 reus
1781 1113 1835 1140 erit
1847 1111 1990 1149 ychennae
2004 1112 2088 1149 ienis.

1256 1159 1325 1195 Ergo
1356 1158 1467 1194 planum
1498 1161 1553 1192 est,
1585 1158 1658 1195 quod
1686 1158 1775 1187 tribus
1805 1158 1891 1187 modis
1921 1158 1984 1187 facit
2010 1159 2090 1186 homo

1255 1208 1350 1233 contra
1370 1204 1437 1232 illud
1457 1204 1628 1232 mandatum:
1650 1204 1714 1233 Non
1728 1205 1851 1238 occides,
1867 1205 1969 1233 scilicet
1982 1204 2090 1241 quando

1255 1251 1317 1288 quis
1338 1251 1466 1279 irascitur
1488 1251 1565 1279 fratri
1587 1259 1652 1285 suo,
1674 1252 1716 1280 vel
1737 1251 1846 1288 quando
1866 1251 1942 1279 dicit:
1958 1260 2033 1285 raca,
2048 1251 2090 1279 vel

1256 1298 1364 1334 quando
1384 1298 1464 1326 dicit:
1486 1298 1566 1326 fatue.
1590 1298 1620 1326 Et
1641 1298 1749 1335 quando
1771 1299 1821 1326 hoc
1853 1298 1914 1326 tacit
1934 1306 1969 1326 ex
1990 1297 2090 1326 delibe-

1256 1344 1360 1373 ratione
1381 1344 1480 1378 animi,
1502 1347 1567 1373 tunc
1587 1345 1667 1379 dicit,
1689 1345 1762 1381 quod
1782 1354 1849 1373 rens
1880 1349 1919 1373 est
1947 1343 2090 1382 yelzennae

1256 1391 1340 1428 ignis.
1364 1391 1394 1419 Et
1415 1391 1480 1427 quia
1500 1391 1555 1419 vita
1575 1391 1707 1420 naturalis
1728 1394 1768 1420 est
1799 1391 2004 1419 fundamentum
2026 1391 2089 1419 alia-

1256 1445 1332 1471 rum,
1354 1437 1414 1465 ideo
1434 1437 1486 1466 sub
1517 1437 1568 1465 isto
1598 1437 1691 1465 modo:
1715 1437 1779 1465 Non
1799 1437 1920 1470 occides,
1945 1437 2091 1473 Legislator

1256 1483 1393 1520 expressit
1413 1483 1580 1511 mandatum.
1846 1502 1850 1503 ν

1335 1531 1359 1558 5.
1382 1530 1529 1558 Manichaei
1550 1532 1642 1558 autem
1664 1530 1795 1558 obiiciunt
1822 1530 1900 1558 nobis
1924 1532 1951 1558 et
1978 1530 2087 1564 dicunt,

1256 1576 1329 1613 quod
1350 1576 1399 1605 sibi
1429 1576 1588 1605 contradicit
1623 1576 1777 1613 Legislator.
1809 1576 1879 1605 Dicit
1909 1576 1995 1605 enim:
2028 1576 2092 1605 Non

1257 1623 1379 1656 occides,
1401 1625 1428 1651 et
1447 1623 1533 1651 3111114
1554 1623 1633 1651 dicit:
1655 1622 1797 1660 Maleficos
1827 1631 1885 1651 non
1908 1623 2032 1660 patieris
2050 1623 2092 1651 vi-

1259 1677 1327 1696 vere.
1351 1668 1381 1696 Et
1402 1668 1453 1697 hoc
1474 1672 1514 1697 est
1535 1671 1629 1697 contra
1648 1669 1794 1706 principes
1815 1669 1841 1697 in
1856 1669 2004 1700 christiana
2025 1669 2091 1706 lege,

1257 1715 1304 1751 qui
1326 1723 1374 1751 per
1402 1715 1562 1743 sententiam
1593 1715 1761 1744 iudiciariam
1792 1716 1858 1744 alios
1889 1716 2023 1744 occidunt.
2057 1713 2101 1737 -’

1258 1762 1322 1790 Item
1350 1762 1495 1795 obiiciunt,
1526 1761 1597 1798 quod
1626 1761 1759 1790 Dominus
1785 1762 1860 1791 dicit:
1895 1762 2014 1796 Omnes,
2042 1763 2094 1800 qai

1258 1809 1417 1846 acceperint
1448 1808 1598 1846 pladiani,
1628 1808 1726 1845 qtadi'o
1760 1809 1912 1846 peribant.-
1946 1817 2011 1846 ergo
2038 1817 2091 1838 non

1259 1856 1320 1884 licet
1340 1855 1460 1892 gladium
1481 1855 1611 1892 accipere.
1638 1872 1673 1876 —
1690 1855 1720 1883 Et
1741 1856 1863 1884 similiter
1884 1855 1990 1889 dicunt,
2019 1856 2092 1893 quod

1258 1910 1311 1930 non
1327 1902 1401 1935 licet,
1417 1901 1584 1930 sacerdotem
1605 1909 1663 1930 esse
1685 1902 1840 1930 occisorem.
1864 1902 1894 1930 Et
1909 1902 1959 1931 hoc
1973 1905 2014 1931 est
2028 1910 2091 1931 con-

1259 1952 1301 1977 tra
1324 1948 1478 1977 Ecclesiam
1498 1950 1524 1975 et
1545 1947 1738 1976 ecclesiasticas
1759 1956 1902 1984 personas,
1924 1956 1994 1985 quae
2014 1956 2093 1977 exse-

1258 1995 1367 2031 quendo
1387 1994 1518 2022 iudicium
1539 1996 1566 2022 et
1586 1994 1743 2030 imperando
1757 1995 1894 2031 accipiunt
1912 1994 2038 2031 gladium.
2055 2010 2091 2015 -

1259 2041 1323 2068 item
1345 2041 1492 2073 obiiciunt,
1514 2040 1586 2076 quod
1607 2039 1744 2068 dicitur-⁵³:
1768 2041 1826 2077 Eyo
1845 2045 1941 2069 autem
1962 2041 2025 2069 dico
2046 2049 2091 2068 vo-

1260 2086 1318 2120 bis,
1339 2095 1397 2115 non
1418 2086 1547 2114 rosis-tere
1567 2086 1659 2119 φηαίο,
1681 2090 1707 2115 et
1735 2087 1785 2115 hoc
1816 2090 1856 2115 est
1883 2090 1977 2115 contra
1998 2087 2092 2124 Leqis-

1259 2133 1387 2161 latorem.

1338 2181 1362 2207 o'.
1385 2179 1535 2216 Intelligere
1556 2178 1695 2213 debemus,
1716 2179 1789 2215 quod
1810 2179 1970 2215 prohibetur
1986 2179 2029 2208 hic
2047 2188 2092 2208 oc-

1260 2225 1325 2253 cisio
1339 2224 1478 2258 hominis,
1500 2233 1553 2253 non
1575 2225 1724 2253 bestiarum
1746 2225 1787 2253 vel
1801 2225 1998 2262 virgultorum,
2020 2225 2090 2254 sicut

1258 2271 1383 2299 (licebant
1403 2271 1506 2307 antiqui
1523 2271 1685 2305 Manichaei,
1700 2271 1746 2308 qui
1762 2271 1889 2300 nolebant
1904 2271 2044 2300 comedere
2058 2271 2091 2299 de

1260 2317 1395 2345 fructibus
1415 2317 1546 2345 arborum
1558 2317 1576 2344 Β.
1593 2334 1631 2338 -
1644 2317 1749 2346 Occisio
1763 2322 1854 2346 autem
1868 2317 1984 2346 hominis
2005 2319 2093 2354 potest

1259 2371 1318 2392 esse
1338 2371 1354 2391 a
1375 2363 1446 2400 leye,
1468 2366 1515 2391 aut
1535 2363 1569 2391 ab
1590 2362 1701 2392 nornine
1722 2364 1753 2392 in
1773 2364 1904 2397 veritate,
1932 2357 1980 2391 aut
2004 2364 2090 2391 inter-

1259 2410 1403 2446 pretative.
1426 2409 1530 2438 occisio
1550 2413 1640 2438 autem
1662 2411 1779 2439 hominis
1809 2411 1843 2439 ab
1870 2411 1979 2439 homine
2006 2413 2037 2438 ut
2057 2410 2091 2438 ab

1260 2455 1387 2489 homine,
1409 2464 1462 2484 non
1483 2459 1514 2484 ut
1534 2464 1549 2484 a
1569 2456 1638 2493 leye,
1661 2456 1835 2493 prohibetur;
1864 2456 1909 2485 sed
1934 2457 2022 2489 Deus,
2043 2456 2091 2493 qui

374 2619 406 2640 De
423 2618 457 2640 his
475 2617 546 2639 tribus
563 2617 689 2645 praeceptis
706 2617 759 2638 vide
776 2617 809 2638 111.
826 2616 886 2637 Sent.
903 2615 925 2637 d.
943 2615 978 2637 37.
997 2615 1052 2637 dub.
1070 2616 1148 2638 4-6.111
1161 2617 1205 2638 nne

375 2656 544 2679 introductionis
560 2655 680 2682 respicitur
697 2655 730 2677 Ps.
757 2654 812 2681 4¹8,
830 2654 871 2675 48:
888 2654 969 2675 Revela
995 2654 1072 2676 0611105
1093 2661 1163 2683 111605,
1184 2657 1206 2677 et

375 2694 523 2718 considerabo
541 2693 650 2716 mirabilia
668 2694 696 2716 (16
713 2694 763 2721 lege
779 2696 825 2715 tua.

436 2734 444 2745 ¹
462 2733 538 2756 Coum.
560 2733 577 2754 l.
593 2739 614 2754 n.
632 2732 668 2754 21.
686 2733 714 2754 ‘22
732 2735 753 2754 et
770 2732 842 2754 collat.
859 2732 880 2753 2.
897 2737 919 2753 n.
937 2731 958 2753 3.
977 2731 996 2753 t.

437 2770 445 2783 ²
463 2771 591 2793 Secundum
610 2770 707 2797 Aristot„
723 2771 747 2792 11.
764 2770 792 2792 (16
809 2771 912 2792 Generat.
929 2772 951 2791 et
975 2774 1074 2798 corrupt.
1092 2774 1141 2793 text.
1168 2771 1204 2793 59.

376 2812 405 2839 (e.
423 2809 477 2838 i0.).
492 2821 522 2826 —
540 2808 640 2830 Subinde
656 2808 815 2831 substituimus
826 2815 852 2831 ex
869 2809 886 2830 A
896 2808 912 2830 Β
922 2808 937 2830 C
948 2808 965 2830 D
983 2808 1052 2831 vitam
1064 2810 1163 2832 stantem
1175 2809 1205 2832 le-

375 2849 442 2872 ctioni
459 2849 509 2870 Vat.
525 2847 597 2870 vitam
614 2846 781 2870 subsistentem.

437 2885 446 2899 ³
463 2887 538 2909 11131111.
555 2886 581 2914 5,
598 2887 635 2908 21.
652 2888 673 2907 et
690 2886 728 2907 22.

438 2925 448 2937 ⁴²
465 2925 533 2947 Exod.
550 2925 591 2950 22,
610 2925 646 2945 18.
662 2936 692 2940 -
711 2924 762 2951 Seq.
778 2923 839 2945 locus
857 2926 889 2944 est
906 2923 980 2945 Matth.
997 2924 1036 2951 26,
1055 2924 1091 2945 32.

439 2962 448 2975 ⁵
466 2964 540 2985 natm.
557 2963 578 2990 5,
595 2962 632 2984 39.

1321 2614 1330 2628 ⁶
1347 2617 1454 2644 August„
1466 2616 1494 2637 (16
1506 2615 1620 2638 ilaei-esth.
1638 2623 1659 2638 n.
1678 2616 1713 2644 46,
1725 2617 1803 2643 refert,
1816 2616 1878 2644 quod
1891 2615 2012 2637 Manichaei
2027 2624 2037 2634 ιι
2047 2614 2090 2636 ani·

1261 2660 1309 2676 mas
1325 2654 1455 2676 auditorum
1472 2655 1704 2676 suorum-inclectos
1723 2655 1809 2676 revolvi
1827 2654 1975 2680 arbitrantur,
1993 2656 2031 2675 aut
2048 2653 2090 2674 teli-

1261 2693 1321 2714 ciore
1338 2693 1473 2720 compendio
1490 2692 1513 2714 in
1530 2698 1593 2714 escas
1609 2693 1732 2715 electorum
1749 2699 1854 2719 suorum,
1872 2694 1896 2714 ut
1913 2692 1956 2713 iam
1970 2692 2022 2713 inde
2040 2697 2090 2719 pur-

1261 2734 1326 2758 gatae
1343 2731 1364 2753 in
1381 2731 1441 2753 nulla
1458 2737 1553 2758 corpora
1570 2734 1718 2753 revertantur.
1736 2731 1826 2754 Ceteras
1843 2734 1918 2752 autem
1930 2730 2017 2752 animus
2034 2730 2091 2752 etin

1261 2776 1342 2797 pecora
1359 2769 1432 2791 redire
1448 2772 1528 2797 putant
1544 2772 1565 2791 et
1582 2770 1602 2791 in
1615 2771 1699 2798 omnia,
1710 2776 1770 2798 quae
1780 2769 1896 2792 radicibus
1907 2768 1948 2791 fixa
1961 2772 2012 2791 sunt
2023 2771 2091 2796 atque

1261 2809 1351 2830 aluntur
1367 2808 1389 2829 111
1406 2811 1472 2829 terra.
1489 2807 1574 2829 Herbas
1591 2808 1650 2830 enim
1668 2811 1735 2836 atque
1751 2807 1845 2829 arbores
1862 2807 1893 2829 sic
1910 2809 1989 2835 putant
2006 2807 2091 2834 vivere,

1261 2850 1285 2869 ut
1301 2846 1379 2872 vitam,
1395 2852 1454 2874 quae
1471 2846 1510 2868 illis
1528 2846 1590 2873 inest,
1615 2850 1636 2868 et
1660 2846 1742 2868 sentire
1763 2845 1856 2867 credant
1881 2848 1903 2867 et
1928 2845 2011 2872 dolere,
2036 2850 2089 2866 cum

1261 2885 1392 2911 laeduntur;
1408 2890 1450 2906 nec
1470 2885 1555 2913 aliquid
1573 2885 1624 2907 inde
1646 2885 1693 2907 sine
1717 2884 1817 2907 cruciatu
1843 2890 1922 2906 eorum
1948 2889 2087 2912 quemquam

1262 2930 1329 2951 posse
1340 2923 1422 2945 vellere
1434 2926 1472 2945 aut
1483 2929 1583 2950 carpere.
1595 2924 1688 2950 Propter
1699 2923 1761 2951 quod
1779 2929 1860 2950 agrum
1873 2922 1939 2945 etiem
1952 2921 2022 2948 spinis
2039 2927 2089 2948 pur*

1262 2967 1316 2989 gare
1333 2962 1394 2982 netas
1411 2960 1494 2982 hebent
1506 2969 1516 2979 ι)
1537 2963 1578 2982 etc.
1599 2960 1643 2983 Csr.
1660 2963 1715 2982 tom.
1731 2961 1763 2982 111.
1780 2966 1833 2987 pag.
1851 2959 1902 2982 834.
1920 2962 1971 2982 nota
1990 2959 2010 2981 4.

2118 284 2164 302 Pars
2177 285 2190 302 l.
2204 284 2238 302 De-

2105 307 2169 329 quinto
2178 312 2233 331 prae-

2105 332 2164 353 cepto.

2105 376 2135 394 Tri
2150 377 2179 402 ¹⁹³³.
2192 377 2219 394 ira

2117 405 2126 417 0
2141 405 2210 417 ΕΠΞΗΞ.

2103 886 2233 904 Gonni-matur.

2117 1534 2212 1553 Obiiciunt

2108 1558 2211 1576 Manichaei

2108 1583 2192 1604 quatuor.

2108 2184 2165 2208 Hesp.

2108 2323 2182 2350 Triplex
2195 2328 2224 2342 no-

2131 2351 2184 2365 cisio.
