2285 3398
69 1011 174 1031 Conclusio.

52 1812 127 1839 Gradus
140 1814 176 1831 ter-

92 1838 136 1855 tius.

63 2144 175 2164 Notandum.

763 171 936 200 thNERARu
957 170 1076 199 MENTIS
1099 171 1129 199 ΙΝ
1152 170 1243 199 DEUM
1264 171 1292 199 C.
1316 172 1354 200 ΙΙΙ.

185 253 226 280 est
253 249 343 279 omnis
373 252 518 278 creaturae
546 250 645 288 oripo,
670 250 817 287 exemplar
845 253 872 279 et
898 249 983 287 finiti,
1005 251 1032 278 et

185 298 274 326 omnis
301 297 416 326 effectus
446 300 487 326 est
518 297 628 335 signum
659 306 773 332 causae,
795 300 822 327 et
842 297 1030 334 exemplatum

185 344 369 381 exemplaris,
391 347 418 373 et
439 344 483 373 via
503 344 581 379 sinis,
602 344 635 373 ad
657 352 740 382 quem
761 344 852 379 (lucit;
874 344 974 382 partim
995 352 1031 373 ex

185 392 312 430 propria
345 392 609 429 repraesentatione
616 403 625 425 ;
659 392 759 429 parlim
794 400 831 421 ex
862 390 1033 429 prophetica

182 439 450 477 praefiguratione,-
462 439 563 476 partim
577 447 613 468 ex
629 439 760 477 angelica
775 439 955 476 operatione;
970 446 1032 476 par-

187 486 235 515 tim
257 495 292 515 ex
308 486 485 523 superaddita
500 485 685 515 institutione.
707 486 803 515 Omnis
817 486 890 515 enim
905 489 1034 515 creatura

186 541 222 562 ex
244 536 356 561 natura
377 536 419 562 est
440 533 514 562 illius
532 536 660 562 aeternae
675 533 824 570 sapientiae
844 533 979 570 quaedam
994 533 1033 562 es-

187 580 264 617 tigies
284 583 312 609 et
332 579 495 614 similitudo,
518 580 564 609 sed
579 580 741 617 specialiter
763 580 808 609 illa
828 580 940 617 quaein
964 580 1033 609 libro

187 627 346 664 Scripturae
367 635 417 664 per
437 627 577 664 spiritum
592 626 761 665 prophetiae
781 631 904 656 assumta
932 630 973 656 est
999 628 1033 657 ad

187 674 372 711 spiritualium
396 674 673 711 praefigurationem3
688 675 844 712 specialius
864 678 956 703 autem
973 675 1033 704 illae

188 724 345 756 creaturae,
367 721 394 750 in
415 729 536 758 quarum
558 721 648 759 effigie
669 722 743 750 Deus
764 722 893 759 anqelieo
907 722 1034 751 ministe-

189 768 233 797 rio
262 769 348 798 voluit
376 776 525 806 apparere;
551 769 758 806 specialissime
786 777 852 798 vero
877 777 908 798 ea
929 771 1033 806 quam1

188 816 275 844 voluit
303 816 337 845 ad
368 815 578 853 significandum
609 815 772 850 instituere,
793 824 864 853 quae
886 819 960 845 tenet
981 825 1035 845 non

188 862 277 890 solum
305 863 439 892 rationem
460 862 539 900 sz'yni
562 862 715 891 secundum
746 871 845 892 nomen
873 871 1034 897 commune,

188 916 286 937 verum
307 910 389 938 etiam
410 909 601 939 Saeramenti.

270 956 312 984 13.
336 957 376 985 Ex
397 957 500 994 quibus
520 956 650 985 omnibus
670 957 818 994 colligitur,
839 956 912 994 quod
935 956 1035 984 invisi-

189 1000 259 1030 bilia
280 1002 331 1030 Dei
344 1012 363 1031 a
384 1007 523 1032 creatura
537 1003 651 1037 mundi,
667 1012 722 1041 per
736 1012 770 1031 ea·
784 1011 858 1041 qaae
871 1001 954 1039 faeta
967 1005 1037 1030 sunt

188 1049 341 1083 intellecta,
357 1050 589 1087 commetamur,-
604 1050 646 1078 ita
660 1054 692 1079 ul
707 1050 753 1087 qui
769 1050 867 1079 nolunt
878 1049 929 1078 ista
939 1049 1036 1078 adver—

190 1100 247 1126 tere
268 1100 295 1126 et
317 1097 404 1126 Deum
426 1098 453 1126 in
469 1097 512 1126 his
533 1097 662 1126 omnibus
676 1105 853 1134 cognoscere,
874 1096 1036 1125 benedicere

188 1148 215 1173 et
236 1152 328 1173 amare
350 1144 560 1173 inexcusabiles
581 1145 672 1179 sifntss,
687 1144 754 1173 dum
775 1144 873 1172 nolunt
893 1142 1036 1171 transferri

188 1192 222 1219 cle
244 1191 365 1220 tenebris
387 1191 418 1220 in
439 1191 614 1220 admirabile
643 1191 738 1220 lumen
766 1191 823 1219 Dei.
853 1190 910 1219 Deo
939 1193 1036 1218 azttem

187 1239 304 1275 ‹Jralias
322 1247 376 1276 per
400 1239 494 1267 lesum
517 1238 683 1273 Christ-am,
705 1238 864 1267 Dominum
885 1234 1036 1270 nostram,

189 1286 236 1322 qui
259 1295 308 1315 uos
329 1287 363 1315 de
384 1285 506 1315 tenebris·
527 1286 678 1314 transtulit
698 1286 729 1314 in
750 1283 926 1313 admirabile
940 1283 1037 1312 lamen

188 1341 293 1368 sittim,
315 1334 381 1363 dum
403 1342 453 1371 per
474 1334 541 1362 haec
564 1333 667 1362 lumina
688 1332 813 1362 exterius
833 1331 897 1360 data
920 1331 955 1360 ad
976 1338 1037 1367 spe-

190 1380 284 1409 culum
304 1381 404 1410 mentis
418 1383 540 1415 nostrae,
563 1380 590 1409 in
612 1388 668 1417 quo
682 1379 807 1408 relucent
825 1378 930 1413 divina,
945 1378 1037 1415 dispo-

190 1427 283 1455 nimur
304 1428 337 1456 ad
360 1427 559 1457 reintrandum.
936 1421 941 1423 ἓ

546 1521 612 1550 Car.
636 1521 675 1549 111.

261 1615 299 1644 De
326 1615 519 1652 speculatione
542 1616 593 1645 Dei
616 1625 670 1653 per
697 1624 786 1644 suam
815 1615 973 1653 imaginem

339 1663 529 1693 naturalibus
546 1664 682 1702 potentiis
704 1663 884 1701 insiqnitam.

271 1759 294 1786 1.
316 1758 451 1795 Quoniam
482 1762 575 1788 autem
600 1759 656 1788 duo
677 1758 780 1796 gradus
810 1758 958 1795 praedicti,
986 1758 1037 1787 du-

189 1805 274 1834 cendo
289 1813 339 1833 nos
353 1805 380 1833 in
395 1805 482 1834 Deum
499 1814 548 1843 per
564 1806 684 1844 vestiyia
698 1814 762 1840 sua,
778 1813 827 1842 per
841 1813 912 1842 quae
927 1805 955 1834 in
969 1805 1046 1834 cun-'

190 1851 241 1880 ctis
262 1851 398 1881 creaturis
419 1851 537 1886 relucet,
559 1852 790 1881 manuduxerunt
816 1860 866 1881 nos
886 1860 976 1889 usque
1003 1852 1037 1881 ad

190 1898 254 1933 hoc,
276 1901 307 1927 ut
328 1898 362 1927 ad
384 1906 433 1927 nos
454 1899 668 1934 reintraremus,
689 1900 716 1928 in
737 1901 858 1928 mentem
873 1899 976 1928 scilicet
990 1907 1038 1927 no-

190 1948 290 1980 stram,
313 1946 341 1974 in
362 1954 417 1983 qua
437 1945 529 1974 divina
550 1947 656 1976 relucet
676 1947 791 1985 ima90;
806 1947 871 1975 hinc
891 1949 945 1981 est,
964 1947 1038 1984 quod

189 1992 244 2021 iam
275 1993 358 2022 tertio
386 1993 458 2027 loco,
480 1993 513 2021 ad
534 1989 716 2031 nosmetipsos
746 1993 881 2022 intrantes
905 1996 933 2022 et
959 1994 1038 2031 quasi

189 2039 291 2068 atrium
314 2040 468 2069 forinsecus
493 2040 696 2077 relinquentes,
718 2040 745 2068 in
769 2040 880 2068 sanetis
892 2040 913 2074 ³,
935 2040 1039 2069 scilicet

190 2087 334 2116 anteriori
353 2090 431 2125 parte
453 2087 637 2122 tabernaculi,
653 2087 745 2116 conari
766 2087 900 2116 debemus
914 2095 964 2124 per
978 2095 1038 2124 spe-

190 2134 284 2163 culum
306 2134 399 2163 videre
420 2134 524 2168 Deum;
547 2134 593 2162 ubi
616 2134 649 2163 ad
671 2134 784 2163 modum
813 2134 970 2163 candelabri
996 2142 1039 2163 re-

254 2273 259 2287 ¹
278 2272 353 2296 Codd.
369 2273 387 2294 A
397 2273 412 2294 B
422 2273 439 2294 ll
450 2273 465 2294 L
475 2272 493 2294 Μ
505 2272 521 2294 N
539 2278 607 2301 quae.

253 2311 262 2324 ²
280 2313 348 2335 llom.
366 2313 387 2339 i,
405 2313 441 2334 20.
453 2324 485 2328 —
497 2312 550 2340 Seq.
568 2314 642 2334 textus
658 2314 692 2334 est
709 2312 724 2334 l.
741 2311 794 2335 Cor.
812 2312 848 2340 45,
866 2312 908 2340 57;
927 2313 1006 2336 tertius
1022 2314 1038 2336 1.

190 2351 250 2374 Petr.
267 2352 293 2378 2,
311 2352 337 2379 9,
356 2351 394 2373 ubi
416 2358 458 2379 pro
479 2351 603 2374 transtulit
620 2351 718 2379 Vulgata
740 2351 881 2375 vocavit.—
892 2352 935 2375 Pro
952 2358 1038 2382 coquo—

189 2395 255 2412 scere
273 2390 351 2418 plures
369 2390 438 2412 codd.
455 2396 592 2419 aynoscere.

253 2427 262 2441 ³
279 2428 325 2452 Csr.
342 2430 413 2452 Exod.
425 2431 468 2457 26,
480 2429 519 2452 ubi
537 2429 674 2452 describiutr
692 2429 865 2453 tabernaculum
882 2431 1036 2459 Moysaicum,

190 2475 215 2490 v.
232 2468 270 2491 34.
291 2472 313 2491 et
335 2469 372 2491 35.
390 2469 475 2491 mentio
498 2469 523 2491 tlt
544 2469 615 2491 sancti
640 2472 773 2492 sanctorum
797 2472 820 2492 et
844 2469 985 2493 candelabri.
1005 2482 1037 2487 —

191 2508 227 2531 l's.
245 2508 271 2536 4,
287 2508 317 2531 7:
336 2509 456 2537 Signatum
480 2511 514 2531 est
535 2515 606 2537 super
623 2515 666 2531 nos
686 2510 764 2531 lumen
780 2510 857 2532 vuitus
874 2510 914 2537 tui,
931 2510 1037 2533 Domine.

190 2548 295 2576 Gregor„
313 2549 342 2571 X.
360 2549 437 2570 Mol-al.
455 2555 474 2570 r.
488 2548 525 2571 15.
543 2554 566 2570 n.
578 2548 623 2570 27:
640 2549 729 2571 interna
746 2549 833 2578 quippe
851 2549 920 2572 facies*
937 2550 1037 2572 hominis

191 2593 257 2610 mens
278 2591 324 2615 est,
342 2588 364 2610 in
386 2594 432 2616 qua
455 2588 564 2610 nimirum
586 2588 783 2616 recognoscimur,
800 2592 825 2611 ut
841 2588 871 2611 ab
888 2592 981 2612 auctore
998 2595 1037 2612 no-

190 2630 238 2649 stro
255 2627 387 2656 diligamur.

254 2667 263 2679 ⁴
280 2667 326 2690 Csr.
349 2668 453 2695 August„
476 2668 514 2690 ix.
537 2671 559 2690 et
581 2668 610 2690 X.
633 2667 663 2690 de
686 2668 750 2691 Trin.
773 2668 836 2697 (vide
858 2669 873 2692 1.
890 2669 953 2692 Sent.
974 2670 998 2692 d.
1015 2671 1036 2692 3.

192 2713 216 2735 p.
232 2708 274 2735 ll.).
285 2720 316 2724 —
329 2708 360 2730 De
377 2708 444 2730 oculo
462 2708 536 2730 varnis
554 2710 576 2729 et
592 2707 686 2730 rationis
703 2709 744 2731 csr.
761 2715 830 2737 supra
849 2709 964 2738 Breviloq.
978 2716 1001 2738 p.
1013 2710 1036 2732 ll.

191 2752 212 2768 c.
233 2746 267 2770 la.
285 2747 305 2768 in
324 2748 376 2769 line.
387 2759 419 2763 —
430 2747 524 2769 inferius
541 2747 652 2774 allegatur
669 2747 684 2769 Ι.
700 2746 754 2770 Cor.
771 2748 812 2775 43,
831 2748 910 2770 tz-
926 2748 1037 2776 Superius

191 2792 234 2813 pro
251 2786 284 2809 ad
300 2787 320 2809 te
338 2786 416 2814 plures
442 2786 509 2808 codd,
530 2785 554 2808 in
571 2787 604 2814 te,
624 2786 631 2808 1
653 2788 675 2809 et
693 2787 706 2808 2
723 2786 755 2809 ad
771 2788 792 2810 te
808 2788 830 2810 et
846 2787 869 2810 in
887 2789 915 2810 te.
934 2787 1037 2810 Subinde

191 2831 234 2853 pro
252 2825 366 2855 quonium
384 2826 400 2847 Λ
419 2826 549 2855 qnantum,
562 2825 581 2847 D
590 2825 607 2847 G
620 2831 666 2855 quo
679 2825 756 2854 morlo,
769 2828 791 2848 et
802 2832 844 2854 pro
858 2826 1036 2856 intelliyentmm

192 2865 209 2886 (j
220 2865 239 2887 M
258 2865 409 2888 intellectum.

253 2902 264 2916 ⁶
282 2905 341 2927 Vide
357 2905 461 2931 Aristot.,
479 2904 507 2927 de
525 2904 667 2927 Praedicam.
684 2912 703 2927 r.
721 2904 749 2928 (le
767 2905 873 2934 Quanto,
892 2906 930 2928 ubi
948 2907 1038 2936 quanti-

192 2943 230 2965 tati
248 2943 373 2967 conlinuae
390 2946 555 2966 annumeratur
573 2943 644 2971 linea,
661 2944 808 2972 superficies,
823 2951 921 2974 corpus,
934 2946 998 2968 locus
1014 2948 1037 2968 et

191 2985 298 3012 tempus;
316 2983 431 3007 ‹list-ream
449 2989 558 3006 numerus
576 2986 598 3005 et
622 2984 703 3007 oratio.
719 2996 750 3001 —
767 2985 889 3013 Quomodo
910 2986 1036 3008 memoriae

1876 171 1932 201 303

1088 250 1162 278 lucet
1183 250 1232 278 lux
1262 250 1384 279 veritatis
1405 251 1431 279 in
1460 251 1527 280 facie
1549 253 1658 280 nostrae
1685 251 1800 285 mentis,
1823 250 1850 279 in
1878 258 1933 287 qua

1088 297 1191 326 scilicet
1212 298 1368 334 resplendet
1388 298 1477 335 imago
1499 299 1670 327 beatissimae
1692 298 1843 327 Trinitatis.

1168 343 1240 372 Intra
1262 343 1345 380 igitur
1367 344 1399 372 ad
1422 348 1447 373 te
1475 348 1502 374 et
1524 345 1599 380 vide,
1621 345 1751 383 quoniam
1781 352 1858 373 mens
1886 347 1933 372 tua
1943 352 2075 377 τιωειμηι

1089 393 1171 418 amat
1186 390 1384 419 ferventissime
1399 392 1588 429 semetipsam;
1604 402 1653 421 uec
1675 401 1703 421 se
1719 394 1810 429 posset
1824 399 1933 425 amare,
1959 377 2060 400 ‘mmmm‘

1089 437 1139 467 nisi
1161 446 1190 466 se
1221 442 1330 471 nossem
1352 446 1401 467 nec
1428 440 1456 467 s'e
1478 443 1582 474 nosset,
1604 440 1654 468 nisi
1677 440 1719 468 sui
1740 439 1933 472 meminis-set,

1089 485 1155 522 quia
1175 485 1243 513 nibil
1264 485 1388 522 capimus
1409 493 1457 522 per
1479 486 1700 523 iutelligentimn,
1722 486 1795 524 quod
1818 494 1871 514 non
1900 485 1934 514 sit

1090 540 1220 569 praesens
1240 532 1313 569 apud
1329 535 1450 561 nostram
1472 534 1648 568 memoriam;
1665 537 1691 562 et
1712 543 1747 562 ex
1764 534 1815 562 hoc
1836 532 1934 561 adver-

1090 579 1139 614 tis,
1161 579 1280 608 animam
1302 582 1378 608 tuam
1400 579 1533 616 triplicem
1565 580 1665 609 habere
1694 581 1858 617 potentiam,
1881 588 1934 608 non

1089 627 1170 656 oculo
1197 627 1302 661 carnis,
1324 627 1479 655 sed'oculo
1508 627 1620 656 rationis
1634 629 1654 655 ⁴¹.
1676 628 1823 656 Considera
1850 627 1935 664 igitur
1953 635 2078 662 operationes

1090 674 1190 703 harum
1214 674 1298 702 trium
1327 674 1513 711 potentiarum
1534 675 1713 711 operationes·
1741 678 1767 703 et
1789 674 1935 703 ltabitudi-
1948 658 2078 708 ss‘enmiffii]

1090 729 1155 754 nes,
1178 722 1205 749 et
1226 720 1319 749 videre
1351 720 1453 757 poteris
1478 721 1564 749 Deum
1597 728 1646 757 per
1678 723 1703 749 te
1736 724 1865 758 tanquam
1886 728 1936 757 per
1949 705 2078 754 ssssissssiiissm

1091 766 1254 804 imaginem,
1285 767 1359 804 quod
1381 770 1421 796 est
1454 767 1546 796 videre
1574 775 1628 804 per
1655 767 1803 804 speculum
1832 767 1862 795 in
1890 776 1936 796 ae-

1091 814 1226 851 niqmale.

1170 862 1196 890 ⁰2.
1232 861 1366 899 Operatio
1394 864 1487 890 autem
1517 862 1674 890 memoriae
1701 865 1742 890 est
1767 862 1884 890 retentio
1910 864 1938 890 et
1950 871 1978 890 ne
1987 877 2000 898 οι
2013 870 2080 890 eratio-

1092 909 1308 945 repraesentatio
1327 917 1380 937 non
1396 909 1485 938 solum
1504 909 1718 946 praesentiam,
1738 908 1937 946 corporalium
1950 900 2060 945 nelh'gija

1092 958 1119 984 et
1140 956 1361 995 temporalium,
1384 964 1481 985 verum
1503 956 1584 985 etiam
1612 956 1840 990 succedentium,
1868 956 1938 984 Sim-
1951 944 2070 997 ,ᾞέῗξῖῗῖᾍῖἷ

1089 1002 1212 1039 plicium
1234 1006 1260 1031 et
1280 1003 1539 1041 sempiternalium.
1556 1020 1593 1024 —
1609 1003 1714 1032 Retinet
1742 1011 1861 1040 namque
1884 1010 1939 1031 me-

1093 1049 1181 1077 moria
1199 1050 1359 1086 praeterita
1375 1058 1429 1098 per
1451 1050 1684 1084 recordationem,
1701 1050 1869 1087 praesentia
1890 1058 1939 1086 per

1093 1096 1310 1132 susceptionem,
1331 1096 1439 1133 futura
1466 1105 1516 1133 per
1537 1097 1746 1134 praevisionem.
1772 1113 1808 1117 —
1834 1096 1940 1125 Retinet

1093 1142 1174 1170 etiam
1196 1142 1360 1179 Simplicia,
1382 1143 1453 1172 sicut
1481 1143 1615 1180 principia
1640 1143 1826 1180 quantitatum
1855 1143 1941 1171 conti*

1093 1197 1214 1217 nuarum
1245 1192 1273 1217 et
1298 1189 1482 1218 discretarum
1493 1189 1514 1224 ⁵,
1543 1192 1575 1218 ut
1602 1193 1750 1226 punctum,
1782 1190 1887 1218 instans
1915 1193 1942 1218 et

1093 1235 1243 1270 unitatem,
1265 1236 1323 1265 sine
1344 1236 1447 1273 quibus
1467 1236 1635 1273 impossibile
1653 1239 1694 1265 est
1716 1236 1873 1265 meminisse
1893 1239 1942 1265 aut

1093 1282 1213 1319 cogitare
1234 1290 1266 1311 ea
1287 1291 1358 1320 quae
1379 1283 1581 1320 principiantur
1604 1291 1652 1320 per
1674 1284 1749 1312 haec.
1774 1299 1810 1304 -
1836 1283 1942 1311 Retinet
1956 1293 2071 1313 solandum,

1093 1329 1273 1358 nihilominus
1293 1329 1485 1359 scientiarum
1504 1330 1657 1367 principia
1682 1334 1706 1358 et
1728 1330 1883 1368 cliynitates
1912 1333 1942 1358 ut

1092 1377 1311 1414 sempiternalia
1332 1380 1359 1406 et
1381 1377 1621 1414 sempiternaliter,
1643 1378 1709 1415 quia
1730 1386 1874 1415 nunquam
1895 1386 1943 1415 po-

1093 1427 1146 1453 test
1160 1424 1199 1453 sic
1219 1424 1342 1453 oblivisci
1358 1432 1472 1459 eorum,
1494 1425 1561 1453 dum
1576 1425 1681 1454 ratione
1703 1428 1808 1459 utatur,
1830 1425 1897 1462 quin
1913 1433 1945 1454 ea

1092 1471 1187 1500 audita
1208 1471 1342 1508 approbet
1373 1475 1401 1500 et
1426 1472 1465 1501 eis
1495 1472 1638 1506 assentiat,
1661 1480 1715 1500 non
1748 1475 1878 1509 tanquam
1910 1471 1944 1500 de

1093 1527 1164 1548 novo
1186 1519 1335 1556 percipiat,
1357 1518 1404 1548 sed
1420 1522 1551 1556 tanquam
1572 1519 1622 1548 sibi
1639 1519 1732 1548 innata
1752 1524 1779 1549 et
1800 1520 1944 1548 familiaria

1093 1569 1286 1603 recognoscat;
1308 1566 1380 1595 sicut
1401 1569 1490 1603 patet,
1512 1567 1533 1595 si
1556 1570 1727 1604 proponatur
1748 1567 1849 1596 alicui:
1877 1579 1890 1592 «
1904 1567 1942 1595 De

1093 1613 1216 1650 quolibet
1237 1613 1397 1647 affirmatio,
1414 1613 1456 1642 vel
1471 1614 1579 1651 negatio
1594 1625 1624 1648 »;
1640 1614 1698 1643 vel:
1719 1626 1733 1639 α
1747 1614 1838 1643 Omne
1853 1617 1943 1643 totum

1093 1663 1134 1689 est
1155 1661 1245 1690 maius
1265 1669 1316 1690 sua
1336 1664 1414 1698 parte
1426 1674 1453 1696 »,
1470 1662 1512 1690 vel
1527 1670 1719 1700 quaecumque
1737 1662 1791 1691 alia
1808 1662 1941 1699 dignitas,

1093 1707 1138 1736 cui
1160 1716 1214 1736 non
1234 1711 1276 1737 est
1297 1708 1485 1738 contradicere
1511 1721 1524 1734 «
1538 1709 1571 1737 ad
1593 1709 1710 1739 interius
1732 1710 1865 1738 rationem
1878 1709 1927 1737 ⁶».

1173 1754 1213 1783 Ex
1227 1755 1327 1792 prima
1342 1755 1426 1792 igitur
1442 1756 1594 1785 retentione
1609 1756 1708 1785 actuali
1727 1757 1851 1785 omnium
1873 1759 1942 1785 tem-
1967 1771 2012 1798 lude
2025 1771 2086 1795 mn.

1094 1802 1246 1839 poralium,
1268 1803 1482 1839 praeteritorum
1503 1803 1620 1838 scilicet,
1643 1805 1830 1840 praesentium
1852 1807 1879 1833 et
1899 1804 1942 1833 fu-
1955 1797 2085 1838 {Liegnissffiss

1095 1852 1237 1883 turorum,
1260 1849 1342 1878 habet
1356 1850 1474 1887 effigiem
1496 1851 1694 1885 aeternitatis,
1716 1851 1797 1880 cuius
1812 1858 1943 1888 praesens
1956 1843 2016 1866 “¹¹³³‘'
2030 1842 2071 1861 Dei·

1094 1896 1259 1926 indivisibile
1280 1897 1315 1926 ad
1335 1897 1428 1926 onmia
1449 1901 1573 1936 tempora
1594 1906 1623 1927 se
1644 1899 1777 1928 extendit.
1790 1915 1826 1919 —
1843 1898 1883 1926 Ex
1904 1907 1943 1926 se-

1095 1944 1193 1972 cunda
1213 1948 1343 1982 apparet,
1365 1945 1439 1982 quod
1460 1946 1519 1983 ipsa
1540 1955 1594 1975 non
1616 1947 1706 1975 solum
1729 1946 1812 1975 habet
1837 1946 1873 1974 ab
1895 1955 1942 1974 ca:-

1095 1991 1197 2020 teriori
1217 1991 1331 2020 formari
1346 2000 1395 2029 per
1417 1993 1624 2030 phantasmata,
1639 2002 1739 2023 verum
1756 1994 1838 2022 etiam
1860 2003 1879 2022 a
1893 2002 1942 2022 su-

1093 2038 1206 2076 periori
1230 2039 1403 2076 suscipiendo
1430 2044 1457 2069 et
1478 2041 1504 2069 in
1527 2049 1556 2070 se
1577 2041 1703 2070 habendo
1728 2041 1867 2078 simplices
1888 2041 1943 2070 for-

1096 2094 1169 2121 mas,
1185 2095 1256 2124 quae
1277 2096 1331 2116 non
1353 2091 1468 2125 possunt
1489 2089 1604 2118 introire
1625 2097 1675 2126 per
1694 2092 1787 2126 portas
1809 2097 1941 2118 sensuum

1095 2137 1123 2163 et
1147 2134 1319 2163 sensibilium
1348 2136 1537 2172 phantasias?
1561 2153 1598 2157 —
1624 2137 1664 2165 Ex
1697 2137 1781 2165 tertia
1812 2137 1941 2171 habetur,

1095 2274 1123 2296 sit
1140 2274 1256 2302 praevisio
1275 2276 1413 2302 futurorum,
1438 2275 1532 2303 exponit
1556 2276 1665 2304 August„
1683 2276 1734 2298 XV.
1752 2276 1782 2298 de
1800 2276 1862 2298 Trin.
1881 2282 1902 2298 e.
1918 2275 1941 2297 7.

1094 2319 1117 2335 n.
1136 2313 1180 2335 l3:
1194 2314 1238 2335 Ner
1255 2320 1282 2336 ex
1300 2315 1381 2337 suturis
1398 2315 1534 2343 praeterita,
1546 2315 1587 2338 sed
1606 2316 1680 2338 sutura
1697 2321 1724 2337 ex
1741 2315 1881 2343 praeteritis,
1893 2320 1939 2336 non

1095 2355 1172 2374 tamen
1189 2352 1255 2375 firma
1273 2352 1405 2381 cognitione
1417 2354 1577 2377 coniicimus...
1588 2354 1615 2376 Ut
1627 2354 1818 2382 praevideamus,
1830 2359 1877 2376 non
1889 2359 1940 2381 pro-

1094 2391 1196 2414 videntia
1214 2398 1257 2414 nos
1275 2392 1377 2420 insu-uit,
1394 2393 1435 2415 sed
1453 2393 1565 2415 memoria
1583 2396 1625 2415 etc.
1641 2405 1673 2410 -—
1696 2393 1790 2415 lnserius
1815 2399 1857 2421 pro
1882 2392 1939 2415 dum

1094 2430 1186 2454 ratione
1203 2431 1257 2454 edd.
1274 2435 1296 2454 ct
1312 2432 1399 2461 aliquot
1416 2433 1485 2455 codd.
1502 2432 1629 2456 dummodo
1648 2432 1749 2456 ratione.

1156 2468 1167 2482 ⁶
1184 2471 1212 2493 Ut
1228 2471 1259 2493 ait
1276 2471 1378 2499 Aristot„
1391 2472 1407 2494 l.
1424 2473 1510 2495 l'oster.
1527 2479 1546 2495 c.
1565 2473 1586 2495 8.
1604 2472 1633 2500 (‹·.
1652 2472 1711 2501 lo.),
1725 2472 1778 2494 huic
1795 2472 1888 2494 dictioni
1900 2478 1940 2500 op-

1095 2510 1205 2538 ponendo
1223 2511 1331 2539 alteram,
1348 2512 1395 2534 scil.
1417 2521 1427 2532 α
1440 2512 1469 2534 ad
1490 2512 1588 2535 exterius
1610 2512 1737 2534 orationem
1760 2508 1825 2541 (πρὸς
1842 2508 1881 2533 τὸν
1897 2509 1940 2537 ἔξω

1094 2548 1174 2579 λόγον)
1184 2559 1194 2570 »
1206 2568 1210 2577 ,
1223 2554 1390 2580 contraquam
1408 2552 1459 2574 licet
1470 2558 1562 2580 semper
1575 2551 1705 2574 instantiam
1723 2553 1749 2573 sex
1758 2557 1782 2573 re
1794 2551 1845 2577 (cfr.
1857 2554 1912 2573 tout.
1924 2551 1939 2573 1.

1094 2594 1148 2617 pag.
1168 2589 1225 2616 l55,
1237 2593 1290 2612 nota
1311 2591 1364 2619 10,).
1382 2591 1445 2618 Vat.,
1458 2591 1484 2618 3,
1498 2591 1510 2613 4
1529 2597 1582 2613 cum
1600 2590 1705 2619 pluribus
1722 2590 1791 2613 codd.
1805 2589 1939 2613 [ulmz'ttitur

1094 2628 1194 2652 ratione.
1205 2641 1236 2645 —
1247 2629 1321 2652 Prima
1334 2630 1446 2657 dignitas:
1459 2630 1488 2652 do
1499 2629 1603 2659 quolibet
1619 2629 1740 2652 affirmatio
1757 2632 1808 2657 etc„
1819 2628 1939 2651 exhibetur

1094 2667 1124 2689 ab
1141 2668 1246 2696 Aristot.‚
1257 2669 1294 2691 lV.
1311 2670 1410 2697 Metapli.
1427 2672 1480 2692 text.
1498 2669 1535 2692 15.
1553 2670 1595 2697 (lli.
1612 2675 1632 2692 c.
1650 2669 1694 2697 4.);
1706 2668 1808 2691 secunda
1826 2669 1939 2696 colligitur

1094 2714 1121 2730 ex
1139 2709 1167 2730 V.
1185 2709 1283 2737 ltletaph.
1302 2712 1353 2732 text.
1372 2710 1410 2732 30.
1426 2716 1476 2738 seq.
1494 2709 1540 2738 (lv.
1564 2715 1584 2732 c.
1607 2709 1645 2732 25.
1669 2710 1736 2739 seq.).
1753 2722 1784 2726 —
1800 2710 1842 2732 Per
1867 2708 1938 2731 verba

1094 2747 1201 2775 superius
1218 2748 1306 2777 posita:
1329 2757 1339 2769 ‹
1351 2749 1408 2778 quin
1426 2755 1451 2771 ea
1469 2749 1546 2772 audita
1564 2748 1700 2777 approbet»
1721 2751 1772 2776 οἱα,
1789 2749 1909 2777 respicitur
1926 2755 1938 2770 a

1093 2787 1188 2809 Boethio
1205 2787 1258 2810 (lata
1276 2791 1298 2811 et
1314 2795 1384 2817 supra
1402 2795 1456 2817 pag.
1474 2788 1517 2816 79,
1529 2792 1583 2811 nota
1601 2790 1623 2811 6.
1639 2789 1704 2811 allata
1722 2788 1824 2811 delinitio
1837 2794 1937 2811 commu-

1093 2826 1130 2849 nis
1147 2826 1223 2849 animi
1239 2827 1408 2857 conceptionis,
1428 2828 1502 2857 qualis
1519 2828 1647 2850 secundum
1673 2828 1772 2855 Euclid.,
1790 2829 1805 2850 l.
1822 2828 1937 2854 Geomet.,

1093 2869 1142 2889 est:
1159 2867 1232 2889 Omne
1249 2870 1322 2889 totum
1339 2870 1374 2890 est
1390 2868 1465 2890 maius
1481 2874 1522 2890 sua
1540 2871 1605 2896 parte
1623 2868 1656 2896 (n.
1673 2868 1713 2896 9.).

1155 2905 1164 2918 ⁷
1182 2906 1229 2930 Csr.
1245 2907 1269 2930 ll.
1287 2908 1348 2930 Sent.
1366 2908 1389 2930 d.
1407 2908 1444 2930 39.
1461 2914 1483 2931 a.
1501 2909 1522 2930 i.
1538 2914 1561 2937 q.
1579 2909 1601 2931 2.
1619 2908 1640 2930 iu
1658 2908 1703 2930 llne
1721 2911 1741 2930 et
1754 2908 1791 2930 lv.
1802 2908 1826 2930 d.
1838 2907 1874 2929 49.
1886 2913 1910 2935 p.
1922 2907 1936 2928 l.

1093 2953 1116 2976 q.
1133 2948 1156 2969 2.
1173 2946 1203 2969 ad
1221 2947 1269 2970 4-3.
1285 2959 1316 2964 -
1333 2947 1365 2970 De
1382 2953 1431 2976 seq.
1448 2947 1607 2976 propositione
1623 2947 1677 2969 vido
1702 2953 1772 2975 supra
1798 2947 1890 2975 Quaest.
1908 2946 1936 2968 de

1092 2986 1187 3008 scicntia
1204 2985 1300 3014 Christi,
1317 2993 1340 3015 q.
1358 2986 1380 3009 4.
