2285 3398
800 183 1041 213 PROLEGOMENA
1062 184 1089 212 C.
1112 184 1165 213 ΧΙΙ.
1801 188 1850 216 le

506 260 556 284 XX.

107 357 142 381 Hx
157 357 270 381 Boniiaoii
288 357 314 380 de
330 356 390 381 Cave
407 357 457 381 Ord.
476 356 533 380 Min.
550 363 625 387 opere:
638 356 792 380 Pinnamenta.
803 355 874 380 trium
885 355 951 379 Ordi—

170 411 223 428 niun
239 404 367 429 beatissimi
385 404 463 428 Patris
479 404 553 428 nostri
575 404 705 435 l‘rnnoimi,
727 404 828 434 impl-ess.
851 403 949 428 Parisiis

168 460 206 477 sn.
225 452 293 476 1612.

170 550 189 571 l.
206 548 301 577 Scripsit
317 555 387 577 snper
403 550 502 577 quatuor
519 547 684 569 Sententiarum
702 545 772 568 libros
793 546 861 568 valde
886 551 949 573 egre-

105 597 154 625 gie,
172 596 306 624 praesernm
324 602 394 624 snper
410 594 547 618 secundum.

167 644 188 665 2.
205 642 299 670 Scripsit
316 643 384 665 etiam
402 642 492 670 pulcras
509 641 610 664 Postillas
626 647 696 669 super
713 641 806 663 Lucam.

164 689 186 712 3.
203 689 257 712 item
275 689 342 711 οἰίυιη
360 688 478 717 egregiam
496 693 565 716 super
583 688 713 710 iohannem.

166 737 186 760 4.
204 736 299 764 Scripsit
315 736 383 758 etium
402 736 525 758 Sermones
536 740 606 762 super
618 734 747 761 Evangeliis
759 736 781 756 et
793 733 897 762 Epistolis
908 733 947 755 do-

102 782 247 807 minicalibus
264 789 305 811 pcr
323 785 395 805 totum
412 788 507 804 annum.

164 830 185 853 5.
203 829 298 858 Scripsit
314 833 336 852 et
352 835 422 857 super
438 828 553 851 Genesim.

163 878 185 900 6.
202 878 257 900 ltem
275 883 344 905 super
362 876 520 899 Ecclesiastcn.

162 924 185 948 7.
202 925 256 948 item
273 924 443 952 Compendium
461 910 597 951 theologiae.

163 974 185 996 8.
202 973 257 995 item
275 965 372 1000 plurimo
393 970 539 1000 Quodlibeta.

161 1020 184 1042 9.
200 1019 292 1041 Praeter
309 1019 366 1041 haec
381 1021 459 1041 autem
480 1017 570 1046 scripsit
586 1017 646 1040 circa
669 1019 768 1040 trecenta
794 1022 865 1045 parva
888 1021 945 1044 opu·

98 1067 173 1095 scula,
184 1072 244 1095 quae
255 1066 323 1089 simul
335 1066 411 1088 iuncta
423 1065 489 1094 quasi
500 1067 600 1094 quatuor
612 1064 728 1087 volumina
741 1063 888 1086 mediocriter
898 1068 944 1085 ma-

99 1119 144 1142 gna
160 1113 284 1136 efficerent.

490 1183 531 1205 xx
536 1183 550 1205 l.

141 1257 426 1293 Gniielmiffimmreniii,
444 1260 553 1285 Canonioi
569 1259 693 1291 Spirensis.
711 1259 835 1290 impressus
852 1257 900 1282 ruit

386 1307 507 1338 catalogus
523 1315 561 1332 an.
582 1306 650 1331 1585.

159 1397 181 1420 vl.
197 1388 292 1424 Scripsit
308 1395 410 1424 graviter
426 1397 448 1418 et
464 1395 557 1423 copiose
574 1394 595 1416 in
613 1392 728 1422 primum,
744 1392 886 1421 secundum,
898 1394 939 1415 ter-

94 1443 152 1466 tium
168 1446 191 1466 et
207 1446 315 1472 quartum
333 1442 510 1465 Sententiarum.

157 1492 179 1514 2.
196 1490 377 1519 Breviloquium.

157 1537 178 1559 3.
196 1536 355 1565 Soliloquium.

156 1583 178 1606 4.
194 1583 228 1606 De
244 1583 306 1611 ligno
323 1582 392 1605 vitae.

145 1631 177 1653 -5.
194 1629 371 1659 Centiloquium.

155 1678 177 1700 6.
197 1677 230 1700 De
245 1677 352 1705 passione
369 1676 468 1699 Domini.

152 1724 177 1753 7.
194 1724 226 1747 De
242 1718 456 1747 illuminationibus.

154 1772 177 1795 8.
194 1772 226 1794 De
242 1772 344 1801 quinque
362 1772 423 1794 restis
440 1771 545 1794 infantiae
560 1770 652 1794 Christi.

154 1819 176 1841 9.
193 1818 225 1841 De
241 1821 330 1847 septem
347 1819 415 1841 donis
431 1818 530 1846 Spiritus
547 1818 569 1840 S.

154 1865 190 1888 10.
208 1865 240 1888 De
256 1865 386 1888 excellentia
403 1864 553 1887 eucharistiae
569 1864 599 1887 ad
616 1864 713 1886 Fratres.

154 1912 162 1934 -i
172 1912 191 1935 t.
207 1911 376 1940 Compendium
394 1911 572 1940 Scripturarum.

153 1959 190 1982 12.
210 1959 242 1982 De
258 1961 347 1987 septem
365 1957 476 1986 gradibus
492 1957 699 1986 contemplationis.

153 2007 190 2029 ⁴3.
207 2007 239 2029 De
255 2007 336 2029 decem
354 2006 490 2034 praeceptis.

152 2054 190 2077 ⁴4.
207 2054 239 2077 De
255 2054 362 2077 sandaliis
378 2053 548 2081 Apostolorum.

152 2102 188 2124 ⁴5.
206 2102 229 2124 ln
247 2101 397 2130 Evangelium
415 2101 499 2123 Lucae.

151 2149 187 2171 46.
205 2149 227 2172 ln
245 2148 396 2177 Evangelinm
414 2148 510 2171 loannis.

151 2196 186 2219 ⁴7.
204 2196 227 2219 ln
243 2195 351 2218 Genesim
368 2195 559 2218 Commentarios.

151 2243 188 2266 ⁴8.
204 2242 324 2266 Visionum
342 2242 412 2265 libros
429 2244 526 2270 septem.

150 2290 187 2313 1¹9.
203 2290 299 2319 Aliaque
316 2290 381 2318 plura
398 2289 481 2317 ingenii
494 2289 529 2312 sui
541 2292 691 2312 monumenta
703 2289 816 2312 Ecclesiae
827 2289 869 2312 Dei
879 2295 930 2318 pro-

87 2338 162 2360 futuru
179 2336 278 2362 reliquit.

472 2429 542 2452 xxn.

313 2523 404 2548 ioannis
420 2523 537 2547 nancisei
554 2523 580 2547 tle
594 2523 697 2548 PsviniS·

145 2619 247 2643 liabetur
264 2620 286 2642 in
302 2620 352 2643 eius
368 2619 485 2642 Relatione
501 2617 531 2641 ad
548 2618 635 2641 Sixtum
652 2619 689 2642 lV.
700 2619 760 2642 circa
778 2620 927 2644 canonizatio-

83 2672 137 2689 nem
153 2666 178 2689 B.
195 2667 381 2696 Bonaventurae,
398 2669 457 2695 part.
473 2665 488 2688 l.
505 2668 548 2688 art.
565 2665 587 2688 2.

146 2714 168 2737 i.
185 2714 259 2742 Super
275 2712 345 2736 libros
362 2713 539 2736 Sententiarum.

145 2761 166 2783 2.
184 2760 258 2789 Super
273 2763 373 2790 quatuor
388 2759 519 2788 Evangelia.

144 2808 165 2831 3.
182 2807 351 2837 compendium
368 2808 505 2836 theologiae.

144 2855 165 2878 4.
182 2855 281 2878 Libellus
297 2855 450 2879 instructionis
466 2855 609 2878 Novitlorum
626 2856 708 2879 minor.

143 2902 164 2924 5.
181 2901 280 2924 Libellus
297 2901 390 2925 maioris
406 2901 564 2925 introductorii
580 2901 729 2926 Novitiorum.

143 2949 165 2971 6.
181 2948 301 2977 Apologia.

141 2995 164 3018 7.
180 2994 255 3019 Arbor
271 2995 339 3019 vitae.

1072 263 1094 285 8.
1112 262 1144 285 Ad
1163 263 1263 285 Fratrem
1282 263 1456 286 innominatum.

1071 310 1092 333 9.
1111 310 1142 332 De
1159 309 1263 338 partibus
1279 311 1364 334 domus
1381 311 1509 339 religiosae.
1527 312 1595 339 incip.
1614 312 1700 342 Reliqio
1717 313 1816 336 mundo.

1074 358 1107 380 10.
1125 357 1233 385 Dialogus
1251 357 1427 387 (Soliloquium).

1073 405 1107 427 il.
1123 404 1300 434 Centiloqnium.

1073 453 1106 474 12.
1124 452 1156 474 De
1173 452 1218 474 vita
1236 451 1328 475 Christi.

1072 499 1106 521 13.
1124 499 1156 521 Dc
1173 499 1278 526 passione
1295 498 1385 524 Christi.

1069 546 1104 569 114.
1123 546 1219 574 Ep3siola
1238 546 1267 568 nd
1285 547 1415 569 illis-haclea]
1434 547 1596 574 imperatorem
1607 547 1650 576 (i).

1068 592 1103 614 15.
1122 592 1155 615 Ad
1173 599 1239 615 sunm
1257 599 1360 615 sororem
1377 593 1406 615 ‹lo
1424 593 1563 616 philomena.

1071 640 1104 663 16.
1122 640 1188 662 Aliud
1205 640 1374 668 Compondium
1394 640 1506 668 passionis
1522 640 1613 663 Christi.

1068 688 1105 710 17.
1123 688 1219 716 Epistola
1238 688 1265 710 ad
1290 689 1397 710 Sororem
1416 689 1439 711 S.
1458 688 1537 710 Clarae
1564 689 1605 717 (Do
1628 689 1768 716 perfectione
1790 690 1851 712 vitae

1003 735 1032 758 ad
1051 736 1162 764 Sorores).
1534 728 1536 731 “

1067 783 1103 806 1l8.
1122 782 1153 805 De
1170 783 1353 808 consideratione
1371 784 1551 813 (Fascicular.?).

1067 830 1103 852 19.
1121 829 1154 852 De
1171 830 1324 853 meditatione.

1065 876 1103 899 20.
1120 877 1265 900 Encliiridion
1282 884 1323 900 seu
1340 877 1452 901 Cumnlus
1469 877 1611 901 Orationum.

1065 923 1102 946 21.
1120 923 1151 946 De
1169 924 1282 947 divisione
1299 930 1377 947 rerum
1395 925 1504 947 universi.

1064 971 1102 994 22.
1119 971 1152 994 De
1168 974 1267 1001 quatuor
1283 972 1395 1000 operibus
1411 972 1589 1000 Religiosorum.

1064 1019 1101 1041 23.
1119 1020 1249 1042 Sermones.

1063 1066 1101 1089 24.
1119 1066 1272 1095 sophismata.

1063 1113 1101 1135 25.
1118 1113 1150 1135 De
1166 1113 1247 1136 decem
1265 1113 1402 1142 praeceptis.

1063 1159 1100 1182 26.
1117 1159 1192 1188 Super
1209 1160 1366 1183 Ecclesiasten.

1062 1206 1099 1229 27.
1116 1207 1191 1235 Super
1207 1207 1301 1229 Lucam.

1062 1255 1100 1276 28.
1118 1253 1247 1276 itinerarius
1264 1253 1347 1278 mentis
1363 1253 1386 1275 in
1403 1253 1476 1275 Deum
1493 1256 1516 1275 et
1533 1253 1555 1275 in
1572 1259 1596 1276 se
1614 1253 1698 1282 ipsum.

1061 1301 1098 1324 29.
1115 1301 1230 1323 Pharetra.

1060 1348 1098 1370 30.
1115 1348 1148 1370 De
1164 1348 1257 1370 stimulo
1273 1347 1368 1370 amoris.

1059 1394 1097 1417 311.
1114 1394 1275 1417 Defensorium
1292 1393 1385 1417 Ordinis
1402 1393 1587 1417 Mendicnntium.

1059 1441 1097 1464 32.
1116 1441 1245 1470 Legendae.

1059 1488 1096 1511 33.
1114 1488 1201 1511 Oillria.

1058 1536 1096 1559 34.
1113 1535 1188 1559 Arbor
1204 1536 1292 1559 Crucis.

1058 1583 1095 1606 35.
1114 1584 1147 1606 De
1163 1586 1251 1612 septem
1269 1583 1405 1606 visionibus.

1058 1631 1097 1654 36.
1113 1631 1145 1653 De
1162 1638 1201 1654 sex
1217 1631 1259 1655 alis
1276 1631 1406 1660 Seraphim.

1057 1678 1094 1701 37.
1112 1679 1138 1701 Et
1154 1684 1225 1707 quam
1243 1679 1341 1707 plurima
1357 1678 1408 1701 alia.

1378 1771 1458 1794 XXlll.

1044 1860 1079 1889 lix
1096 1865 1196 1889 Mariani
1213 1865 1340 1889 florentini
1358 1867 1387 1895 Η-
1404 1865 1473 1896 1523)
1491 1865 1609 1890 Peseionlo
1626 1866 1786 1892 caronieorum

1185 1912 1276 1936 Ordinis
1292 1913 1418 1944 Minoi-um,
1435 1912 1476 1937 lib.
1495 1913 1524 1937 11.
1542 1920 1592 1944 οη.
1607 1914 1645 1938 25.

1054 2008 1075 2030 l.
1092 2007 1199 2035 Legenda
1217 2008 1290 2030 maior
1306 2011 1329 2030 et
1346 2014 1421 2030 mmor
1438 2008 1461 2031 S.
1478 2008 1598 2032 Francisci.

1052 2055 1074 2077 2.
1091 2055 1232 2077 itinerarium
1251 2055 1333 2078 mentis
1350 2055 1372 2078 in
1391 2055 1472 2078 Deum.

1052 2103 1074 2125 3.
1091 2103 1231 2126 itinerarium
1250 2103 1332 2126 mentis
1350 2104 1372 2126 in
1389 2110 1414 2126 se
1432 2104 1513 2132 ipsam.

1052 2150 1073 2173 4.
1092 2150 1249 2178 expositiones
1266 2151 1359 2179 pulcrae
1375 2151 1398 2174 in
1415 2152 1520 2180 regulam
1538 2152 1641 2176 Fratrum
1658 2153 1780 2177 Minorum.

1051 2198 1073 2220 5.
1090 2197 1200 2226 Apologia
1223 2198 1354 2226 pauperum
1377 2198 1490 2221 adversus
1507 2199 1643 2228 magistrum
1666 2201 1784 2224 Giraldum
1806 2201 1836 2224 de

987 2243 1083 2267 Abbatis
1100 2245 1164 2272 Villa,
1181 2245 1333 2268 Parisienseni
1350 2246 1478 2269 doctorem.

1050 2292 1071 2315 6.
1089 2292 1208 2315 Tractatns
1224 2299 1266 2321 per
1283 2293 1379 2316 modum
1398 2294 1511 2322 Epistolae
1527 2295 1556 2317 ad
1579 2296 1747 2319 innominatum
1765 2297 1835 2325 Magi-

986 2342 1059 2362 strum
1076 2346 1147 2369 snper
1163 2340 1270 2364 articulos
1287 2341 1396 2369 Regulae.
1414 2342 1482 2370 incipv
1501 2341 1630 2372 Propone,
1648 2343 1780 2367 carissime.

1048 2386 1072 2409 7.
1088 2386 1199 2415 Libellus,
1217 2387 1240 2410 in
1260 2393 1308 2417 quo
1330 2388 1467 2411 determinat
1483 2389 1513 2411 27
1530 2389 1677 2418 quaestiones
1699 2396 1770 2418 super
1791 2391 1834 2412 Re-

985 2434 1072 2462 gulam.
1088 2434 1157 2463 incip.
1175 2434 1234 2458 Cum
1251 2434 1311 2458 inter
1328 2434 1388 2458 alios
1407 2434 1515 2459 Ordines.

1048 2482 1071 2504 8.
1088 2481 1208 2504 Tractatns
1224 2481 1392 2509 determinans,
1408 2488 1481 2511 quare
1493 2483 1574 2505 fratres
1586 2483 1682 2506 Minores
1699 2483 1831 2512 praedicent

985 2530 1007 2551 et
1023 2528 1178 2550 consessiones
1195 2528 1298 2551 audiant.

1047 2575 1069 2597 9.
1086 2575 1149 2598 Alius
1165 2575 1195 2598 de
1212 2578 1347 2604 paupertate
1358 2575 1440 2599 Christi
1452 2579 1531 2599 contra
1543 2577 1680 2605 magistrum
1692 2577 1829 2600 Gulielmnm

983 2622 1013 2645 de
1030 2622 1113 2645 Sancto
1129 2623 1223 2646 Amore.

1047 2669 1083 2692 lt).
1100 2669 1221 2698 Quaestio,
1238 2672 1315 2692 utrum
1337 2669 1441 2693 Christus
1460 2674 1483 2694 et
1504 2671 1605 2700 Apostoli
1629 2671 1761 2694 incesserint
1783 2671 1829 2693 dis-

982 2715 1083 2739 calceati.

1045 2762 1082 2785 il.
1098 2762 1262 2786 Commentarii
1279 2770 1349 2793 super
1366 2767 1466 2794 quatuor
1482 2764 1553 2787 libros
1570 2765 1750 2794 Sententiarum,
1767 2771 1826 2794 quos

980 2811 1104 2833 luculenter
1120 2812 1237 2840 exposuit,
1254 2811 1389 2841 praesertim
1405 2811 1533 2835 secundum
1549 2815 1572 2835 et
1588 2814 1705 2841 quartum.

1044 2858 1080 2880 ⁴2.
1097 2857 1267 2887 Compendium
1287 2859 1411 2882 metricum
1433 2865 1503 2888 super
1524 2858 1619 2882 eosdem
1641 2858 1712 2883 libros
1733 2860 1826 2883 Senten-

980 2905 1072 2928 tiarum.

1042 2952 1080 2975 13.
1096 2952 1211 2981 Expositio
1228 2953 1322 2982 copiosa
1339 2956 1361 2976 et
1372 2954 1433 2976 utilis
1443 2959 1514 2982 super
1525 2953 1662 2982 Evangelia,
1673 2954 1749 2977 Lucae
1760 2959 1824 2981 prae·

978 2999 1065 3021 sertim.
