2285 3398
357 240 414 269 496

357 323 398 348 est
417 318 484 356 sons
507 318 580 347 citae
595 319 646 346 ete.
663 317 688 346 Si
705 317 801 345 lumen
821 316 975 345 oculorum
996 316 1115 352 hahetis,
1136 326 1203 355 pru-

356 367 453 396 denter
474 365 567 403 agetis.

438 415 480 442 ll.
504 413 549 441 Hie
570 415 612 441 est
643 412 798 441 intellectus
829 411 1012 449 prudentialis
1037 411 1155 448 triplex,
1177 414 1204 441 et

215 462 404 499 nmmum-qui
426 470 480 490 non
503 461 585 489 habet
606 460 691 489 istum
713 460 882 489 intellectum
909 459 1056 488 rectificari
1077 467 1131 488 non
1156 468 1204 497 po-

237 494 319 511 mamm.
357 511 416 538 test.
440 508 515 537 Unde
536 507 703 536 scribitur¹:
730 507 805 536 Gens
837 507 944 546 absque
975 506 1095 535 consilio
1119 510 1158 535 est
1179 510 1205 536 et

355 556 417 584 sine
435 555 597 593 prudentia
604 565 615 588 ,·
638 555 752 584 utinam
774 558 910 592 saperent
923 557 949 582 et
963 553 1151 591 intelligerent
1169 562 1204 582 ac

354 603 516 631 novissima
534 602 729 640 providerent.
756 602 854 639 Tangit
869 605 926 631 tres
940 604 1033 639 partes
1051 601 1204 639 intelligen-

355 650 417 684 tiae,
432 650 535 679 scilicet
545 650 719 679 memoriam
731 650 971 687 praeteritorum,
988 648 1204 686 intelliyentiam

351 697 554 734 praesentium
568 700 596 726 et
610 697 896 734 circumspectionem
916 695 1101 733 futurorum.
1114 713 1152 716 —
1163 696 1204 725 In-

246 753 341 777 Epilogus.
355 744 481 774 tellectus
496 745 546 773 iste
565 747 606 773 est
621 745 717 782 regula
732 744 1025 781 circumspectionum
1043 743 1204 772 moralium

354 799 419 820 cum
433 791 570 820 desiderio
584 792 675 820 cordis
695 795 723 820 et
743 791 937 829 prosecutione
951 790 1056 828 operis,
1076 793 1107 819 ut
1122 791 1204 820 homo

354 838 523 873 consideret,
542 839 608 876 quid
624 839 660 867 sit
674 839 833 873 vitandum,
849 838 915 876 quid
931 838 1081 875 agendum,
1096 840 1123 866 et
1138 838 1204 875 quid

353 886 579 923 exspectandum.
602 886 676 915 Deus
698 886 771 915 enim
792 886 838 915 dat
861 886 943 915 istum
969 886 1155 920 intellectum,
1177 888 1205 915 et

352 936 393 962 est
404 933 508 962 donum
522 933 579 962 Dei.
596 933 671 963 Unde
688 934 810 963 Psalmus
822 934 845 961 ²:
861 933 1038 962 Intellectum
1058 933 1109 962 tibi
1129 932 1204 962 dabo

352 984 377 1008 et
398 981 547 1009 instruam
569 984 593 1010 te
614 981 645 1010 in
666 981 716 1010 via
737 980 809 1016 ltac,
831 990 891 1020 qua
911 980 1070 1018 yradieris.

437 1030 479 1057 12.
502 1029 577 1058 Alius
598 1032 639 1058 est
660 1029 832 1063 intellectus,
855 1029 902 1066 qui
931 1031 973 1057 est
993 1029 1088 1057 ianua
1110 1028 1203 1057 eonsi-

211 1085 257 1104 pffls
278 1085 299 1104 u.
318 1077 540 1105 Dedercttionum
561 1076 774 1111 scientialium,
796 1076 830 1105 de
852 1085 907 1113 quo
939 1076 1041 1105 dicitur
1063 1076 1090 1104 in
1113 1076 1203 1105 Eccle—

212 1109 498 1153 {Z'ffissecssgnffisiasticoQ
522 1125 556 1153 In
588 1123 735 1153 thesauris
765 1124 926 1161 sapientiae
957 1123 1115 1152 intellectus
1137 1126 1202 1157 etc.;

211 1156 344 1199 siitttlssffi.
354 1171 406 1199 hoc
427 1174 469 1200 est
489 1171 596 1205 dicere,
612 1171 686 1208 quod
708 1170 832 1199 thesauri
848 1170 1000 1199 absconditi
1016 1170 1145 1199 scientiae
1160 1170 1203 1198 vel

352 1219 508 1247 consistunt
527 1218 554 1246 in
584 1218 738 1255 cognitione
769 1226 935 1247 causarum
966 1218 1202 1251 altissimarum,

353 1266 395 1294 vel
417 1265 652 1300 conclusionum,
674 1265 718 1294 vel
730 1265 959 1302 principiorum.
983 1265 1013 1293 Et
1034 1267 1143 1302 oportet
1164 1264 1203 1293 fo-

353 1313 419 1342 dere
439 1321 488 1350 per
510 1313 632 1342 studium
654 1313 794 1347 veritatis,
823 1315 855 1341 ut
877 1313 960 1341 homo
981 1312 1015 1341 ad
1036 1313 1120 1341 istum
1143 1313 1203 1341 the-

353 1369 469 1389 saurum
490 1360 641 1399 perveniat.
664 1377 700 1381 —
723 1360 775 1389 Iste
796 1358 965 1394 intellectus,
988 1360 1036 1397 qui
1058 1363 1099 1389 est
1120 1360 1204 1389 ianua

212 1441 216 1444 .
234 1417 315 1449 Jripiezx
353 1408 604 1437 considerationum
625 1408 824 1442 scientialium,
846 1408 946 1444 partim
961 1410 1033 1436 esta
1046 1407 1204 1436 dictamine

212 1446 340 1465 ¹⁹³¹⁰³⁰s¹³⁰'
353 1458 494 1489 naturae,
517 1455 544 1483 id
569 1457 609 1483 est
631 1463 646 1483 a
668 1454 771 1483 lumine
793 1454 928 1483 interiori
934 1465 943 1488 ;
964 1455 1065 1492 partim
1086 1463 1122 1484 ex
1143 1453 1203 1492 fre-

354 1502 472 1540 quentia
501 1502 710 1539 experientiae,
733 1502 804 1531 sicut
825 1510 841 1530 a
872 1502 976 1530 lumine
997 1502 1154 1535 earteriori,·
1176 1505 1203 1531 et

354 1550 455 1587 partim
476 1557 511 1579 ex
534 1549 728 1578 illustratione
757 1549 831 1578 lucis
853 1552 1002 1583 aeternae,
1025 1550 1096 1578 sicut
1124 1557 1139 1577 a
1160 1550 1203 1578 lu-

355 1598 428 1626 mine
449 1597 605 1635 superiori.

436 1645 479 1674 13.
502 1645 580 1681 Quod
601 1645 635 1673 sit
657 1645 757 1682 partim
779 1652 815 1673 ex
837 1644 983 1673 dictamine
1005 1646 1135 1677 naturae,
1157 1651 1204 1680 pa-

223 1695 394 1729 ,erimopmj-tet
424 1692 451 1721 in
480 1692 669 1721 Ecclesiastico
681 1693 701 1726 4,
723 1692 772 1721 ubi
802 1691 920 1720 dicitur:
951 1691 1027 1719 Deus
1058 1690 1092 1718 de
1124 1694 1204 1718 terra

213 1727 465 1769 ss¹=2¹1152²2³13¹ssc7·ect0it
484 1739 643 1774 bominem,
670 1739 774 1768 scilicet
804 1741 941 1776 quantum
971 1738 1003 1766 ad
1036 1745 1151 1774 corpus,
1180 1740 1204 1765 el

215 1776 273 1792 ‘¹⁸³⁹‘
354 1788 514 1816 secundum
529 1787 687 1824 imaginem
701 1795 790 1815 suam
803 1785 871 1824 fecit
886 1785 982 1819 illam,
998 1785 1101 1814 scilicet
1116 1793 1204 1822 quan-

355 1838 415 1863 tum
436 1832 470 1862 ad
491 1834 619 1862 animam.
642 1833 789 1870 Sequitur:
814 1832 930 1861 Creaoit
949 1840 983 1860 eac
1005 1832 1067 1869 ipso
1089 1832 1203 1860 adiuto-

357 1882 437 1910 rium
457 1881 550 1910 simile
571 1880 641 1915 sibi;
663 1880 817 1909 consilium
848 1883 874 1908 et
905 1879 1039 1917 linquam
1061 1882 1086 1907 ct
1106 1879 1204 1907 oculos

355 1933 379 1957 et
401 1937 490 1957 aures
511 1933 536 1957 et
556 1937 606 1957 cor
634 1928 710 1957 dedit
741 1928 798 1956 illis
827 1927 1028 1965 excoqitandi,
1061 1930 1087 1955 ct
1117 1927 1203 1956 disci-

353 1976 438 2013 plina
459 1976 614 2005 intellectus
636 1975 751 2013 replevit
773 1975 844 2003 illos.
867 1975 919 2003 Dat
940 1974 1109 2011 intelligere,
1129 1974 1203 2011 quod

356 2024 447 2052 anima
478 2024 599 2052 humana
630 2026 687 2052 tres
718 2022 800 2051 habet
831 2022 1020 2059 operationes,
1049 2021 1203 2050 secundum

356 2071 430 2108 quod
450 2074 492 2100 est
522 2071 581 2100 eius
609 2071 731 2108 potentia
762 2073 788 2099 et
813 2069 945 2106 operatio.
973 2069 1092 2097 «Omnis
1113 2069 1204 2104 anima

356 2118 455 2147 nobilis
469 2121 526 2147 tre-s
541 2118 623 2146 habet
637 2117 810 2154 operationes
822 2117 832 2133 ⁵
844 2129 871 2151 »‚
893 2116 996 2153 quibus
1017 2123 1046 2144 se
1068 2115 1204 2144 convertit

357 2174 441 2203 super
472 2174 579 2202 corpus
606 2173 711 2199 suum,
733 2172 818 2201 super
849 2172 878 2192 se
908 2166 935 2192 et
955 2163 989 2192 ad
1017 2163 1128 2191 diuina.
1152 2163 1204 2191 Ali-

357 2213 467 2251 quando
488 2213 623 2242 convertit
645 2220 673 2241 se
705 2219 789 2249 super
817 2219 940 2248 corpus:
970 2210 1053 2239 habet
1081 2210 1204 2247 linguam

357 2261 390 2290 ad
412 2261 597 2298 loquendum,
619 2267 702 2289 aures
723 2259 757 2288 ad
778 2258 946 2287 audiendum
969 2262 1033 2292 etc.;
1056 2257 1205 2295 aliquando

358 2309 493 2338 convertit
521 2317 549 2337 se
571 2316 654 2345 super
676 2316 722 2340 se,·
747 2306 894 2344 aliquando
924 2306 958 2334 ad
990 2305 1204 2343 intelliqeiulum

910 237 953 265 DE
975 237 1074 266 DONIS
1095 238 1239 267 SPIRITUS
1261 238 1285 265 S.
1308 236 1471 265 COLLATIO
1492 236 1555 265 VIII.

1261 319 1286 344 ct
1306 316 1536 353 cognoscendum
1565 315 1664 344 Deum.
1689 332 1724 336 -
1747 316 1778 344 Et
1804 316 1857 344 hoc
1887 319 1929 344 est
1957 316 2108 345 secundum

1262 363 1397 400 triplicem
1418 362 1664 392 considerationem
1685 363 1808 397 animae;
1824 362 2015 392 consideratur
2037 363 2109 392 enim

1260 411 1351 440 anima
1378 413 1410 439 ut
1430 410 1532 447 forma
1553 413 1580 439 et
1600 410 1732 447 perfectio
1757 410 1897 447 corporis,
1920 412 1952 438 ut
1977 409 2028 438 boc
2056 410 2110 439 ali-

1261 459 1331 498 quid
1342 458 1353 474 ‘³
1369 461 1395 486 et
1410 460 1441 486 ut
1457 458 1563 495 imago.
1580 474 1615 479 —
1630 458 1709 495 Quod
1731 457 1890 493 autemjste
1905 457 2062 486 intellectus
2077 458 2112 486 sit

1261 506 1362 544 partim
1383 514 1400 534 a
1427 499 1585 534 dictamine
1614 510 1759 539 naturae,
1781 508 1857 542 patet
1878 505 1905 533 in
1927 505 2023 539 Adam,
2046 504 2112 542 quia

1261 553 1389 583 omnibus
1421 553 1506 581 rebus
1537 553 1647 582 nomina
1677 553 1839 590 imposuit⁷.
1862 552 1914 581 Sed
1942 552 2017 589 quod
2038 552 2112 581 Deus

1261 609 1325 630 eum
1348 600 1465 638 replevit
1485 600 1641 637 disciplina
1663 600 1836 634 intellectus,
1858 599 1931 628 istud
1953 599 2005 628 suit
2026 599 2112 636 privi-

1262 649 1363 686 legium
1384 648 1459 682 eius;
1482 648 1556 677 unde
1577 657 1631 677 non
1661 652 1702 678 est
1724 649 1751 677 in
1782 648 1869 676 nobis.
1903 647 1998 676 Anima
2018 649 2111 676 autem

1262 699 1357 725 nostra
1378 695 1461 724 habet
1483 704 1569 732 supra
1596 703 1624 724 se
1652 695 1790 733 quoddam
1820 695 1913 723 lumen
1934 696 2051 722 naturae
2077 693 2112 722 si-

1261 746 1391 781 gnatum,
1414 751 1463 780 per
1485 743 1560 780 quod
1582 743 1681 772 habilis
1702 746 1744 771 est
1764 742 1797 771 ad
1819 741 2008 778 cognoscenda
2023 740 2113 777 prima

1262 790 1412 828 principia,
1435 790 1482 819 sed
1503 789 1573 818 illud
1593 790 1682 819 solum
1704 798 1758 818 non
1780 789 1898 823 sufficit,
1920 788 1998 825 quia,
2014 795 2112 816 secun-

1261 838 1327 867 dum
1343 837 1540 874 Philosophum
1552 837 1573 871 Β,
1590 849 1603 862 «
1614 837 1748 874 principia
1762 836 1967 873 cognoscimus,
1982 835 2010 863 in
2025 842 2113 872 quan-

1262 889 1321 915 tum
1343 885 1475 914 terminos
1497 885 1724 922 cognoscimus».
1741 884 1856 921 Quando
1871 883 1944 913 enim
1966 883 2031 917 scio,
2046 882 2113 919 quid

1261 936 1366 967 totum,
1388 932 1455 970 quid
1477 940 1555 969 pars;
1579 932 1669 961 statim
1698 932 1769 965 scio,
1791 931 1866 968 quod
1892 938 2001 959 «omne
2023 931 2111 958 totum

1261 981 1351 1009 maius
1372 983 1414 1009 est
1435 988 1486 1008 sua
1506 982 1622 1016 parte».

1344 1028 1386 1057 lli.
1410 1027 1536 1056 Secundo
1557 1027 1633 1061 dico,
1649 1027 1722 1065 quod
1738 1026 1837 1064 partim
1860 1028 1901 1054 est
1916 1034 1932 1054 a
1945 1024 2112 1063 frequentia

2157 1034 2243 1054 Secundo
2249 1050 2256 1057 ,

2119 1059 2187 1082 partim
2194 1058 2217 1077 ab
2225 1063 2255 1077 ex·

1263 1075 1477 1113 experientiae,-
1492 1075 1519 1103 iii
1536 1074 1724 1104 Ecclesiastico
1736 1074 1762 1102 9;
1786 1074 1835 1102 Vir
1852 1073 1883 1101 in
1897 1072 1998 1101 multis
2012 1080 2112 1109 emper·
2119 1082 2220 1106 perientia.

1262 1128 1309 1151 tus
1330 1126 1477 1160 cognoscet
1498 1122 1600 1151 multa.
1620 1122 1817 1159 Philosophus:
1845 1133 1858 1146 <r
1872 1121 1913 1150 Ex
1934 1119 2030 1149 multis
2050 1127 2113 1147 sen-

1260 1170 1342 1198 sibus
1363 1170 1393 1198 sit
1415 1178 1471 1198 uua
1491 1170 1652 1203 memoria;
1674 1178 1710 1198 ex
1732 1169 1827 1198 inultis
1849 1167 1998 1196 memoriis
2013 1167 2044 1195 fit
2058 1174 2115 1195 una

1260 1217 1456 1254 emper-tenum
1477 1225 1513 1246 ex
1537 1217 1631 1246 multis
1652 1216 1837 1255 experientiis·
1852 1216 1883 1244 sit
1899 1223 1987 1244 unum
2002 1214 2113 1243 univer-

1261 1265 1332 1299 sale,
1354 1264 1428 1301 quod
1450 1268 1491 1293 est
1512 1265 1680 1302 principium
1703 1264 1770 1293 artis
1791 1266 1818 1292 et
1840 1263 1969 1292 scientiae
1987 1274 2014 1290 ».

1345 1313 1386 1340 15.
1401 1312 1430 1340 Et
1442 1315 1701 1349 quantumcumque
1713 1312 1795 1340 homo
1808 1311 1907 1340 habeat
1918 1309 2058 1338 naturale
2069 1308 2114 1337 iu-

1260 1360 1439 1388 dicatorium
1452 1360 1555 1388 honum
1567 1362 1595 1388 et
1609 1367 1672 1388 cum
1687 1359 1740 1388 hoc
1755 1358 1952 1397 frequentiam
1966 1357 2114 1394 experien-

1261 1407 1331 1441 tiae,
1354 1415 1408 1435 non
1429 1406 1587 1440 sufficiunt,
1610 1406 1662 1435 nisi
1677 1406 1712 1435 sit
1726 1405 1884 1434 illustra-tio
1903 1413 1957 1442 per
1978 1403 2111 1432 divinam

1260 1454 1452 1491 influentiam.
1465 1454 1540 1483 Unde
1550 1454 1652 1483 dicitur
1664 1454 1690 1483 in
1704 1454 1815 1482 Daniele
1825 1453 1855 1480 ¹⁰:
1870 1453 1925 1481 Dal
1936 1451 2112 1489 sapientiam

1259 1501 1439 1538 sapientibus
1460 1505 1485 1530 et
1504 1501 1656 1530 scientiam
1672 1500 1894 1538 intelligentibus
1913 1498 2110 1536 disciplinam.

1261 1550 1325 1586 Ipse
1339 1549 1446 1577 revelat
1456 1548 1612 1586 profunda
1626 1552 1650 1577 et
1665 1548 1836 1577 abscondita
1854 1551 1880 1575 et
1900 1546 1978 1575 novit
1993 1546 2025 1575 in
2040 1549 2112 1574 tene-

1261 1595 1323 1624 bris
1337 1596 1493 1625 constituta
1499 1607 1508 1630 ,·
1520 1600 1544 1624 et
1556 1596 1607 1625 lunc
1619 1604 1686 1624 cum
1698 1605 1729 1624 eo
1743 1599 1791 1624 est.
1807 1595 1905 1632 Tangit
1916 1593 2111 1623 certitudinem

1261 1643 1472 1679 sapientialem,
1487 1643 1665 1672 seientialem
1686 1646 1714 1672 et
1728 1642 1954 1671 intellectualem.
1971 1641 2022 1670 Sed
2037 1640 2111 1669 unde

1262 1693 1303 1718 est
1324 1690 1376 1718 ista
1397 1690 1555 1718 certitudo?
1576 1690 1655 1719 Certe
1676 1699 1692 1718 a
1706 1691 1770 1719 Deo.
1787 1689 1986 1719 Certitudinem
2005 1688 2112 1725 sapien-

1263 1736 1355 1765 tialem
1383 1737 1485 1774 tangit,
1517 1744 1581 1765 cum
1612 1737 1690 1766 dicit:
1721 1738 1785 1774 Ipse
1816 1736 1922 1765 revelat
1946 1734 2110 1773 profunda.

1262 1784 1422 1821 Apostolus:
1445 1784 1508 1821 Ipse
1529 1783 1626 1812 illuxit
1647 1784 1678 1812 in
1699 1784 1837 1812 cordibus
1855 1783 1964 1812 nostris
1985 1782 2026 1811 ad
2047 1782 2112 1811 illu—

1262 1831 1451 1860 minationem
1472 1831 1609 1860 scientiae
1630 1831 1777 1860 claritatis
1801 1831 1858 1859 Dei.
1882 1831 1943 1858 Lux
1964 1830 2017 1858 ista
2041 1837 2113 1866 pura

1261 1882 1302 1908 cst
1323 1882 1350 1908 et
1371 1882 1412 1907 est
1426 1887 1491 1907 eum
1507 1887 1552 1911 co,-
1567 1879 1641 1907 unde
1656 1879 1683 1907 in
1698 1879 1812 1907 Ioanne:
1830 1878 1893 1915 Ipse
1907 1880 1946 1905 cst
1962 1877 2013 1905 lux
2027 1885 2112 1911 vera,

1261 1935 1336 1964 quae
1358 1926 1506 1955 illuminat
1524 1935 1635 1955 omnem
1651 1925 1794 1954 bominem
1819 1925 1973 1954 venientem
1990 1924 2021 1952 in
2036 1923 2113 1952 statne

1260 1974 1414 2003 mundum.
1437 1974 1535 2003 Nullus
1556 1974 1786 2003 certitudinaliter
1800 1973 1974 2002 illuminatur
1996 1972 2047 2000 nisi
2063 1979 2112 2008 per

1262 2022 1360 2059 ipsum.
1396 2022 1427 2050 Et
1448 2021 1617 2058 Augustinus
1638 2021 1744 2049 decimo
1765 2023 1865 2058 quarto
1886 2020 1919 2049 de
1944 2019 2111 2047 Trinitate1²

1261 2070 1385 2107 quaerit,
1407 2069 1480 2098 unde
1502 2069 1569 2102 hoc,
1602 2068 1677 2105 quod
1706 2069 1807 2105 impius
1838 2068 1908 2097 bene
1940 2067 2043 2096 iudicat
2062 2066 2111 2094 ali-

1261 2117 1387 2154 quando;
1410 2116 1483 2145 unde
1504 2116 1628 2153 quaerit:
1650 2128 1663 2141 «
1677 2116 1726 2144 Ubi
1742 2116 1861 2153 scriptae
1876 2118 1941 2144 sunt
1955 2114 2017 2143 illae
2038 2114 2111 2151 leges

1262 2164 1395 2197 iustitiae,
1417 2163 1570 2193 secundum
1592 2171 1661 2200 quas
1683 2163 1785 2192 iudicat
1812 2163 1881 2192 benc
1910 2162 2011 2199 impius
2026 2164 2058 2189 u?
2081 2161 2112 2190 Et

1262 2212 1425 2248 respondet,
1448 2211 1522 2248 quod
1549 2223 1562 2235 «
1577 2210 1696 2247 scriptae
1712 2210 1817 2239 suntin
1840 2210 1911 2239 libro
1932 2209 2002 2238 lucis
2022 2211 2111 2238 aeter—

1261 2266 1327 2291 nae,
1349 2262 1376 2287 et
1397 2267 1451 2287 non
1474 2258 1634 2295 migrando,
1656 2258 1703 2287 sed
1736 2257 1919 2294 imprimendo
1940 2256 2111 2286 descendunt

1262 2305 1289 2333 in
1311 2305 1445 2338 animam,
1467 2305 1539 2333 sicut
1560 2305 1649 2342 imago
1670 2305 1761 2338 anuli,
1784 2312 1855 2341 quae
1877 2312 1956 2333 cerae
1977 2303 2111 2340 imprimi—

422 2513 428 2524 ¹
448 2514 514 2536 Dcut.
531 2513 573 2541 32,
591 2512 629 2534 28.
646 2515 668 2534 et
685 2512 723 2534 ⁶29.
739 2523 769 2527 —-
788 2511 820 2533 Dc
837 2516 885 2539 seq.
903 2510 1060 2538 propositione
1076 2511 1118 2532 cfr.
1135 2516 1205 2538 supra

360 2560 414 2581 pag.
432 2554 473 2579 90,
492 2555 544 2575 nota
563 2553 582 2574 ’1.

422 2591 431 2604 ’-’
450 2592 530 2614 Psalm.
549 2592 585 2618 31,
603 2592 624 2613 8.

423 2630 431 2643 ³
449 2631 505 2659 Cap.
521 2632 538 2659 i,
552 2632 588 2653 26.
600 2644 630 2647 —
642 2631 675 2653 De
692 2637 740 2659 seq.
758 2629 916 2658 propositione
934 2631 975 2651 ct‘r.
992 2635 1060 2657 supra
1080 2635 1134 2657 pag.
1152 2629 1206 2655 356,

361 2674 412 2694 nota
431 2673 452 2693 2.
470 2674 491 2693 et
509 2671 610 2698 :xi-istoc,
629 2671 643 2692 l.
661 2671 746 2693 Poster.
769 2676 789 2692 c.
812 2670 833 2692 2.
850 2682 881 2686 -
898 2670 930 2691 Dc
953 2669 1032 2697 triplici
1057 2669 1143 2691 lumine
1165 2669 1206 2690 cfr.

361 2711 499 2739 opusculum
518 2711 547 2733 de
564 2711 705 2733 lleductionc
723 2710 805 2732 artium
823 2710 852 2732 ad
871 2710 970 2737 theolog.
988 2716 1008 2731 n.
1031 2710 1049 2731 1.

424 2749 433 2761 ⁴
450 2749 506 2777 Cap.
525 2750 567 2777 17,
587 2750 604 2771 l.
622 2752 644 2771 ct
661 2750 683 2772 5.

425 2787 433 2800 ⁵
452 2789 583 2811 Secundum
601 2791 718 2810 auctorem
737 2788 787 2810 libri
805 2788 834 2809 de
851 2787 941 2813 Causis,
960 2794 1054 2815 propos.
1067 2788 1087 2810 3.
1101 2788 1160 2810 Vide
1172 2793 1207 2809 su-

363 2835 403 2857 pra
422 2828 479 2856 442,
500 2831 553 2850 nota
571 2828 593 2850 5.
608 2840 640 2844 —
657 2829 680 2849 ln
706 2834 771 2856 seqq.
797 2827 865 2849 codd.
890 2827 994 2849 ordinem
1022 2827 1206 2855 propositionum

362 2867 518 2893 contundunt,
535 2870 557 2888 et
573 2867 590 2888 B
607 2867 682 2895 aliqua
700 2867 789 2888 omittit.
812 2866 918 2888 Adhibita
941 2866 979 2888 ed.
1002 2866 1124 2893 Vaticana,
1146 2872 1207 2895 quae

364 2909 422 2930 hanc
439 2905 583 2929 collationem
606 2905 718 2928 interserit
740 2906 853 2927 collationi
871 2906 891 2928 3.
910 2906 932 2927 in
956 2906 1074 2933 llexaein„
1100 2905 1206 2928 ordinem

364 2946 504 2969 restituimus
521 2948 543 2967 ct
561 2950 633 2973 pauca
652 2944 722 2966 verba
741 2945 910 2972 supplevimus.

425 2984 435 2997 ⁴³
451 2985 496 3008 Ctr.
513 2991 583 3012 supra
601 2990 655 3012 pag.
673 2983 729 3011 227,
746 2986 799 3005 nota
817 2984 839 3006 3.

426 3023 434 3036 ⁷
454 3025 511 3047 Vide
528 3025 584 3046 Gen.
603 3025 628 3051 2,
648 3024 685 3046 19,
702 3023 734 3045 De
752 3023 793 3045 isto
812 3026 861 3045 artu
880 3024 919 3045 cfr.
937 3025 960 3046 11.
978 3024 1039 3046 Sciit.
1057 3024 1128 3046 littera
1140 3024 1208 3052 Magi-

366 3064 416 3093 stri,
429 3064 451 3086 d.
464 3064 540 3086 xxiii.
553 3070 571 3086 c.
585 3064 607 3085 3.

1263 2511 1284 2532 et
1301 2509 1429 2532 Comment.
1448 2508 1503 2531 ibid.
1521 2515 1540 2531 a.
1558 2510 1579 2531 2.
1597 2516 1620 2538 q.
1642 2510 1659 2531 1.
1677 2514 1703 2531 ac
1721 2507 1777 2531 dub.
1793 2508 1814 2530 3.
1825 2520 1856 2525 —
1868 2507 1972 2530 Subinde
1989 2506 2111 2535 respicitur

1262 2549 1298 2571 Ps.
1316 2548 1341 2577 4,
1359 2549 1386 2571 7:
1404 2548 1524 2576 Signatum
1542 2552 1576 2571 est
1592 2554 1663 2577 super
1679 2554 1722 2571 nos
1739 2549 1817 2570 lumen
1834 2548 1911 2570 vultus
1928 2547 1972 2574 tui,
1990 2547 2095 2569 Domine.

1326 2587 1335 2599 Β
1351 2588 1398 2611 Ct'r.
1415 2594 1484 2616 supra
1502 2594 1557 2616 pag.
1575 2588 1616 2616 49,
1635 2591 1687 2611 nota
1707 2589 1728 2611 ’1.
1745 2601 1775 2604 -
1793 2588 1824 2609 De
1842 2587 1964 2615 dignitate:
1988 2587 2062 2609 Omne
2078 2588 2110 2608 to-

1263 2631 1312 2650 tum
1330 2631 1385 2654 etc„
1403 2628 1457 2651 vide
1474 2634 1544 2656 supra
1563 2634 1618 2656 pag.
1636 2628 1694 2655 303,
1712 2631 1764 2650 uota
1777 2628 1798 2649 6.
1811 2639 1842 2643 -
1854 2627 1876 2649 ln
1895 2627 1938 2648 hoc
1956 2632 2054 2648 numero
2074 2626 2111 2649 13.

1263 2669 1280 2690 Α
1299 2671 1332 2689 est
1350 2667 1417 2690 valde
1434 2669 1544 2690 contusus
1562 2670 1584 2690 et
1600 2670 1736 2695 corruptus:
1757 2667 1828 2689 secuti
1845 2671 1927 2688 sumus
1944 2666 2063 2687 meliorem
2080 2666 2109 2693 B,

1264 2707 1376 2730 adiunctis
1399 2710 1474 2729 tamen
1500 2707 1613 2729 nonnullis
1638 2713 1664 2729 ex
1689 2707 1715 2728 A.
1735 2706 1797 2728 idem
1815 2711 1910 2734 prorsus
1927 2705 2022 2727 docetur
2039 2711 2109 2733 supra

1264 2748 1356 2775 Quaest.
1372 2746 1432 2774 disp.
1449 2747 1478 2769 <le
1496 2747 1593 2769 Scicntia
1610 2745 1691 2768 Christi
1710 2753 1733 2775 q.
1751 2745 1773 2768 4.
1792 2745 1816 2767 in
1832 2745 1877 2766 tine
1893 2750 1958 2772 corp.
1974 2746 1996 2766 et
2013 2744 2069 2766 infra
2086 2744 2109 2766 in

1265 2787 1353 2808 Serum:
1373 2786 1438 2809 Unus
1456 2787 1489 2809 cst
1506 2785 1619 2815 muqistei·
1636 2788 1691 2812 cuz,
1710 2787 1761 2813 post
1778 2784 1889 2806 medium.

1326 2824 1335 2837 ⁹
1352 2825 1408 2853 Cap.
1421 2825 1461 2853 34,
1472 2826 1493 2848 9.
1502 2838 1533 2841 —
1543 2825 1574 2847 De
1584 2825 1695 2848 sententia
1705 2823 1836 2851 Philosophi
1845 2823 1899 2845 vide
1913 2829 1983 2850 supra
1999 2828 2052 2851 pag.
2067 2822 2091 2844 ΖΙ
2101 2839 2108 2850 ,

1264 2867 1315 2887 nota
1338 2865 1370 2887 10.

1327 2903 1346 2916 ¹⁰
1363 2904 1419 2932 Cap.
1437 2906 1463 2932 2,
1482 2906 1519 2927 21.
1536 2911 1585 2933 seq.
1596 2917 1627 2921 —
1642 2906 1694 2934 Seq.
1711 2905 1775 2926 locus
1792 2905 1826 2925 ost
1837 2902 1860 2924 ii.
1873 2901 1925 2925 Cor.
1944 2902 1967 2931 4,
1985 2903 2012 2929 65
2030 2901 2109 2923 tertius

1264 2945 1324 2967 loan.
1344 2945 1362 2971 t,
1380 2945 1402 2966 9.
1420 2944 1452 2966 De
1469 2945 1605 2967 certitudine
1622 2943 1748 2972 sapientiali
1763 2944 1806 2964 etc.
1817 2941 1872 2964 vide
1883 2947 1953 2969 supra
1966 2941 1988 2963 in
2000 2940 2109 2963 Hexaem.

1264 2984 1337 3005 collat.
1354 2983 1377 3005 7.
1395 2989 1417 3004 n.
1437 2983 1458 3005 i.
1818 2973 1820 2975 ‚

1327 3022 1345 3035 ¹¹
1363 3022 1419 3051 Cap.
1438 3023 1475 3045 45.
1492 3029 1515 3045 n.
1532 3025 1572 3052 21,
1591 3025 1631 3046 cfr.
1649 3028 1719 3050 supra
1732 3028 1785 3049 pag.
1799 3021 1839 3048 ¹17,
1852 3023 1903 3043 uota
1919 3021 1954 3043 10.
1966 3023 1988 3043 et
1998 3025 2052 3048 pag.
2065 3019 2108 3045 23,

1265 3065 1317 3086 nota
1334 3063 1356 3085 6.
1374 3065 1395 3084 et
1411 3062 1434 3085 7.

2135 1319 2204 1341 Tertio,
2215 1324 2258 1342 par-

2128 1344 2161 1362 tim
2178 1348 2200 1362 ex
2215 1343 2258 1361 illu-

2127 1366 2217 1386 stratione
2229 1366 2257 1384 di-

2125 1392 2178 1411 vinae
2203 1392 2256 1410 innu-

2124 1416 2193 1435 entiae.

2124 1606 2199 1630 Triplex
2214 1610 2255 1624 cer-

2154 1629 2221 1648 titudo.

2125 2030 2240 2049 Notandum.
