2285 3398
86 375 169 402 Christus
180 375 202 393 li-

80 405 134 422 guum
148 402 203 417 Vitae.

77 515 145 538 Duplex
156 515 207 537 plau-

114 538 165 556 tatio.

80 1677 131 1695 Aliae
142 1677 197 1695 etiam

72 1702 114 1718 suut
124 1700 198 1724 plantae

71 1723 184 1742 fructiferae.

753 194 942 223 TRACTATUS
964 194 1006 222 DE
1028 193 1252 222 PLANTATiONE
1276 195 1427 223 PARADlSl.

217 278 312 304 natum
334 278 361 303 et
383 275 455 311 ligno
482 273 573 302 crucis
597 273 722 301 affixum.
748 272 824 308 Quod
854 280 916 301 cum
945 272 980 300 sit
1005 271 1057 300 ut¹

217 322 369 350 increatum
395 324 422 349 et
451 320 520 349 Patri
548 319 779 348 consubstantiale
807 318 873 356 fons
900 318 1060 356 sapientiae

217 369 249 397 in
269 368 400 400 ercetsis;
421 370 462 395 est
484 370 573 395 tamen
596 370 626 394 ut
646 366 720 394 carni
744 366 853 394 unitum
875 369 902 394 et
916 368 1010 394 natum
1026 364 1059 393 de

217 415 327 451 Virgine
349 415 375 442 in
398 414 487 450 ipsum
510 413 643 441 veraciter
672 412 862 446 credentibus,
884 411 1059 448 sperantibus

218 465 244 491 et
265 461 420 489 amantibus
441 460 552 497 lz'ynum
569 459 643 487 vitae
651 460 669 487 2.
687 460 833 495 Ipsumque
849 459 874 487 ιιι
890 458 968 486 nobis
983 457 1059 493 plan-

219 511 257 537 tat
277 511 304 535 et
324 515 374 536 nos
395 506 431 534 illi
455 506 642 542 complantat³
664 506 782 541 Spiritus
805 505 927 533 veritatis
949 507 976 532 et
997 512 1058 540 gra-

219 555 286 586 tiae,
309 554 387 581 iuxta
408 552 475 581 illud
498 551 691 580 Ecclesiastici:
716 553 773 588 Eyo
789 551 876 589 quasi
890 550 992 579 fluvius
1007 550 1058 578 Do-
1087 584 1088 593 ἵ

1087 601 1088 611 ¹
1116 605 1191 625 more
1206 598 1415 634 rontmnplantis
1430 607 1514 634 supra
1528 599 1664 628 dictarum
1680 600 1887 629 irradiationum
1902 608 1958 629 cac-

218 602 262 629 rix
284 604 307 628 et
328 599 405 636 quasi
429 599 629 636 aquaeductus
650 599 727 627 eruit
747 599 780 626 cle
800 598 958 634 paradiso,-
980 597 1057 625 dm.-

217 647 319 685 rz‘qabo
340 646 455 674 bortum
476 645 693 681 plantationum
715 653 838 673 mearum
861 648 884 672 et
910 643 1058 672 inebriabo

216 693 297 731 prati
315 693 372 721 mei
391 691 531 729 fructum.
548 692 666 728 Spiritus
680 692 752 720 enim
768 694 879 720 sanctus
894 691 982 728 primo
997 692 1057 727 qui-

216 740 277 769 dem
299 747 348 768 nos
370 739 439 775 rigat
470 746 518 774 per
549 738 697 774 gratiam&
719 738 816 766 deiude
842 737 987 766 inebriabit
1010 745 1057 773 per

216 786 394 824 gloriam..Et
415 785 486 813 sicut
507 793 578 813 nunc
609 793 656 821 per
685 785 788 821 gratiae
816 785 918 813 donum
942 793 991 812 nos
1020 784 1056 812 illi

216 833 382 869 complantat
392 831 412 865 ⁵,
434 831 472 859 sic
494 839 542 867 per
573 831 676 859 donum
707 831 809 867 gloriae
832 831 1056 867 transplantabit‚

217 879 367 909 secundum
389 878 456 907 illud
478 878 607 914 Apostoli:
631 878 663 906 Sc·
693 878 883 915 complantata¹
908 877 982 914 faeti
1009 886 1057 905 su·
1085 889 1086 898 ι

1085 931 1086 961 j
1116 923 1161 951 tibi
1186 924 1251 951 illud
1274 932 1389 960 sponsae
1416 925 1499 961 possit
1524 925 1628 962 aptari:
1657 926 1765 954 Hortus·
1794 926 1955 959 conclusus,

1085 983 1087 986 v
1114 979 1199 998 soror
1222 980 1284 998 mea
1305 980 1428 1007 vsponsa,
1451 972 1615 1000 ‹emta-simus
1630 975 1697 999 tuae
1715 973 1878 1008 paradisus
1893 982 1955 1001 rma-

216 935 282 955 mus
309 925 497 953 sz'n'lilz'tuctt'ni
520 925 622 953 mortis
652 925 730 957 eius,
758 924 848 952 simul
875 928 899 952 ot
927 933 1057 952 rexurre-

217 973 319 1002 ctz'om's
340 972 458 1000 erimus.

295 1020 320 1047 9.
344 1018 431 1046 Prima
450 1018 534 1054 igitur
555 1022 637 1054 atque
653 1017 799 1054 praecipua
818 1018 909 1053 planta
931 1018 956 1050 ιιι
980 1025 1057 1054 para—

216 1067 275 1095 diso
295 1065 394 1094 mentis
426 1064 562 1092 humanae
585 1065 705 1093 Verbum
737 1067 778 1091 est
805 1064 996 1092 incarnatam
1027 1072 1057 1092 ac

217 1111 406 1148 crucifi'oeum,
428 1100 502 1139 lesus
516 1110 642 1139 Christus
664 1110 800 1141 videlicet.
823 1110 905 1138 Filius
920 1111 966 1138 Dei
990 1111 1057 1144 vivi,
1085 1125 1087 1134 ι

216 1160 262 1196 qui
285 1158 383 1187 latroni
404 1157 454 1186 sibi
483 1157 682 1193 complantato,
708 1160 802 1194 utpote
824 1157 850 1184 ιιι
880 1157 970 1193 ipsum
999 1165 1057 1185 cre-

216 1206 302 1239 denti,
324 1205 414 1240 ipsum
435 1204 587 1237 confitenti,
610 1204 658 1240 ipsi
682 1204 763 1232 etiam
786 1204 812 1231 ιιι
835 1211 917 1231 cruce
938 1211 1059 1231 commo-

216 1252 296 1281 rienti
318 1251 467 1280 liberaliter
486 1250 572 1279 dixit:
594 1251 683 1279 Hodie
704 1259 813 1279 meeum
836 1250 894 1278 eris
917 1249 946 1277 ιἰι
965 1258 1057 1286 para-

217 1299 279 1327 diso
290 1299 309 1326 ὃ.
332 1298 360 1327 ln
375 1298 454 1327 cuius
469 1298 611 1334 mysticam
625 1297 839 1334 designationem
861 1300 922 1333 post
940 1296 1056 1325 verbum

216 1345 294 1382 prius
314 1345 485 1382 propositum
506 1345 646 1381 signanter
660 1344 833 1381 adiungitur.-
858 1343 1058 1381 Produxitque

217 1392 359 1420 Dominus
374 1391 449 1420 Deus
463 1391 496 1419 de
510 1390 598 1419 lutino
613 1399 695 1418 omne
709 1390 820 1427 laynam
838 1390 977 1427 pulcrum
993 1390 1057 1418 man

216 1442 240 1467 et
260 1438 299 1467 ad
319 1438 489 1467 vest-emtum
503 1446 609 1466 suave:
632 1437 744 1474 liquam
758 1437 845 1465 etiam
866 1437 941 1465 vitae
957 1437 987 1465 iu
1002 1446 1057 1465 me-

215 1485 262 1514 dio
273 1484 427 1522 paradisi,
445 1484 558 1521 liynum
572 1492 683 1521 quoque
704 1484 840 1512 scientiae
857 1483 924 1512 bont
937 1487 962 1511 et
976 1483 1055 1511 mali.

215 1531 287 1560 Licet
307 1531 380 1560 enim
401 1531 486 1559 huius
506 1531 569 1567 ligni
592 1531 662 1559 vitae
684 1531 792 1559 tructus
811 1530 935 1559 vivificus
956 1530 1057 1567 princi—

215 1578 311 1615 paliter
343 1581 544 1615 proponeretur
572 1577 674 1606 bomini
699 1578 733 1606 ad
760 1578 896 1606 edendum
927 1581 1055 1614 tanquam

215 1625 415 1654 restaurativus
435 1624 560 1653 radicalis
581 1624 743 1658 humoris⁷;
766 1625 946 1653 nihilominus
967 1628 1055 1652 tamen
1085 1654 1086 1662 ἵ

214 1672 248 1701 ad
269 1672 355 1709 ipsius
375 1671 502 1701 solatium
524 1671 657 1708 producta
678 1675 742 1699 sunt
761 1675 787 1699 et
801 1672 853 1699 alia
875 1671 946 1707 ligna
962 1671 988 1698 in
1004 1671 1056 1698 cir—

215 1719 291 1748 cuitu
307 1719 371 1756 ligni
387 1719 474 1752 vitae;
496 1721 633 1755 quatenus
655 1717 784 1746 varietate
806 1718 963 1750 fructuum,
986 1717 1056 1745 mul-

216 1765 366 1794 tiformium
395 1764 613 1801 pulcritudinum
634 1767 661 1792 et
689 1772 818 1800 saporum
848 1763 946 1791 vitaret
975 1763 1056 1791 bomo

215 1812 370 1845 fastidium,
392 1811 464 1848 quod
486 1810 609 1839 accidere
637 1810 705 1838 solet
727 1818 775 1846 per
796 1809 1001 1837 conversionem
1023 1809 1055 1837 ad

215 1866 317 1892 unum,
339 1861 367 1887 et
381 1857 495 1886 haberet
515 1857 757 1890 oblectamentum,
779 1856 852 1893 quod
867 1864 903 1884 ex
926 1856 1055 1884 varietate

215 1908 298 1942 atque
324 1904 498 1933 innovatione
526 1903 667 1940 consurgit
695 1903 722 1931 in
743 1903 928 1939 spiritualium
961 1903 1056 1931 notitia

215 1959 345 1981 sensuum
361 1959 410 1988 per
430 1950 629 1987 experientiam
645 1949 856 1978 multilormium
873 1949 1053 1978 obiectorum.

215 1998 265 2027 Per
290 1998 364 2026 hunc
384 1997 466 2026 etiarn
487 1996 614 2030 modum,
637 1996 698 2025 licet
718 1997 824 2025 animae
845 1996 958 2025 devotae
980 1996 1056 2025 suffi—

214 2052 276 2073 cere
297 2043 382 2081 possit
400 2043 526 2072 Christus
547 2043 636 2077 lesus,
657 2045 684 2071 et
705 2043 749 2071 liic
771 2043 936 2077 crucifixus,
958 2051 1055 2072 secun-

213 2090 280 2119 dum
301 2089 444 2119 duodecim
472 2089 595 2123 tructus,
617 2097 686 2126 quos
714 2089 781 2119 illud
809 2089 995 2118 beatissimum
1025 2090 1055 2118 li-

214 2146 298 2174 gnum
324 2138 394 2166 vitae
422 2137 522 2174 iugiter
548 2136 647 2171 affertf
665 2137 736 2165 sicut
762 2145 798 2165 ex
827 2136 1053 2173 praecedentibus

215 2185 300 2221 liquet
308 2195 314 2218 ;
336 2183 370 2212 ad
391 2183 530 2213 vitandum
553 2186 642 2212 tamen
665 2183 802 2212 fastidium
822 2186 848 2212 et
868 2183 989 2211 dandum
1011 2191 1053 2212 so-

214 2230 309 2259 latium
332 2230 489 2259 huiusmodi
517 2230 638 2263 animae,
664 2229 807 2266 proposuit
834 2229 907 2258 Deus
934 2232 961 2257 et
987 2229 1054 2258 alias

1901 197 1955 225 577

1118 272 1322 301 meditationum
1342 273 1489 302 materias⁸
1505 276 1634 310 tanquam
1655 274 1769 303 arbores
1791 275 1957 305 fructuosas.

1116 318 1217 354 quibus
1246 319 1412 348 resoculetur
1442 320 1576 349 humanae
1604 321 1702 349 mentis
1727 321 1834 349 devotio
1860 324 1887 349 et
1915 321 1957 349 liis

1117 365 1210 393 multis
1237 366 1440 394 multiformiter
1468 370 1648 400 exerceatur;
1671 370 1702 396 ut
1723 367 1830 396 tandem
1857 368 1884 395 iu
1912 368 1957 396 illo
1977 374 2087 393 sominium.

1116 419 1171 439 uno
1194 412 1266 440 illius
1288 413 1351 447 ligni
1373 412 1464 442 fructu
1487 413 1604 442 linaliter
1625 414 1800 450 conquiescat
1820 417 1847 442 ct
1868 422 1900 442 eo
1921 414 1957 442 fe-

1117 458 1203 487 liciter
1226 459 1393 494 perfruatur.

1197 505 1239 531 to.
1264 505 1410 540 Propterea
1431 506 1599 542 quicumque
1614 506 1729 535 devotus
1750 515 1779 535 es
1800 507 1921 541 animus,
1936 507 1956 536 si
1996 514 2102 532 Ειιωιιιιικι

1116 559 1169 579 nou
1200 552 1271 580 vales
1302 552 1375 580 velut
1404 552 1444 580 vir
1472 553 1611 589 angelicus
1635 557 1718 590 atque
1747 537 2102 583 luerarcnicus”issf'isssstfiffss'.¹¹'

1116 643 1224 671 testium
1254 644 1462 673 irreverberatis
1490 646 1576 674 oculis
1597 647 1720 675 contueri
1749 647 1884 682 t'ulgores3
1906 647 1957 676 sal-

1116 694 1169 719 tem
1192 692 1262 719 sirut
1283 691 1373 719 adliuc
1394 692 1518 720 animalis
1532 695 1558 720 et
1581 693 1713 728 parvulus
1735 693 1898 729 pedetentim
1914 702 1956 722 re-

1115 737 1257 773 cogitando
1280 738 1434 771 mediteris,
1457 738 1611 767 meditando
1627 740 1767 773 mastices,
1791 740 1955 770 masticando

1114 784 1242 820 degustes
1264 793 1375 821 sapores
1398 786 1487 814 varios
1508 786 1649 814 fructuum
1671 795 1706 815 ex
1734 787 1776 815 liis
1797 787 1876 823 lignis
1894 796 1957 824 pro-

1085 858 1086 864 ,
1114 831 1285 864 cedentium,
1308 840 1378 868 quae
1400 832 1446 859 Dei
1469 832 1601 868 sapientia
1622 833 1797 861 multiformis
1822 834 1848 862 ιιι
1877 833 1957 862 corde

1116 880 1162 904 tuo
1185 877 1315 913 plautai‘it
1331 881 1460 914 tanquam
1480 879 1505 906 ιιι
1529 879 1640 907 hortulo
1655 879 1786 915 paradisi,
1810 883 1839 908 ut
1861 880 1957 908 merito

1115 1017 1209 1046 lorum
1230 1018 1407 1055 punicorum
1428 1027 1495 1046 cum
1513 1027 1669 1055 pomorum
1689 1018 1843 1055 fructibus.

1197 1066 1238 1093 11.
1262 1065 1390 1099 attende,
1409 1065 1536 1101 inquam,
1559 1066 1688 1102 quoniam
1710 1066 1767 1102 ipsa
1782 1066 1828 1094 Dei
1851 1067 1955 1103 sapien-

1116 1111 1151 1139 tia
1166 1111 1357 1144 iiiultism'iiiis,
1372 1105 1589 1148 circumquaque
1605 1112 1738 1140 irradians
1757 1113 1833 1149 quasi
1855 1113 1955 1142 duode—

1115 1158 1167 1185 cim
1192 1158 1413 1186 distinctionibus
1441 1158 1625 1194 spiritualium
1648 1158 1860 1187 illustrationum
1889 1160 1956 1188 duo-

1114 1204 1201 1232 decim
1224 1205 1250 1232 iu
1280 1208 1304 1232 te
1327 1204 1430 1240 plantat
1458 1203 1562 1232 radices
1583 1204 1730 1238 arborum,
1754 1205 1803 1233 lioc
1825 1208 1865 1234 est
1890 1206 1957 1234 duo—

1115 1250 1201 1278 decim
1218 1250 1347 1279 materias
1361 1250 1524 1278 salutarium
1540 1250 1802 1284 considerationum,
1818 1252 1958 1281 illustrans

1115 1300 1141 1325 te
1163 1296 1198 1325 ab
1221 1297 1302 1325 intra
1323 1305 1372 1333 per
1394 1297 1501 1325 interna
1522 1297 1691 1334 spectacula,
1715 1298 1854 1327 illustrans
1872 1302 1898 1328 te
1921 1300 1957 1328 ab

1114 1347 1199 1371 extra
1228 1347 1345 1372 externa
1373 1352 1422 1380 per
1451 1344 1577 1381 vestigia,
1607 1344 1747 1373 illustrans
1769 1349 1794 1373 te
1822 1354 1955 1383 usupra

1115 1398 1235 1427 superna
1257 1398 1305 1427 per
1321 1391 1467 1427 promissa,
1489 1391 1629 1419 illustrans
1644 1394 1669 1420 te
1691 1391 1727 1419 ab
1744 1391 1826 1429 iufra
1847 1396 1955 1421 aeterna

1116 1445 1164 1474 per
1186 1440 1338 1471 tormenta,
1367 1437 1507 1466 illustrans
1533 1441 1558 1466 te
1580 1441 1751 1466 antrorsmn
1779 1439 1882 1468 directa
1906 1447 1958 1477 per

1114 1487 1274 1521 praecepta,
1297 1484 1438 1512 illustrans
1466 1487 1491 1512 te
1512 1488 1674 1512 retrorsum
1701 1485 1824 1514 districta
1846 1494 1894 1523 per
1916 1486 1957 1515 iu-

1114 1531 1198 1564 dicia,
1221 1531 1361 1559 illustrans
1383 1534 1408 1558 te
1429 1531 1613 1558 ‹lem-orsum
1641 1531 1756 1568 benigna
1778 1540 1826 1569 per
1848 1533 1956 1567 solatia,

1115 1579 1256 1606 illustrans
1276 1577 1480 1605 sinistrorsum
1495 1585 1591 1606 severa
1613 1586 1660 1614 per
1678 1578 1794 1615 flagella,
1817 1579 1957 1608 illustrans

1114 1633 1127 1651 e
1148 1624 1241 1651 viz-ino
1264 1631 1311 1660 per
1332 1624 1433 1652 civium
1455 1624 1601 1660 praesidia,
1625 1624 1764 1653 illustrans
1778 1625 1799 1641 ¹⁰
1813 1636 1827 1653 c
1844 1625 1956 1663 lonqin—

1114 1679 1169 1708 quo
1191 1678 1239 1706 per
1262 1670 1381 1698 bostium
1403 1671 1565 1704 certamina,
1589 1671 1729 1699 illustrans
1751 1672 1781 1700 ιή
1799 1672 1956 1709 ρνομαιιιὼ

1115 1724 1163 1753 per
1184 1717 1334 1753 gratiarum
1356 1716 1438 1750 (lona,
1465 1713 1606 1746 illustrans
1628 1718 1658 1746 ιή
1679 1718 1788 1747 occulto
1810 1727 1858 1756 per
1887 1719 1956 1756 figu-

1115 1771 1208 1791 rarum
1231 1763 1307 1800 signa
1321 1764 1349 1790 ¹¹.

1195 1812 1237 1838 12.
1260 1811 1334 1846 Quae
1355 1810 1447 1839 omnia
1475 1811 1496 1839 si
1519 1819 1581 1840 cum
1611 1811 1663 1840 side
1686 1813 1818 1849 recogites
1839 1816 1866 1842 et
1893 1822 1955 1842 cum
1971 1822 2055 1844 ammius,
2064 1828 2102 1840 „10-

1112 1857 1255 1885 dcvotione
1276 1860 1433 1893 pertractes
1449 1861 1476 1886 et
1498 1858 1636 1891 rumines,
1659 1867 1722 1888 vere
1744 1859 1871 1888 efficieris
1890 1859 1956 1889 leor-
1981 1846 2102 1887 ῗηιῖῗζῖᾒῖἶ

1113 1907 1160 1931 tus
1185 1902 1353 1940 voluptatis,
1376 1904 1586 1932 multiformium
1615 1905 1827 1940 pullulationum
1856 1906 1956 1942 germi—

1113 1949 1269 1978 nationibus
1290 1949 1389 1986 iugiter
1412 1958 1538 1984 vernaus,
1560 1950 1594 1978 ab
1615 1951 1673 1987 ipsa
1699 1951 1823 1980 videlicet
1845 1952 1891 1980 Dei
1914 1960 1956 1980 sa-

1113 1996 1214 2032 pientia
1242 1996 1380 2032 plantatus
1408 1997 1510 2032 pariter
1538 2000 1564 2025 et
1593 1997 1712 2033 rigatus;
1739 1998 1759 2025 si
1777 1998 1799 2014 ¹²
1821 2006 1885 2026 cum
1914 1998 1956 2027 his

1111 2043 1240 2072 omnibus
1260 2046 1443 2079 anteponatur
1468 2043 1576 2071 fructus
1597 2043 1670 2080 liqui
1690 2044 1781 2078 vitae,
1807 2048 1833 2073 et
1861 2053 1955 2074 cavea-

1114 2093 1158 2118 tur
1180 2097 1244 2118 esus
1263 2089 1400 2118 scientiae
1421 2088 1487 2117 boni
1507 2093 1533 2118 et
1551 2089 1641 2122 malz}
1663 2090 1715 2119 lioc
1743 2094 1784 2119 est
1811 2091 1956 2121 curiositas

1111 2135 1289 2172 cognoscendi
1311 2143 1374 2163 curn
1396 2136 1544 2164 ambitione
1559 2136 1711 2166 excellendi
1727 2137 1747 2153 ¹³
1760 2140 1786 2166 et
1801 2138 1956 2175 appetentia

1110 2182 1272 2215 oblectandi,
1294 2190 1364 2219 quae
1390 2183 1565 2219 suggestione
1592 2184 1727 2220 serpentis
1748 2185 1854 2222 antiqui
1884 2179 1955 2214 inter

1111 2229 1264 2266 praedictas
1284 2229 1485 2265 speculationes
1506 2238 1555 2266 per
1576 2230 1732 2259 interiorem
1756 2231 1868 2261 rationis
1889 2240 1953 2269 por—

1998 1075 2102 1093 tincenwn-

1971 1100 2000 1116 tur
2018 1099 2039 1116 ¹2
2054 1099 2104 1116 radi-

1970 1126 2000 1140 ces
2007 1123 2101 1140 arborum.

276 2427 284 2440 ¹
302 2428 345 2450 Pro
362 2429 389 2451 nt
404 2427 487 2449 Bonelli
509 2425 618 2450 Verbum.
635 2439 665 2443 —
682 2427 809 2455 Respicitur
827 2428 893 2450 Eccli.
914 2428 971 2461 ¹25·

275 2465 284 2479 ²
300 2466 346 2489 Cir.
362 2466 470 2488 Hexaem.
486 2465 559 2488 collat.
576 2466 597 2488 l.
614 2472 636 2488 n.
654 2466 695 2494 l7;
713 2466 734 2488 3.
751 2472 774 2488 ιι.
792 2467 811 2488 2.
831 2473 879 2495 seq.
895 2470 917 2489 et
939 2467 1053 2494 Breviloq.

214 2511 237 2532 p.
254 2505 291 2527 lv.
307 2510 328 2527 c.
346 2505 368 2527 t.

276 2543 285 2556 ³
302 2544 386 2566 Bonelli
398 2543 432 2565 liic
445 2543 523 2565 inserit
535 2541 636 2565 Verbum
645 2542 789 2573 inspiratum
800 2544 854 2567 sive.
863 2556 894 2560 —
904 2545 977 2566 Locus
987 2544 1052 2566 ticeli.

213 2586 247 2605 est
263 2589 313 2611 cap.
331 2583 373 2610 24,
391 2582 428 2604 4¹.
446 2581 489 2604 42:
508 2582 554 2609 Ego
571 2582 636 2610 quasi
655 2582 716 2604 fluvii
732 2583 815 2610 Dioryx
837 2585 859 2605 et
880 2583 938 2605 sicut
955 2589 1052 2611 aquae...

214 2622 304 2644 hortum
323 2627 400 2644 meum
418 2621 583 2649 plantationum
601 2623 623 2642 et
640 2623 681 2643 etc.
695 2621 740 2643 Cir.
758 2625 813 2643 torn.
826 2622 840 2644 l.
853 2627 905 2649 pag.
919 2622 945 2649 2,,
962 2624 1013 2643 nota
1031 2621 1052 2643 8.

274 2659 285 2672 ⁶
301 2660 346 2682 Ctr.
363 2659 471 2682 Hexaem.
486 2660 561 2681 collat.
578 2659 614 2681 47.
631 2665 654 2681 n.
671 2659 693 2681 5.

275 2697 284 2710 ⁵
301 2698 384 2721 Bonelli
402 2698 485 2720 omittit
501 2703 544 2720 rios
561 2697 597 2720 illi
612 2697 763 2727 complantat.
779 2710 810 2715 —
827 2699 901 2721 Locus
920 2699 1001 2726 script.
1018 2701 1052 2720 est

213 2739 278 2760 Rom.
297 2739 323 2764 6,
341 2738 362 2760 5.
854 2736 857 2738 “

274 2774 284 2788 ⁶
301 2777 356 2799 Luc.
373 2776 414 2803 23,
433 2776 469 2798 43.
485 2787 516 2792 -
533 2776 585 2804 Seq.
610 2775 673 2797 locus
697 2779 731 2797 est
755 2776 811 2798 Gen.
828 2776 855 2803 2,
872 2776 902 2798 9:
922 2776 1052 2798 Produxit...

213 2815 349 2843 lignumque
365 2814 471 2837 scientiae
488 2817 545 2841 etc.;
562 2814 602 2836 cfr.
619 2813 725 2836 Hexaem.
742 2814 815 2836 collat.
833 2814 869 2835 t7.
887 2820 908 2835 ιι.
927 2814 948 2837 4.

275 2851 283 2864 ⁷
300 2852 345 2875 Ctr.
362 2853 386 2875 ll.
403 2854 464 2875 Sent.
481 2853 504 2875 d.
522 2853 559 2874 ⁴9.
576 2859 597 2874 a.
614 2853 636 2874 2.
652 2858 676 2880 q.
692 2853 713 2875 2.
730 2864 760 2869 —
777 2852 826 2875 Mox
843 2855 895 2880 post
917 2851 976 2881 liqm·
992 2852 1052 2875 vitae

213 2892 295 2914 nonelti
313 2892 474 2920 prosequitur:
492 2890 523 2913 Et
538 2890 581 2913 hoc
597 2891 720 2919 quatenus.
738 2891 770 2913 De
786 2897 851 2919 seqq.
869 2891 921 2913 vide
944 2891 1050 2913 llexaem.

212 2931 285 2952 collat.
306 2930 339 2952 17.
356 2936 380 2952 n.
396 2930 434 2951 27.

275 2966 284 2980 ⁸
301 2968 382 2990 Bonelli
400 2968 444 2990 sic:
461 2969 576 2991 materias.
593 2967 730 2996 Proposuic,
750 2968 860 2997 inquam,
876 2969 990 2996 tanquam
1008 2970 1050 2989 etc.

306 3013 331 3037 S.
350 3014 438 3037 Honov.
454 3025 484 3030 —
502 3014 568 3036 Tom.
586 3014 615 3036 V.

1108 2439 1139 2443 -
1156 2426 1237 2455 Quoad
1255 2425 1325 2448 verba
1343 2426 1449 2454 superius
1467 2427 1554 2454 posita:
1571 2427 1631 2449 sicut
1653 2433 1684 2449 m·
1706 2426 1897 2455 praecedentibus
1924 2426 1951 2449 Ii-

1109 2466 1175 2494 quet,
1188 2465 1327 2492 notandum,
1345 2466 1388 2486 lioc
1406 2467 1492 2487 tantum
1511 2465 1531 2486 in
1549 2471 1633 2492 genere
1645 2465 1732 2487 dictum
1744 2471 1807 2494 csse,
1819 2466 1871 2495 quia
1889 2472 1952 2494 prae-

1108 2504 1155 2526 cise
1171 2502 1293 2526 duodecim
1309 2503 1402 2532 fluctus
1419 2509 1463 2525 nou
1480 2504 1684 2531 commemoravit,
1702 2504 1744 2527 sod.
1759 2503 1881 2529 duodecim
1900 2504 1952 2528 stel-

1109 2541 1153 2565 las.
1170 2542 1255 2565 nuruse
1271 2542 1411 2570 explicantur
1427 2542 1451 2564 lii
1467 2542 1591 2566 duodecim
1608 2544 1694 2566 tructus
1712 2543 1819 2566 Hexaem.
1830 2544 1902 2566 collat.
1917 2544 1952 2566 18.

1109 2587 1132 2603 n.
1149 2582 1172 2603 2.
1188 2582 1209 2604 7.
1226 2587 1305 2610 seqq,
1322 2584 1344 2603 et
1361 2582 1382 2603 in
1399 2582 1510 2609 opusculo
1527 2581 1628 2611 Liyuum
1645 2582 1718 2609 vetrae,
1737 2583 1757 2606 iu
1775 2583 1924 2611 praetatione.

1171 2619 1180 2632 '³
1197 2620 1243 2643 Cir.
1260 2621 1332 2643 itiner.
1361 2621 1442 2643 ruentis
1467 2621 1488 2643 iu
1513 2621 1599 2648 Deum,
1617 2628 1667 2649 rap.
1685 2622 1705 2644 t.
1723 2628 1746 2644 ιι.
1764 2621 1785 2644 4.
1801 2634 1831 2639 -
1849 2621 1951 2645 Subinde

1080 2661 1087 2672 ⁸
1109 2660 1192 2682 Bonelli
1210 2660 1293 2682 omittit
1309 2660 1450 2683 caelestium.
1467 2672 1498 2677 —
1514 2661 1588 2683 Locus
1605 2661 1685 2688 script.
1703 2665 1738 2683 est
1749 2661 1812 2684 Cant.
1826 2661 1851 2689 4,
1867 2662 1902 2684 ⁴2.
1916 2662 1951 2684 13.

1171 2697 1190 2711 ¹⁰
1208 2699 1306 2721 Bonelli:
1325 2699 1437 2721 illustrans
1454 2702 1476 2721 te
1492 2705 1505 2721 e
1521 2699 1670 2728 longinquo...
1687 2700 1799 2723 illustrans
1816 2704 1837 2722 te
1860 2701 1879 2722 in
1900 2707 1951 2728 pro-

1109 2737 1209 2764 patulo...
1226 2737 1337 2759 illustrans
1354 2740 1375 2759 te
1392 2738 1414 2759 in
1431 2738 1528 2760 occulto.

1171 2773 1188 2786 ¹¹
1205 2775 1313 2808 §imiliter
1325 2779 1404 2798 auctor
1413 2776 1487 2799 deliis
1496 2779 1518 2798 et
1532 2783 1596 2805 seqq.
1605 2777 1705 2805 loquitur
1716 2777 1821 2799 nomem.
1831 2778 1902 2799 (vitat.
1915 2777 1948 2799 l7.

1108 2819 1131 2835 n.
1150 2813 1171 2834 8.
1188 2818 1253 2841 seqq.

1171 2850 1189 2864 ¹²
1208 2852 1305 2875 Bouelli:
1322 2853 1349 2876 Si
1373 2853 1443 2877 etium
1468 2860 1533 2882 cum,
1551 2857 1572 2877 et
1591 2860 1657 2877 mox:
1674 2856 1786 2877 caveatur
1811 2860 1864 2876 esus
1889 2853 1949 2882 [iuni

1107 2890 1224 2915 soterum.

1170 2928 1189 2941 ¹³
1206 2930 1250 2952 Cir.
1267 2931 1373 2953 Hexaem.
1390 2932 1462 2953 collat.
1483 2932 1517 2953 ¹8.
1533 2938 1554 2953 n.
1573 2932 1594 2953 3.
1611 2943 1641 2947 —
1658 2932 1710 2953 Post
1731 2937 1801 2959 pauca
1825 2936 1866 2957 pro
1883 2929 1946 2959 inqe-

1107 2968 1171 2991 rz'tur
1188 2968 1272 2990 ueneni
1289 2968 1408 2997 intuertur,
1428 2972 1450 2993 et
1467 2969 1563 2993 subinde
1581 2970 1672 2993 ouante
1690 2975 1730 2997 pro
1748 2970 1863 2991 mfflutus.

1822 3014 1850 3035 73
