2285 3398
206 567 232 586 De
245 566 333 586 secundo.

230 843 257 862 De
270 843 331 862 tertio.

208 1627 278 1645 Divisio
290 1627 306 1645 1.
316 1628 335 1646 et

226 1650 244 1668 2.
258 1650 322 1674 partis.

211 2039 238 2057 De
251 2039 268 2057 3.
278 2041 336 2063 parte.

335 550 403 588 'tate
424 562 451 587 et
472 558 633 587 sustinentia
654 557 804 591 malorum
830 557 903 594 quod
934 559 1045 585 notatur
1065 555 1118 584 ibi:

350 112 405 141 540

349 188 450 217 ditione
470 191 678 221 creatura1·um;
700 187 773 224 quod
794 187 953 223 designatur
974 194 1023 223 per
1038 187 1089 215 boc
1109 187 1183 223 quod

349 235 464 270 dicitur:
487 234 584 264 Simile
605 238 645 262 est
666 242 787 271 reynum
809 233 956 261 caelorum
983 231 1108 266 homini,
1133 233 1184 270 qui

348 282 500 310 seminavit
521 281 625 309 bonum
639 288 732 308 semen
747 280 777 307 in
792 287 865 315 αρν-ο
879 287 940 306 suo.
957 295 994 298 ——
1009 279 1123 306 Bonum
1142 287 1183 307 se·

348 337 411 356 men
425 331 568 356 creaturae
582 327 677 360 bonae,
692 326 802 354 Genesis
816 325 920 362 primo:
939 325 1013 353 Vidit
1024 325 1100 353 Deus
1114 334 1183 353 cun-

348 379 410 409 eta,
425 383 498 412 quae
517 373 641 410 federat,-
661 376 686 401 et
706 375 791 400 erant
810 371 892 400 valde
913 371 995 399 bona.
1011 372 1099 408 Ayer,
1113 371 1184 400 sicut

349 420 522 458 postmodum
537 420 651 456 ipsemet
664 419 790 447 Christus
803 418 933 455 exponit,
948 420 988 446 est
1008 417 1142 451 mundus;
1157 420 1185 446 et

349 467 413 496 dicit
434 467 469 495 ibi
491 466 598 494 Glossa:
619 477 631 490 «
648 465 749 493 Bonum
772 473 825 494 non
847 464 963 493 seminat
984 464 1035 492 nisi
1057 463 1145 492 bonus
1156 476 1181 491 ».

426 512 580 541 Secundum
601 515 642 540 est
662 511 753 540 divina
771 510 956 547 prouidentia
977 510 1004 538 in
1025 510 1184 546 longanimi-

1145 555 1184 584 Ne

349 605 432 643 forte,
453 605 610 642 colligentes
631 604 774 637 zizania,
795 603 947 632 eradicetis
960 602 1049 630 simul
1064 610 1130 630 cum
1144 601 1184 629 eis·

349 656 373 681 et
394 652 531 681 triticum.
554 651 643 680 Sinite
663 654 788 688 utraque
805 658 932 679 creseere
946 658 1035 687 usque
1056 648 1096 676 ad
1113 656 1185 676 mes-

349 707 407 727 sem
420 700 443 731 ¹;
458 697 652 727 interlinearis:
673 697 779 730 «Ecce,
795 696 996 733 longanimitas,
1011 703 1082 732 quae
1096 703 1184 732 usque

349 745 383 774 ad
402 745 485 774 finem
505 747 545 772 est
567 744 755 772 necessaria».

427 791 549 820 Tertium
570 792 611 818 est
631 789 722 817 divina
742 789 856 817 iustitia
877 789 904 817 in
926 788 1107 817 retributione
1129 795 1184 816 me-

350 837 482 869 ritorum;
514 835 587 872 quod
614 838 725 864 notatur
753 835 805 863 ibi:
828 836 863 863 Et
883 835 914 862 in
941 838 1064 871 tempore
1085 833 1185 861 messis

349 883 446 911 dicam
470 881 660 911 messoribus:
689 881 808 918 colligite
832 881 965 918 primum
992 879 1135 913 zizania,
1161 882 1186 907 et

350 929 465 967 alligate
485 938 519 958 ea
540 929 571 956 in
591 927 748 965 fasciculos
775 928 814 956 ad
844 927 1088 960 comburendum,-
1110 926 1184 954 triti-

349 985 415 1005 eum
436 979 531 1005 autem
552 979 720 1012 oonqreyate
740 975 771 1002 111
792 973 927 1002 horreum
948 982 1043 1002 meum
1055 974 1080 1006 2:
1101 973 1184 1002 inter-

350 1023 473 1052 linearis:
500 1022 578 1058 «Qui
604 1021 792 1058 longanimiter
819 1021 882 1049 tulit
908 1028 958 1057 per
982 1020 1114 1049 iustitiam
1145 1020 1185 1048 di-

349 1077 402 1106 gna
426 1068 591 1097 retribuit».
613 1067 644 1096 Et
664 1070 777 1104 propter
798 1067 864 1100 hoc,
886 1067 957 1096 sicut
984 1067 1049 1095 dicit
1073 1066 1184 1100 Glossa,

355 1127 368 1140 «
381 1115 410 1143 in
429 1114 556 1151 patiendo
577 1113 709 1142 iustitiam
730 1113 902 1147 meditemur,
924 1113 951 1141 in
973 1113 1117 1142 iudicando
1137 1121 1184 1149 pa-

351 1161 473 1190 tientiam
494 1169 547 1189 non
569 1160 737 1197 negligamus
751 1172 777 1187 u.

428 1207 454 1236 3.
477 1206 527 1235 Sed
548 1206 613 1242 quia
632 1205 713 1234 nobis
734 1206 835 1233 datum
857 1209 897 1233 est
916 1214 999 1233 nosse
1013 1206 1184 1243 mysterium

351 1253 434 1291 requi
454 1252 521 1286 Dei,
550 1252 648 1280 ceteris
673 1255 769 1279 autem
790 1251 821 1279 in
845 1251 1004 1287 parabolis,
1026 1255 1059 1279 ut
1087 1251 1183 1279 viden-

351 1303 389 1327 tes
410 1307 468 1327 non
487 1298 618 1331 videant,
640 1300 664 1325 et
684 1296 835 1329 audientes
852 1305 910 1324 uon
924 1296 1098 1333 intelliyaut,
1114 1296 1184 1325 sicut

351 1345 450 1374 dicitur
471 1345 558 1373 Lucae
578 1347 673 1372 octavo
684 1343 718 1387 3;ἴ
732 1346 758 1372 et
778 1343 869 1371 nullae
884 1351 977 1371 rerum
993 1342 1184 1371 similitudines

352 1391 420 1420 bene
440 1393 657 1427 cognoscuntur,
678 1389 729 1418 nisl
750 1389 827 1425 prius
852 1389 965 1425 cognitis
990 1387 1055 1425 ipsis
1085 1389 1183 1422 rebus,

351 1438 422 1466 sicut
441 1445 494 1465 non
515 1444 625 1473 possum
646 1443 823 1472 cognoscere,
845 1436 918 1472 quod
939 1436 1035 1465 Petrus
1055 1435 1090 1464 sit
1110 1436 1184 1464 simi-

352 1483 384 1512 lis
404 1483 501 1516 Paulo,
522 1482 573 1510 nisi
594 1483 671 1518 prius
691 1484 842 1518 utrumque
861 1489 1038 1518 cognoscam;
1065 1481 1124 1510 ideo
1151 1481 1184 1510 de

352 1537 435 1565 regno
452 1528 590 1557 caelorum
608 1527 722 1556 videnda
742 1529 807 1556 sunt
820 1527 911 1564 aliqua
923 1527 1057 1561 absolute,
1072 1530 1099 1555 et
1112 1530 1184 1563 post-

351 1575 476 1609 modum,
502 1575 638 1611 quomodo
665 1574 807 1603 conveniat
833 1573 857 1602 ei
885 1573 1041 1602 similitudo.
1064 1573 1095 1601 Et
1121 1576 1185 1602 sunt

351 1622 395 1650 hic
414 1622 447 1650 de
468 1630 551 1658 regno
572 1621 711 1649 caelorum
731 1628 782 1649 sex
803 1619 1005 1649 consideranda.

428 1668 548 1696 Primum
570 1663 625 1701 est,
647 1666 713 1703 quid
733 1667 768 1695 sit
789 1674 906 1703 regnum
925 1666 1072 1695 caelorum.

427 1713 599 1746 Secundum,
620 1713 668 1740 ubi
690 1712 731 1740 sit.

429 1759 566 1792 Tertium,
588 1759 668 1796 quale
690 1758 731 1786 sit.

428 1806 578 1841 Quartum,
598 1807 733 1841 quantum
754 1804 796 1832 sit.

429 1851 575 1886 Quintum,
597 1859 716 1887 quorum
737 1850 779 1878 sit.

430 1897 558 1929 Sextum,
573 1896 605 1924 de
621 1896 755 1932 parabolis
774 1896 865 1932 regni,
881 1904 951 1932 quae
966 1896 1143 1924 inveniuntur
1158 1896 1185 1924 in

354 1943 496 1979 Evangelio
517 1942 659 1970 duodecim
670 1942 689 1969 ⁴¹.

431 1989 529 2017 Ultimo
550 1991 640 2018 autem
662 1988 807 2016 videndum
829 1989 881 2017 erit
900 1989 934 2017 de
949 1989 1038 2018 tribus
1051 1989 1186 2025 quaestio-

354 2034 434 2062 nibus
455 2034 625 2067 difficilibus,
646 2036 716 2070 quae
737 2033 764 2061 in
786 2034 856 2062 hanc
877 2034 1032 2070 parabolam
1051 2034 1185 2067 incidunt,

416 2206 424 2220 ¹
442 2208 517 2230 Muttb.
536 2208 562 2229 13
572 2226 576 2235 ,
588 2208 625 2230 29.
638 2208 673 2230 30.
685 2220 715 2224 —
727 2208 757 2230 Ex
774 2207 836 2230 ΑΒΕ
852 2214 894 2235 pro
911 2206 1012 2237 inteltz'ye
1027 2208 1185 2231 substituimus

355 2246 525 2269 interlinearis:
547 2246 616 2274 Ecce,
637 2245 814 2275 lonqanimztos,
832 2247 891 2275 qu'ae
907 2248 949 2268 etc.
960 2254 964 2274 ;
976 2241 1040 2275 'quae
1056 2248 1135 2269 Glossa
1152 2250 1185 2270 est

354 2285 416 2313 apud
429 2286 541 2312 [γι-3011111
555 2284 593 2311 ibi,
609 2285 650 2306 sed
666 2284 715 2306 sine
732 2285 802 2312 Ecce,
819 2285 881 2313 quod
898 2287 931 2306 est
949 2284 978 2306 ibi
995 2285 1018 2306 in
1034 2284 1164 2308 ordinaria.

417 2322 425 2335 ⁹
443 2323 502 2346 lbich
516 2330 576 2346 xers.
593 2323 629 2345 30.
646 2335 676 2339 —
693 2324 716 2345 ln
732 2329 797 2351 seqq.
813 2323 884 2346 secuti
901 2329 980 2345 sumus
997 2323 1078 2350 ABG,
1095 2323 1135 2352 qui
1146 2325 1185 2345 113-

355 2361 410 2384 bent
420 2361 589 2389 interlinearis,
601 2362 652 2384 licet
662 2362 724 2389 apud
736 2363 849 2389 Lyranum
861 2361 930 2383 verba
944 2362 999 2384 haec
1011 2361 1054 2384 sint
1069 2362 1092 2384 in
1108 2362 1184 2384 Glossa

355 2400 485 2424 ordinaria.
507 2401 601 2428 Bonelli,
619 2401 728 2429 supplens
750 2400 849 2423 breviter
870 2400 941 2427 dicta,
958 2401 994 2424 hic
1018 2400 1108 2423 exhibet
1129 2401 1186 2424 duas
1203 2430 1205 2432 q

355 2439 444 2461 Glossas
465 2439 603 2466 ordinarias,
620 2442 644 2461 ut
666 2439 770 2466 leguntur
794 2439 857 2466 apud
881 2440 994 2466 Lyranum
1016 2440 1058 2461 100.
1079 2439 1116 2462 cit.
1137 2439 1184 2462 sic:

356 2479 462 2499 horreum
480 2483 564 2500 meum.
582 2478 680 2505 intellige
704 2477 823 2505 iustitiam,
840 2483 899 2506 quae
922 2476 945 2499 ln
969 2477 1013 2498 fine
1038 2474 1185 2500 exercebitur.

356 2516 380 2537 Et
398 2518 489 2543 propter
506 2517 549 2538 1100
565 2516 619 2538 dicit
634 2517 711 2538 Glossa
728 2522 797 2543 super
813 2515 867 2538 illud
884 2514 951 2538 sinite
972 2517 1029 2537 em:
1047 2516 1109 2538 Sicut
1129 2516 1185 2539 inter

356 2553 431 2575 lolium
449 2557 471 2575 ct
488 2554 598 2580 triticum,
610 2554 720 2581 quamdiu
737 2553 806 2575 herba
822 2556 866 2580 est,
878 2559 959 2581 parum
977 2553 1054 2575 distat:
1068 2554 1096 2576 113
1110 2558 1186 2577 monet
1206 2570 1209 2572 -

356 2590 477 2616 Dominus,
495 2597 522 2612 ne
539 2591 567 2612 de
591 2591 700 2618 ambiguo
725 2592 863 2618 iudicemus,
880 2591 942 2620 quod
967 2591 1077 2614 Dominus
1102 2593 1123 2614 in
1148 2593 1185 2615 die

357 2628 434 2650 iudicii
451 2634 494 2650 non
512 2628 636 2655 suspiciose
644 2645 649 2654 ,
660 2628 699 2650 sed
712 2629 828 2651 manifeste
839 2628 963 2651 damnabit.
974 2629 996 2651 ln
1009 2623 1115 2657 patiendo
1126 2630 1185 2653 iusti-

357 2666 410 2687 tiam
428 2665 575 2691 meditemur,
593 2665 613 2687 10
631 2666 751 2688 iudicando
768 2667 898 2694 patientiam
923 2673 967 2689 non
991 2668 1140 2695 negligamus.
1160 2669 1186 2690 Et

356 2710 425 2731 super
442 2704 495 2726 illud
512 2705 532 2726 et
548 2703 571 2726 in
589 2706 690 2732 tempore
706 2707 762 2726 ete:
779 2705 818 2733 qui
834 2705 991 2733 longanimiter
1006 2707 1053 2728 tulit
1070 2713 1109 2734 per
1127 2706 1184 2729 10511-

357 2742 410 2764 tiam
428 2742 495 2769 digna
512 2741 626 2769 retribuit;
644 2742 753 2764 discretae
769 2745 821 2765 sunt
837 2743 897 2765 enim
908 2743 1014 2771 virtutes,
1027 2745 1067 2767 sed
1078 2751 1123 2767 non
1135 2751 1185 2768 con-

357 2780 446 2802 trariae.

418 2816 427 2829 Β
444 2818 507 2840 Vers.
526 2818 562 2840 40.
578 2830 608 2834 —
624 2818 717 2840 inferius
738 2825 780 2846 pro
802 2818 898 2848 myrtilis
917 2819 975 2849 ipsis
996 2820 1064 2844 rebus
1082 2822 1125 2844 DE
1145 2828 1183 2845 res

357 2855 420 2885 ipsae
436 2857 614 2885 cognoscantur.

1131 110 1240 139 SERMO
1262 110 1289 138 11.

1239 187 1362 215 videlicet
1383 187 1455 215 unde
1476 187 1579 215 malum
1599 186 1717 220 oriatur,
1739 195 1825 223 quare
1850 188 2026 223 sustineatur,
2048 192 2074 218 et

1238 233 1375 270 quomodo
1397 233 1536 269 puniatur.

1318 279 1343 306 [ι.
1367 279 1487 307 Primum
1519 279 1603 316 igitur
1634 280 1779 309 videndum
1810 283 1865 314 est,
1887 281 2074 318 0011151110-
2107 288 2221 306 Pars1no

1239 334 1331 363 gnum.
1354 325 1424 361 Quid
1445 326 1494 359 sit,
1515 326 1580 354 dicit
1600 327 1743 363 Apostolus
1764 326 1796 354 ad
1817 327 1950 355 Romanos
1970 328 2074 356 decimo
2092 311 2220 352 ἷὲἷῖῗᾱεῖτῖιοῗ

1240 371 1374 408 quartof’:
1399 372 1527 408 Regnum
1557 372 1608 400 Dei
1633 381 1690 400 non
1711 376 1750 400 est
1770 381 1836 400 esca
1860 376 1885 400 et
1900 377 2004 409 potus,
2026 357 2098 401 sed
2109 363 2156 398 ’Ὓι
2158 356 2221 398 ’ΝΜ

1240 418 1353 446 iustitia
1374 421 1399 445 et
1416 426 1479 454 pasc
1499 422 1525 446 et
1542 419 1688 455 yaudium
1709 419 1739 447 in
1760 419 1874 455 Spiritu
1899 423 2006 448 saneto
2029 420 2074 448 llic

1239 465 1375 494 subtiliter
1396 464 1526 499 describit
1546 465 1687 501 Apostolus
1708 465 1861 494 felicitatem
1890 465 1973 494 totius
1993 465 2075 493 liberi

1239 511 1373 544 arbitrii,
1395 510 1467 547 quod
1483 513 1524 538 est
1538 510 1651 540 facultas
1666 512 1812 540 voluntatis
1826 514 1853 540 et
1867 511 1988 540 rationis.
2004 511 2074 547 Quid

1239 561 1331 586 autem
1352 560 1393 585 est
1413 565 1528 593 regnum
1551 557 1619 585 Dei?
1642 559 1770 595 Reqrtum
1793 558 1843 586 Dei
1857 557 1925 586 nibil
1938 557 2012 586 aliud
2033 561 2074 586 est

1240 613 1322 641 quam
1354 604 1495 632 influentia
1525 603 1678 638 deiformis,
1699 604 1890 633 universaliter
1922 604 2074 632 rectificans

1240 650 1352 678 iudicia
1372 649 1501 683 rationis,
1523 649 1702 686 tranquillans
1722 651 1765 679 vel
1786 650 1930 687 pacificans
1950 649 2074 685 imperia

1239 696 1383 730 facultatis,
1396 696 1546 732 adimplens
1556 696 1599 724 vel
1611 696 1756 725 laetificans
1764 696 1907 725 desideria
1918 695 2072 724 voluntatis.

1240 743 1314 771 Unde
1336 742 1449 771 iustitia
1463 742 1530 771 nihil
1546 742 1619 770 aliud
1634 745 1674 771 est
1687 751 1768 779 quam
1785 743 1947 772 iudiciorum
1962 742 2073 771 rationis

1240 789 1403 818 universalis
1418 789 1590 822 rectificatio;
1603 797 1665 825 pasc
1680 789 1746 818 011111
1766 789 1839 818 aliud
1860 792 1901 818 est
1922 797 2002 825 quam
2024 789 2073 817 im-

1242 836 1380 873 periorum
1396 835 1531 864 facultatis
1546 835 1707 864 universalis
1721 836 1917 872 tranquillitas;
1928 835 2073 872 yauclium
2119 849 2122 852 -

1240 882 1308 911 nihil
1329 881 1402 910 aliud
1424 885 1464 910 est
1484 889 1566 918 quam
1589 881 1783 910 desideriorum
1807 881 1952 910 voluntatis
1964 881 2073 910 univer-

1240 929 1325 957 salis⁶
1347 928 1509 964 adimpletio.
1526 928 1556 956 Et
1575 920 1643 956 tunc
1664 932 1757 965 regnat
1777 928 1894 956 liberum
1915 927 2072 961 arbitrium,

1241 978 1268 1003 et
1282 983 1397 1012 regnum
1418 974 1523 1002 animae
1546 975 1663 1003 totaliter
1677 978 1715 1003 est
1730 977 1869 1011 pacatum;
1885 974 1958 1010 quod
1972 974 2073 1010 impos-

1241 1021 1318 1050 sibile
1338 1024 1379 1049 est
1399 1020 1457 1048 fieri
1481 1020 1506 1047 in
1529 1020 1672 1056 praesenti.
1688 1021 1753 1048 Nam
1767 1020 1839 1057 quod
1854 1019 1944 1048 onmia
1961 1019 2073 1047 iudicia

1240 1070 1334 1096 nostra
1354 1067 1408 1095 sint
1431 1066 1548 1099 directa,
1571 1066 1694 1103 imperia
1719 1066 1907 1102 tranquillata,
1929 1065 2072 1093 desideria

1241 1116 1440 1145 consummata,
1455 1113 1620 1148 impossibile
1641 1116 1695 1146 est,
1710 1113 1775 1140 dum
1791 1120 1886 1140 sumus
1901 1112 1926 1140 10
1943 1111 1993 1140 hac
2008 1111 2070 1139 vita.

1319 1161 1343 1188 5.
1367 1160 1404 1188 De
1426 1159 1543 1187 iudiciis
1565 1162 1637 1196 patet
1666 1159 1693 1187 in
1720 1159 1853 1191 scientiis,
1875 1159 1995 1187 maxime
2017 1166 2072 1187 me-
2118 1165 2206 1206 pum-03·

1238 1206 1362 1235 dicorum
1374 1228 1379 1239 ‚
1392 1206 1551 1234 iurisiurum
1562 1229 1567 1239 ,
1579 1206 1776 1242 astrologorum
1788 1229 1792 1239 ,
1805 1205 2008 1241 theologorum;
2025 1213 2072 1241 per
2090 1189 2186 1230 ‘¹⁰⁰³e‘iafu
2202 1194 2218 1206 ¹*

1239 1261 1308 1289 quas
1329 1252 1438 1289 quidem
1460 1252 1585 1280 scientias
1605 1252 1696 1280 omnia
1716 1251 1772 1280 fere
1798 1254 1939 1287 reguntur.
1961 1268 1999 1272 —
2020 1252 2072 1279 Me-
2090 1242 2196 1284 Ἒῦξυῇῗὲἷ

1239 1299 1363 1327 dicorum
1385 1299 1457 1326 enim
1480 1298 1579 1326 iudicia
1599 1306 1678 1334 saepe
1706 1300 1770 1326 sunt
1796 1297 1921 1333 obliqua;
1943 1297 2008 1334 quia
2028 1297 2073 1325 illa

1239 1350 1303 1374 sunt
1325 1345 1412 1373 media
1434 1345 1503 1372 inter
1526 1345 1658 1372 innatum
1680 1347 1707 1372 et
1727 1344 1874 1377 accidens,
1903 1346 1930 1372 et
1950 1343 2072 1371 acciden-

1240 1392 1275 1419 tia
1297 1394 1361 1420 sunt
1382 1391 1457 1419 varia
1478 1394 1504 1419 et
1526 1390 1745 1423 innumerabilia,
1767 1393 1793 1418 et
1814 1389 1949 1418 modicum
1972 1392 2074 1426 tempo-

1240 1438 1299 1466 ris⁷
1325 1437 1542 1474 complexionem
1563 1437 1704 1470 immutat;
1726 1439 1753 1464 et
1773 1439 1883 1472 propter
1905 1436 1956 1464 boc
1976 1436 2074 1464 fallun-

1241 1487 1295 1512 tur.
1313 1500 1348 1504 —
1372 1483 1532 1512 luristarum
1554 1483 1653 1511 iudicia
1673 1490 1752 1519 saepe
1773 1486 1837 1510 sunt
1858 1482 1986 1516 distorta;
2008 1482 2073 1518 quia

1240 1531 1285 1559 illa
1309 1533 1373 1559 sunt
1394 1531 1513 1559 medium
1536 1530 1605 1558 inter
1626 1538 1725 1557 verum
1748 1532 1774 1557 et
1796 1529 1964 1563 uerisimile,
1985 1532 2012 1557 et
2033 1529 2073 1556 in-

1240 1577 1364 1611 terdum,
1386 1577 1449 1613 quia
1470 1576 1616 1605 verisimile
1637 1575 1769 1612 probatur
1790 1578 1816 1604 et
1837 1576 1921 1612 magis
1945 1579 2072 1612 apparet,

1240 1631 1337 1652 verum
1358 1623 1519 1656 dimittitur,
1540 1625 1566 1650 et
1587 1622 1760 1658 decipiuntur
1772 1622 1790 1649 ⁸.
1814 1638 1849 1642 —
1871 1622 2073 1659 Astrologorum

1240 1668 1340 1697 iudicia
1367 1668 1491 1697 similiter
1519 1676 1599 1704 saepe
1619 1670 1684 1696 sunt
1702 1667 1838 1701 fallibilia,
1860 1667 1924 1704 quia
1944 1667 1989 1695 illa
2010 1671 2073 1696 sunt

1240 1715 1329 1743 media
1359 1715 1430 1743 inter
1456 1714 1652 1743 necessarium
1683 1716 1709 1742 et
1737 1713 1877 1750 possibile.
1906 1713 1974 1750 Quia
2001 1714 2073 1742 enim

1241 1768 1339 1788 causae
1359 1760 1501 1789 inferiores
1522 1763 1586 1789 sunt
1605 1759 1748 1796 possibiles
1767 1759 1815 1788 et⁰
1842 1759 1900 1787 ideo
1915 1759 2072 1792 variabiles,

1241 1805 1342 1834 idcirco
1359 1806 1497 1835 multoties
1511 1806 1693 1842 decipiuntur.
1710 1821 1745 1826 —-
1761 1805 1961 1842 Theologoruni
1975 1805 2073 1833 iudicia

1241 1851 1365 1880 similiter
1386 1852 1549 1889 quandoque
1570 1854 1634 1880 sunt
1654 1852 1744 1880 minus
1758 1854 1847 1885 recta,
1862 1851 1927 1887 quia
1947 1851 1992 1879 illa
2010 1854 2073 1879 sunt

1242 1897 1329 1926 media
1350 1898 1419 1926 inter
1441 1903 1588 1926 aeternum
1610 1906 1657 1927 seu
1679 1898 1848 1926 aeviternam
1869 1900 1896 1926 et
1911 1896 2070 1934 temporale.

1241 1944 1411 1980 Temporalia
1438 1948 1502 1972 sunt
1526 1945 1699 1978 intentiones,
1721 1945 1875 1973 affectiones
1905 1947 1931 1972 et
1957 1944 2072 1972 circum-

1241 1990 1355 2018 stantiae
1376 1990 1603 2024 innumerabiles,
1624 1998 1694 2027 quae
1721 1990 1857 2019 interdum
1883 1990 1990 2018 variant
2010 1998 2072 2026 ope-

1244 2035 1362 2064 rationes
1374 2036 1397 2052 ¹⁰
1417 2036 1490 2064 etin
1511 2036 1584 2064 aliud
1615 2043 1701 2073 genus
1725 2038 1843 2064 mutant:
1864 2039 1892 2064 et
1912 2036 1987 2069 ideo,
2008 2036 2072 2072 quia

2091 563 2184 582 Definitio.

2102 1026 2151 1045 Haec
2164 1026 2198 1044 tria
2213 1033 2215 1035 ¹

2090 1055 2138 1068 nunc
2153 1049 2197 1068 desi-

2089 1073 2145 1091 ciunt.

1302 2209 1312 2222 ⁴
1329 2211 1424 2237 Bonelli,
1437 2210 1603 2238 refragantibus
1614 2210 1631 2232 A
1642 2210 1692 2238 BC,
1710 2210 1778 2233 babet
1789 2209 1876 2232 Christi
1886 2216 1927 2237 pro
1938 2208 2070 2236 duodecim,

1241 2252 1262 2270 et
1280 2249 1370 2271 inferius
1386 2249 1510 2272 videndum
1527 2251 1560 2272 est
1576 2256 1617 2277 pro
1633 2248 1758 2272 ‘uidendum
1774 2248 1818 2272 erit
1826 2257 1835 2277 ,¹
1851 2248 1948 2271 subinde
1969 2247 2071 2277 difficilli-

1241 2286 1286 2310 mis
1302 2293 1343 2315 pro
1360 2287 1496 2317 difficilibus.

1303 2324 1313 2337 ⁶
1330 2326 1393 2348 Vers.
1407 2326 1442 2348 17.
1454 2338 1484 2343 --
1496 2326 1561 2354 Quod
1574 2326 1669 2349 liberum
1681 2326 1799 2348 arbitrium
1812 2326 1839 2348 sit
1851 2326 1942 2348 facultas
1954 2325 2071 2353 utriusque

1239 2363 1367 2390 potentiae,
1383 2364 1484 2386 defendit
1505 2364 1528 2386 S.
1545 2365 1635 2392 Bonav.,
1652 2366 1676 2387 11.
1694 2365 1753 2387 Sent.
1769 2364 1793 2386 d.
1809 2364 1846 2386 25.
1863 2370 1886 2392 p.
1902 2364 1917 2386 1.
1934 2369 1954 2385 a.
1972 2363 1993 2385 21.
2010 2370 2032 2392 q.
2049 2364 2070 2385 2.

1242 2402 1263 2423 3.
1280 2404 1302 2423 et
1318 2401 1374 2424 dub.
1392 2402 1410 2424 1,
1423 2414 1453 2419 -
1465 2403 1507 2424 Pro
1524 2402 1594 2425 totins
1611 2400 1730 2425 mallemus
1746 2402 1770 2425 in
1786 2407 1858 2431 reone
1875 2402 1924 2424 sive
1940 2401 2015 2430 regni.
2074 2400 2076 2403 '

1303 2438 1313 2451 ⁸
1330 2441 1358 2462 lta
1376 2440 1458 2462 Bonelli
1477 2442 1499 2462 et
1515 2441 1531 2462 B
1537 2449 1543 2467 ;
1560 2440 1582 2462 111
1598 2441 1647 2463 aliis
1665 2441 1775 2463 omittitur
1798 2439 1947 2463 universalis.
1971 2439 2071 2462 Subinde

1242 2480 1292 2500 ante
1309 2477 1362 2507 fieri
1378 2478 1446 2500 iidem
1458 2483 1578 2505 perperam
1590 2478 1699 2501 adiiciunt
1706 2484 1775 2508 posse
1780 2486 1790 2506 ;
1802 2483 1872 2506 porro
1883 2484 1925 2506 pro
1936 2478 1999 2501 Nam
2010 2476 2072 2507 quod

1242 2519 1329 2544 ponunt
1341 2516 1403 2539 Num
1419 2516 1461 2539 hoc
1479 2518 1516 2544 ut,
1536 2519 1557 2539 01
1574 2516 1703 2546 tranquilla
1720 2523 1761 2544 pro
1778 2515 1944 2545 t⁷·anquillata,
1957 2516 2020 2553 guod
2033 2516 2071 2537 na-

1242 2554 1295 2577 bent
1306 2555 1357 2577 cod.
1370 2555 1488 2577 Assisiens.
1504 2557 1525 2576 01
1541 2554 1557 2577 C
1568 2555 1622 2583 DE,
1640 2558 1661 2577 et
1677 2557 1781 2583 repetunt
1797 2555 1861 2577 infra.
1877 2566 1907 2570 —
1923 2555 1965 2576 lsta
1982 2554 2022 2576 tria
2039 2560 2071 2576 re-

1241 2593 1354 2621 spondent
1366 2593 1483 2621 analogiae
1495 2599 1546 2615 cum
1558 2599 1639 2622 reyno.

1302 2630 1311 2643 ⁷
1328 2633 1357 2654 ltu
1376 2632 1485 2659 ACDE;
1504 2631 1585 2654 Bonelli
1602 2633 1700 2661 tempus.

1303 2668 1312 2681 Β
1328 2670 1373 2692 Cfr.
1390 2670 1418 2692 de
1436 2670 1518 2692 iuristis
1534 2670 1639 2692 Hexaem.
1656 2670 1728 2692 collat.
1745 2670 1766 2692 5.
1783 2676 1806 2691 n.
1822 2669 1859 2691 21.

1302 2707 1312 2720 ⁹
1328 2708 1412 2730 Bonelli
1429 2708 1553 2735 transponit
1569 2709 1591 2731 et
1606 2711 1657 2730 ante
1678 2707 1776 2735 idcirco,
1793 2710 1815 2729 01
1836 2707 1919 2729 deinde
1940 2710 1991 2729 ante
2012 2707 2070 2730 aeui-

1241 2747 1335 2768 lernum
1352 2745 1433 2768 omittit
1448 2742 1581 2774 seu,''quod
1599 2745 1682 2768 nabent
1697 2745 1774 2768 ABG.

1303 2782 1321 2795 ¹⁰
1339 2783 1434 2806 ACDE
1452 2785 1555 2812 peccata.
1573 2784 1658 2806 Deinde
1677 2783 1796 2811 respicitur
1820 2783 1890 2805 Eccle.
1906 2783 1933 2811 9,
1952 2783 1959 2805 1
1974 2791 1979 2805 :
1996 2782 2069 2805 Nescit

1241 2824 1321 2849 horn0,
1333 2825 1409 2845 utrum
1421 2828 1499 2844 amore
1510 2826 1552 2844 etc.
1563 2834 1594 2839 —
1605 2823 1635 2844 Ex
1652 2823 1669 2844 Α
1678 2821 1695 2845 C
1704 2822 1722 2844 D
1731 2822 1746 2844 E
1763 2821 1920 2844 substituimus
1931 2821 2067 2844 animarum

1240 2860 1325 2884 iudices
1342 2867 1384 2889 pro
1400 2859 1537 2883 aminarum
1553 2860 1647 2883 iudicia.
