2285 3398
754 243 927 272 ITlNERARll
947 243 1067 272 MENTIS
1089 243 1120 272 ΙΝ
1141 243 1233 272 DEUM
1254 243 1282 272 C.
1306 244 1333 272 ll.

162 320 415 357 incorruptibilia,
436 323 468 350 ut
489 321 631 356 caelestia;
646 329 682 350 ex
701 330 757 359 quo
777 321 911 356 advertit,
926 330 1011 359 quae-

161 368 225 397 dam
246 375 306 396 esse
327 366 525 396 immutabilia
546 371 570 396 et
592 368 846 406 incorruptibilia,
862 371 893 396 ut
914 376 1012 405 super-

163 414 297 444 caelestia.

241 460 282 492 Ex
304 461 348 489 liis
368 468 435 497 ergo
456 461 611 490 visibilibus
628 461 775 498 consurgit
788 461 822 490 ad
837 461 1012 491 consideran-

19 514 52 538 εἰς
69 518 151 536 mntem-
162 508 230 537 dum
251 508 299 537 Dei
322 508 487 544 potentiam,
509 508 671 544 sapientiam
692 511 719 537 et
740 508 890 537 bonitatem
912 511 944 537 ut
964 516 1013 537 en-

52 540 151 582 ¹3i²¹¹'at‘i¹}¹i³3
164 558 234 590 tem,
256 555 395 584 viventem
416 558 443 583 et
463 555 677 591 intelligentem,
698 563 773 584 mere
795 555 966 592 spiritualem
986 558 1014 584 et

39 587 90 605 buta.
164 603 169 607 .
311 602 315 606 .
340 602 344 606 .
473 602 477 606 .
678 602 682 606 .

164 602 402 639 incorruptibilem
424 604 451 631 et
471 602 740 630 intransmutabilem
754 603 771 630 ¹.

244 649 279 677 14
301 649 370 677 llaec
390 652 483 677 autem
505 648 687 677 consideratio
707 649 839 677 dilatatur
860 649 1013 678 secundum

61 695 350 732 niiataiqrseptisormem
382 695 564 724 conditionem
586 698 797 730 creaturarum,
819 704 890 733 quae
911 699 952 725 est
972 696 1013 725 di-

29 726 156 773 ’ἷῗῗὲξὲἷιῗιῖὀ
164 742 242 770 vinae
264 742 417 778 potentiae,
439 741 588 778 sapientiae
609 744 636 770 et
667 742 796 771 bonitatis
825 743 1012 772 testimonium

21 788 338 825 &pamma-septiforme,
360 788 381 817 si
404 788 594 817 consideretur
616 792 780 817 cunctarum
802 797 898 818 rerum
919 789 1012 827 origo,

34 819 151 861 affluem-
163 835 352 872 maynitudo,
374 835 547 869 multitudo,
567 834 751 872 pulcritudo,
771 836 934 873 plenitudo,
950 845 1013 874 ope-

78 888 149 908 Prima.
163 882 241 910 ratio
262 885 289 910 ct
310 883 389 911 ordo.
414 898 451 903 —
472 881 561 918 Oriyo
590 889 710 918 namque
738 890 833 910 rerum
860 883 1013 912 secundum

164 929 343 963 creationem,
375 928 576 957 distinctionem
604 931 631 956 ct
661 931 790 957 ornatum
822 932 958 965 quantum
979 930 1013 958 ad

163 984 248 1013 opera
269 984 318 1005 sex
340 976 449 1005 dierum
470 975 591 1003 divinam
613 975 752 1011 praedicat
774 976 923 1012 potentiam
946 984 1013 1004 cun-

164 1027 207 1052 cta
227 1023 261 1051 de
282 1023 368 1052 nihilo
386 1022 601 1060 producentem,
625 1022 787 1058 sapientiam
802 1024 902 1050 cuncta
924 1022 1013 1051 lucide

164 1070 377 1107 distinguentem
398 1073 425 1098 et
446 1069 596 1097 bonitatem
618 1071 718 1097 cuncta
743 1068 856 1105 largiter
877 1068 1014 1097 adornan-

57 1123 150 1142 secunda-
165 1119 220 1145 tem
233 1117 252 1144 2.
269 1133 305 1137 -
320 1116 491 1154 Mayuituclo
512 1118 605 1143 autem
628 1123 723 1144 rerum
739 1114 892 1143 secundum
914 1115 1014 1143 molem

164 1163 357 1200 longitudinis,
380 1163 532 1192 latitudinis
564 1164 591 1190 et
622 1161 835 1198 profunditatis;
860 1161 1014 1190 secundum

164 1210 354 1238 excellentiam
371 1210 482 1239 virtutis
497 1210 589 1246 longe,
605 1209 658 1237 late
673 1212 700 1237 et
714 1208 849 1246 profunde
867 1215 896 1236 se
916 1211 1015 1236 exten-

163 1256 268 1290 dentiS‚
290 1257 362 1285 sicut
383 1260 457 1293 patet
478 1257 505 1284 in
520 1256 665 1284 diffusione
680 1255 764 1289 lucis;
781 1254 933 1283 secundum
955 1254 1014 1283 effi-

164 1303 265 1331 caciam
294 1302 461 1339 operationis
492 1302 619 1335 intimae,
648 1301 793 1329 continuae
825 1304 852 1329 et
882 1300 1013 1335 diffusae,

165 1349 236 1378 sicut
257 1352 331 1385 patet
353 1349 380 1377 in
402 1349 561 1385 operatione
582 1348 668 1384 ignis,
684 1347 826 1375 manifeste
847 1347 949 1376 indicat
964 1348 1014 1376 im-

165 1387 337 1425 mensitatem
360 1395 510 1432 potentiae,
526 1394 675 1430 sapientiae
689 1396 716 1422 et
730 1393 859 1422 honitatis
875 1394 940 1422 trini
956 1394 1014 1429 Dei,

165 1444 213 1480 qui
235 1443 261 1471 iii
284 1442 391 1471 cunctis
412 1442 497 1470 rebus
518 1440 567 1477 per
586 1441 761 1477 potentiam,
774 1441 973 1477 praesentiam
988 1444 1015 1470 et

81 1496 151 1515 Tertia.
165 1490 319 1518 essentiam
334 1489 345 1505 ⁸
374 1488 631 1524 incircumscriptus
661 1488 765 1516 existit.
795 1504 831 1509 -—
860 1488 1014 1517 Multitudo

164 1543 230 1563 vero
252 1543 346 1564 rerum
369 1534 521 1563 secundum
549 1534 736 1562 diversitatem
758 1535 931 1571 generalem,
954 1542 1015 1571 spe-

164 1582 260 1610 cialem
281 1584 308 1610 et
328 1581 523 1610 individualem
552 1581 579 1609 in
608 1581 778 1615 substantia,
800 1581 827 1609 in
852 1581 941 1610 forma
965 1589 1015 1610 seu

163 1629 254 1665 figura
274 1631 301 1657 et
322 1628 443 1656 efficacia
463 1627 538 1656 ultra
558 1635 668 1656 omnem
684 1628 834 1656 humanam
849 1628 1016 1657 aestimatio-

163 1684 242 1710 nem,
264 1675 407 1704 manifeste
435 1675 521 1703 trium
550 1673 760 1711 praedictarum
777 1675 965 1703 conditionum
987 1675 1015 1703 in

72 1730 148 1754 Quarta.
163 1722 219 1750 Deo
240 1721 452 1750 immensitatem
481 1721 602 1750 insinuat
633 1724 661 1750 et
681 1721 808 1749 ostendit.
831 1737 868 1742 —
897 1721 1015 1750 Pulcri-

163 1769 251 1797 tudo⁴²
269 1772 361 1797 autem
385 1777 480 1797 rerum
502 1768 655 1797 secundum
677 1768 839 1797 varietatem
861 1768 1014 1803 luminum,

163 1815 319 1851 figurarum
334 1818 362 1843 et
376 1815 501 1843 colorum
519 1815 547 1843 in
565 1815 730 1851 corporibus
745 1815 926 1851 simplicibus,
942 1815 1014 1843 mix-

164 1861 197 1889 tis
219 1864 246 1890 et
266 1862 349 1889 etiam
370 1861 614 1897 complexionatis,
629 1861 701 1889 sicut
719 1861 746 1889 in
768 1861 933 1898 corporibus
953 1869 1014 1890 cae-

162 1908 278 1937 lestibus
299 1907 544 1941 etmineralibus,
567 1908 638 1936 sicut
669 1908 807 1944 lapidibus
834 1911 862 1936 et
882 1908 1013 1943 metallis,

162 1955 263 1992 plantis
284 1957 311 1983 et
331 1954 512 1988 animalibus,
535 1954 588 1981 tria
616 1954 756 1990 praedicta
787 1954 929 1983 evidenter
949 1963 1014 1991 pro-

73 2010 150 2035 Quinta.
163 2001 272 2030 clamat.
289 2017 325 2021 —
342 2000 496 2028 Plenitudo
517 2003 610 2028 autem
633 2008 742 2034 rerum,
764 2000 917 2029 secundum
939 2001 1013 2038 quod

161 2047 290 2076 materia
310 2050 352 2075 est
373 2047 454 2083 plena
475 2046 571 2074 formis
585 2046 738 2075 secundum
755 2047 875 2075 rationes
896 2048 1013 2076 semina-

162 2094 241 2129 les⁶;
268 2093 370 2131 forma
400 2097 442 2122 est
473 2093 554 2130 plena
585 2093 688 2122 virtute
713 2093 867 2122 secundum
895 2094 1014 2123 activam

163 2141 332 2178 potentiam;
353 2141 449 2169 virtus
470 2144 511 2169 est
533 2140 613 2177 plena
633 2140 777 2169 effectibus
798 2140 951 2169 secundum
975 2141 1013 2169 ef-

85 2199 148 2218 sem.
162 2189 327 2223 ficientium,
356 2188 475 2225 idipsum
497 2187 640 2216 manifeste
661 2187 790 2216 declarat.
814 2204 851 2208 —
876 2187 1013 2225 Operatio

162 2235 327 2272 multiplex,
347 2234 499 2264 secundum
522 2233 596 2271 quod
610 2237 652 2263 est
671 2234 837 2268 naturalis,
860 2235 1012 2263 secundum

159 2282 235 2321 quod
257 2285 299 2311 est
320 2281 504 2318 artificialis,
527 2281 680 2310 secundum
708 2281 782 2318 quod
810 2284 851 2310 est
871 2282 1011 2315 moralis,

162 2337 213 2358 sua
234 2329 465 2366 multiplicissjma
497 2328 628 2356 varietate
659 2328 778 2356 ostendit
799 2328 1012 2357 immensitatem

227 2517 235 2530 ¹
253 2518 291 2541 Cor
317 2518 331 2540 l.
349 2519 412 2540 sent:
429 2518 461 2540 lit.
478 2517 591 2544 Magistri,
609 2517 632 2539 d.
650 2517 681 2539 lll.
699 2523 719 2540 c.
738 2518 759 2545 l,
775 2521 798 2540 et
814 2517 944 2541 Comment.
962 2525 984 2547 p,
997 2520 1012 2542 l.

163 2556 220 2580 dul).
237 2558 259 2580 l.
275 2569 307 2574 —
323 2557 367 2579 Pro
384 2558 460 2579 entem
477 2556 495 2578 Α
511 2555 658 2579 miscentem.

225 2595 234 2608 ¹
252 2596 311 2619 Vide
328 2596 444 2624 Breviloq.
461 2601 484 2623 p.
503 2595 525 2617 ll.
543 2601 562 2617 c.
582 2595 604 2617 1.
620 2598 643 2617 ct
660 2596 682 2617 2.

225 2633 235 2647 ⁸
251 2634 298 2657 Ctr.
314 2640 384 2663 supro
403 2640 457 2662 pag.
469 2634 494 2656 21
502 2634 527 2661 4,
538 2637 593 2656 nota
606 2634 628 2657 3.
638 2646 670 2651 —
682 2635 724 2657 Pro
736 2634 807 2658 rebus
819 2636 873 2659 edd.
885 2637 1012 2661 creaturis.

224 2672 235 2686 ⁴
252 2673 358 2696 Definitio
376 2669 537 2701 pulcritudinis
554 2673 622 2695 datur
639 2673 660 2695 in
679 2679 730 2702 cap.
747 2680 796 2703 seq.
814 2680 838 2697 n.
855 2675 877 2698 ὅ.

226 2710 236 2723 ⁵
253 2712 313 2734 Vide
330 2712 354 2734 ll.
372 2712 434 2734 sent.
451 2711 474 2734 d.
490 2711 512 2733 7.
531 2718 554 2740 p.
571 2712 595 2734 ll.
613 2718 633 2734 a.
651 2713 672 2734 2.
690 2718 712 2741 q.
731 2713 821 2736 Letd.
835 2714 1009 2744 ’18.υ.ν1.(].2.

163 2757 212 2780 seq.
230 2751 301 2773 Simili
319 2751 390 2773 modo
407 2750 490 2773 dicitur
508 2751 530 2773 in
546 2750 596 2773 Lib.
613 2751 643 2773 de
659 2750 753 2779 Causis‚
765 2758 860 2780 propos.
878 2754 918 2776 l0:
931 2753 1012 2777 Omnis

163 2789 312 2818 intelligentia
330 2790 397 2818 plena
415 2792 449 2811 est
466 2789 553 2812 formis.
569 2802 601 2806 —
618 2790 661 2812 Pro
677 2790 808 2814 secundum
830 2791 894 2821 quod
910 2792 929 2814 D
939 2793 981 2815 FG
991 2793 1010 2815 M

162 2828 293 2852 secundum
311 2835 396 2859 quam,
413 2832 435 2851 et
451 2829 545 2851 inferius
563 2833 605 2857 pro
622 2828 768 2859 efficientutm
785 2830 927 2854 ACDElK
938 2833 983 2855 Llll
994 2833 1011 2855 Ν

162 2866 300 2897 efficaciam.

225 2905 235 2919 ⁶
253 2908 386 2930 Secundum
413 2908 522 2935 August,
545 2908 599 2930 Vlll.
624 2908 653 2930 de
678 2907 728 2931 Civ.
752 2909 806 2937 Dei,
823 2915 843 2933 c.
861 2910 887 2938 4,
904 2912 1011 2939 superius

162 2951 218 2973 pag.
236 2946 277 2973 tii,
294 2949 349 2969 nota
365 2946 389 2969 7.
405 2947 537 2974 allegatum.
554 2945 600 2969 Ctr.
617 2946 685 2969 etiam
703 2953 774 2976 supra
791 2954 846 2976 pag.
864 2949 906 2977 ⁴2,
919 2952 972 2972 nota
988 2950 1011 2973 7.

225 2983 233 2997 ⁷
253 2985 311 3007 Vide
335 2977 405 3013 sup‘ra
432 2991 486 3013 pag.
505 2985 562 3011 179,
579 2988 631 3007 nota
649 2985 671 3008 9.
688 2986 845 3009 definitionem
870 2988 959 3011 ordinis
984 2995 1011 3011 ex

162 3024 259 3051 August.
271 3025 371 3047 allatam.
383 3023 428 3047 Csr.
440 3024 510 3046 etiam
527 3024 626 3051 Aristot„
639 3024 668 3047 de
685 3025 827 3049 Praedicam.
843 3032 864 3049 c.
878 3025 906 3050 dc
923 3026 1011 3051 Priori.

1858 247 1914 275 299

1068 321 1141 350 illius
1165 321 1297 356 virtutis,
1319 323 1394 351 artis·
1419 326 1446 351 et
1472 322 1621 358 bonitatis,
1642 332 1714 361 quae
1738 324 1849 362 quidem
1875 328 1916 353 est

1067 368 1197 396 omnibus
1222 376 1333 397 «causa
1354 369 1474 404 essendi,
1498 370 1568 398 ratio
1599 370 1765 408 intelligendi
1797 374 1825 400 et
1848 371 1916 399 ordo

1068 414 1176 443 vivendi
1188 415 1208 443 ⁰.
1225 431 1261 436 «-
1280 416 1357 444 Ordo
1378 419 1471 445 autem
1493 417 1646 446 secundum
1668 418 1802 446 rationem
1824 417 1917 446 dura·
1929 424 2020 448 Septima-

1069 461 1172 495 tionis,
1193 461 1362 491 situationis
1382 465 1409 491 et
1431 462 1616 499 influentiae,
1638 464 1741 493 scilicet
1769 472 1818 501 per
1839 464 1918 501 prius

1069 510 1096 536 et
1116 508 1268 544 posterius,
1290 509 1420 545 superius
1441 512 1468 538 et
1490 510 1605 539 interius
1616 510 1637 544 ⁷,
1659 511 1779 540 nobilius
1799 514 1826 540 et
1841 511 1917 549 igno-

1070 554 1165 589 bilius,
1193 555 1220 583 in
1247 555 1317 583 libro
1345 559 1490 585 creaturae
1522 556 1643 585 insinuat
1670 558 1813 587 manifeste
1834 559 1916 595 primi

1070 601 1197 638 principii
1226 602 1425 639 primitatem,
1451 603 1658 632 sublimitatem
1689 607 1717 633 et
1747 605 1918 642 diqnitatem

1070 650 1205 685 quantum
1227 648 1261 677 ad
1282 648 1445 678 infinitatem
1464 650 1624 686 potentiae,-
1638 650 1706 679 ordo
1727 659 1793 679 vero
1813 652 1919 681 divina-

1070 703 1134 724 rum
1156 694 1267 732 leyum,
1287 699 1513 733 praeceptorum
1539 699 1567 725 et
1598 697 1777 726 iudiciorum
1800 698 1826 727 in
1848 699 1919 727 libro

1070 742 1229 779 scripturae
1250 743 1463 772 immensitatem
1484 743 1662 781 sapientiae;
1682 744 1751 773 ordo
1772 748 1864 774 autem
1879 746 1920 774 di-

1070 789 1200 818 vinorum
1223 789 1499 824 Sacramentorum,
1522 790 1725 827 beneficiorum
1747 794 1774 820 et
1794 792 1919 821 retribu-

1071 836 1182 865 tionum
1203 837 1231 865 in
1252 844 1369 874 corpore
1391 837 1526 866 Ecclesiae
1540 837 1753 867 immensitatem
1770 838 1919 873 bonitatis,

1065 883 1108 911 ita
1129 882 1204 920 quod
1225 883 1282 920 ipse
1303 882 1372 911 ordo
1393 891 1442 912 nos
1464 883 1491 911 in
1512 884 1634 920 primum
1655 887 1683 913 et
1697 892 1851 919 summum,
1873 894 1921 922 po-

1072 930 1271 965 tentissimum,
1294 930 1527 967 sapientissimum
1552 934 1580 959 et
1607 932 1743 969 optimum
1774 932 1921 962 evidentis-

1071 977 1138 1006 sime
1160 977 1330 1006 manuducit.

1153 1025 1195 1052 15.
1212 1024 1264 1060 Qui
1279 1023 1364 1061 igitur
1379 1024 1462 1052 tantis
1476 1032 1572 1053 rerum
1587 1027 1780 1054 creaturarum
1796 1025 1923 1062 splendo-
1934 1031 2033 1074 ffffillffiu

1071 1069 1150 1098 ribus
1164 1078 1219 1098 non
1234 1069 1392 1098 illustratur
1409 1077 1508 1098 caecus
1522 1072 1578 1104 est;
1594 1070 1642 1106 qui
1658 1070 1741 1099 tantis
1756 1071 1924 1100 clamoribus
2024 1069 2028 1074 “

1071 1123 1125 1143 non
1147 1116 1257 1152 evigilat
1278 1116 1382 1145 surdus
1403 1119 1460 1150 est;
1478 1116 1526 1152 qui
1548 1124 1585 1145 ex
1606 1117 1736 1145 omnibus
1758 1117 1802 1146 his
1822 1117 1923 1146 effecti-

1072 1161 1124 1190 bus
1145 1162 1233 1190 Deum
1255 1169 1309 1190 non
1338 1162 1432 1190 laudat
1453 1165 1550 1191 mutus
1570 1165 1631 1196 est;
1650 1163 1698 1200 qui
1720 1171 1757 1191 ex
1779 1164 1862 1192 tantis
1881 1164 1924 1192 in-

1071 1207 1149 1236 diciis
1174 1208 1297 1245 primum
1325 1209 1497 1245 principium
1524 1217 1579 1237 non
1610 1209 1730 1238 advertit
1751 1210 1854 1239 stultus
1874 1214 1923 1239 est.

1072 1270 1109 1275 —
1130 1255 1210 1291 Aperi
1241 1255 1327 1291 igitur
1357 1255 1468 1289 oculos,
1490 1263 1573 1284 aures
1604 1255 1763 1292 spirituales
1793 1256 1924 1291 admove,
1939 1263 2054 1283 Admonitio-

1072 1300 1143 1329 labia
1156 1303 1211 1340 'tua
1232 1301 1307 1330 solve
1328 1303 1356 1329 et
1376 1309 1424 1329 cor
1446 1304 1525 1329 tuum
1547 1309 1655 1338 appone
1666 1302 1686 1336 ²³,
1701 1304 1734 1330 ut
1754 1302 1782 1330 in
1797 1303 1926 1332 omnibus

1072 1347 1209 1375 creaturis
1229 1347 1318 1375 Deum
1340 1350 1421 1375 tuum
1443 1347 1552 1381 videas,
1573 1347 1685 1381 audias,
1708 1348 1815 1382 laudes,
1829 1348 1927 1385 diligas

1072 1396 1099 1421 et
1120 1392 1211 1427 cblas‚'
1230 1393 1390 1430 magnifices
1411 1396 1439 1422 et
1460 1394 1596 1428 honores,
1618 1402 1652 1422 ne
1674 1394 1747 1436 forte
1766 1397 1841 1424 totus
1862 1403 1927 1424 con-

1073 1444 1116 1469 tra
1131 1444 1157 1469 te
1172 1440 1249 1469 orbis
1264 1443 1405 1469 terrarum
1421 1444 1579 1477 consurgat.
1596 1441 1663 1469 Nam
1674 1441 1710 1470 ob
1721 1441 1774 1470 hoc
1781 1442 1928 1479 puynabit

1073 1487 1152 1516 orbis
1174 1490 1325 1515 terrarum
1346 1490 1451 1515 contra
1472 1487 1637 1516 insensatos
1649 1488 1670 1522 ⁹,
1685 1491 1713 1517 et
1731 1491 1844 1517 econtra
1865 1497 1927 1518 sen-

1073 1534 1139 1563 satis
1160 1534 1214 1562 erit
1233 1534 1350 1562 materia
1370 1534 1490 1570 gloriae,
1511 1534 1559 1571 qui
1581 1534 1736 1563 secundum
1762 1535 1926 1572 Prophetani

1073 1583 1190 1617 possunt
1210 1580 1318 1609 dicere:
1340 1580 1493 1609 Delectasti
1513 1590 1574 1615 me,
1596 1582 1735 1618 Domine,
1751 1582 1783 1611 in
1802 1581 1927 1620 factura

1073 1631 1142 1662 tua,
1164 1628 1241 1655 etin
1272 1627 1408 1664 operibus
1435 1635 1583 1656 manuum
1615 1620 1738 1657 tuarum
1766 1629 1924 1658 exsultabo.

1075 1674 1171 1710 Quam
1192 1673 1386 1711 maqnisz'cata
1399 1678 1470 1702 sunt
1484 1683 1574 1711 opera
1590 1679 1655 1710 tua,
1672 1676 1811 1705 Domine!
1826 1677 1926 1705 omnia

1073 1721 1104 1749 in
1115 1721 1262 1758 sapientia
1272 1719 1377 1758 fecisti,
1393 1721 1511 1758 impleta
1525 1725 1566 1750 est
1576 1725 1657 1751 terra
1668 1724 1849 1760 possessione
1863 1727 1924 1752 tua.

1440 1813 1505 1843 Cap,
1529 1815 1557 1844 ll.

1126 1909 1166 1937 De
1186 1909 1381 1946 speculatione
1402 1908 1455 1937 Dei
1474 1909 1505 1937 in
1526 1910 1655 1947 vestigiis·
1676 1910 1741 1939 suis
1761 1910 1794 1939 in
1815 1909 1866 1939 hoc

1360 1955 1491 1983 sensibili
1510 1956 1629 1984 mundo.

1154 2050 1177 2077 l.
1200 2048 1254 2078 Sed
1272 2049 1404 2086 quoniam
1426 2049 1500 2078 circa
1521 2050 1666 2086 speculum
1680 2051 1853 2080 sensibilium
1868 2060 1923 2080 non
1936 2059 2011 2079 Gradus
2023 2060 2041 2078 ε,

1071 2095 1161 2124 solum
1182 2095 1315 2133 contingit
1336 2096 1515 2133 contemplari
1531 2096 1619 2125 Deum
1632 2106 1686 2134 per
1703 2097 1770 2135 ipsa
1792 2101 1923 2136 tanquam

1070 2149 1120 2179 per
1142 2142 1270 2179 vestigia,
1292 2150 1391 2171 verum
1413 2143 1494 2171 etiam
1517 2143 1549 2171 in
1570 2144 1652 2181 ipsis,
1674 2144 1702 2173 in
1723 2148 1860 2182 quantum
1882 2148 1924 2175 est

1070 2189 1098 2217 in
1119 2189 1158 2218 eis
1179 2197 1229 2226 per
1250 2190 1418 2224 essentiam,
1436 2191 1597 2227 potentiam
1618 2195 1645 2220 et
1664 2193 1881 2229 praesentiam;
1896 2196 1924 2222 et

1069 2236 1122 2265 hoc
1143 2236 1319 2265 considerare
1344 2240 1386 2265 est
1407 2237 1490 2266 altius
1502 2238 1526 2254 ¹⁰
1546 2246 1631 2275 quam
1656 2239 1839 2275 praecedens:
1862 2240 1922 2269 ideo

1070 2283 1229 2312 huiusmodi
1261 2283 1443 2313 consideratio
1475 2285 1628 2314 secundum
1655 2289 1729 2315 tenet
1750 2287 1841 2315 locum
1863 2290 1922 2315 tan-

1070 2337 1154 2367 quam
1175 2330 1315 2359 secundus
1335 2331 1573 2368 contemplationis
1587 2332 1703 2369 gradus,
1719 2341 1775 2370 quo
1789 2333 1922 2363 debemus

1068 2532 1099 2537 -
1112 2520 1144 2543 De
1162 2519 1222 2544 libi-o
1238 2522 1364 2544 creaturae
1380 2521 1434 2544 vide
1452 2522 1568 2551 Breviloq.
1584 2528 1608 2550 p.
1625 2522 1648 2544 ll.
1666 2528 1687 2545 c.
1705 2523 1727 2545 3.
1744 2528 1794 2552 seq.
1808 2526 1830 2546 et
1845 2529 1865 2546 c.
1878 2523 1919 2551 ll;

1069 2559 1099 2582 de
1115 2560 1164 2582 aliis
1181 2559 1245 2582 libris
1270 2560 1324 2583 vide
1350 2560 1406 2583 ibid.
1430 2561 1522 2589 Prolog.
1539 2561 1553 2590 S
1570 2562 1592 2584 ¹l.
1608 2567 1659 2590 seq.
1675 2564 1697 2584 et
1717 2568 1740 2590 p.
1758 2562 1796 2585 Vl.
1813 2568 1833 2585 c.
1851 2563 1873 2585 l.
1889 2575 1920 2580 -

1069 2598 1146 2621 Verba
1162 2598 1250 2623 scilicet
1263 2606 1308 2629 per
1322 2599 1418 2630 prius...
1439 2600 1567 2630 ignobilius
1592 2601 1729 2623 omittuntur
1749 2601 1782 2630 (et
1802 2602 1846 2624 lioc
1866 2602 1921 2624 satis

1068 2637 1228 2668 probabiliter)
1240 2645 1253 2661 a
1265 2639 1383 2668 plerisque
1403 2639 1481 2667 codd„
1493 2639 1551 2662 inter
1563 2645 1623 2668 quos
1640 2640 1690 2667 BP,
1707 2645 1756 2662 non
1772 2646 1829 2662 vero
1847 2640 1877 2663 ab
1894 2641 1920 2663 Α.

1069 2677 1164 2699 Inferius
1180 2677 1232 2700 Vat.
1252 2677 1336 2700 omittit
1356 2677 1526 2701 sublimitatem
1548 2680 1571 2701 et
1590 2677 1745 2708 diqnitatem‚-
1762 2679 1862 2702 vocibus
1879 2679 1921 2702 im-

1068 2715 1216 2739 mensitatem
1232 2716 1363 2746 sapientiae
1379 2717 1399 2739 G
1408 2717 1427 2739 K
1437 2717 1453 2739 L
1464 2717 1483 2739 M
1494 2717 1511 2739 N
1529 2717 1668 2740 interserunt
1684 2718 1794 2742 ostendit.

1131 2752 1141 2766 ⁸
1158 2755 1226 2778 Prov.
1238 2756 1281 2782 22,
1295 2755 1336 2778 '172
1349 2755 1433 2778 inclina
1450 2761 1531 2778 aurem
1549 2759 1612 2779 tuam
1629 2759 1652 2779 et
1668 2757 1723 2780 audi
1740 2756 1813 2779 verba
1830 2757 1919 2785 sapien-

1068 2794 1138 2822 tium;
1156 2800 1249 2823 appone
1266 2797 1344 2817 autem
1361 2800 1401 2817 cor
1418 2795 1448 2817 ad
1465 2795 1594 2818 doctrinam
1613 2802 1697 2819 meam.
1713 2808 1745 2813 —
1762 2797 1859 2819 Interius
1876 2803 1919 2825 pro

1068 2835 1131 2857 totus
1147 2833 1202 2856 edd.
1213 2836 1235 2856 et
1246 2834 1325 2862 plures
1337 2834 1407 2857 codd.
1418 2833 1560 2864 univer-ms,
1572 2838 1595 2857 et
1606 2841 1649 2863 pro
1662 2837 1793 2865 consurgat
1803 2835 1820 2858 C
1832 2838 1854 2858 et
1867 2836 1875 2857 sl
1886 2853 1891 2863 ,
1905 2837 1918 2863 2

1068 2871 1190 2901 insurgat.

1130 2909 1141 2922 ⁹
1158 2911 1212 2939 Sap.
1229 2911 1255 2939 5,
1273 2912 1311 2935 2¹.
1327 2924 1359 2929 —
1376 2913 1430 2941 Seq.
1455 2912 1519 2935 locus
1544 2915 1579 2935 est
1603 2913 1640 2936 Ps.
1665 2913 1708 2941 91,
1726 2913 1752 2940 5,
1779 2913 1859 2936 tertius
1883 2915 1919 2935 est

1068 2950 1105 2972 Ps.
1123 2950 1181 2978 loa,
1198 2950 1237 2973 24.

1131 2988 1151 3002 ¹⁰
1168 2990 1186 3012 ll
1204 2990 1222 3012 O
1240 2992 1261 3013 ct
1278 2990 1336 3014 haec
1352 2990 1510 3015 consumatio
1526 2993 1560 3015 est
1576 2990 1657 3015 altior.
