2285 3398
192 504 310 524 Del-ermina-

229 531 264 547 tur.

179 693 208 713 De
221 697 254 719 esu
270 697 310 711 cai·-

214 721 273 735 mum.

192 1211 308 1231 Notandum.

194 1352 262 1380 Cautio
274 1358 308 1372 au-

214 1380 278 1396 etot-ts.

189 1730 306 1755 Exemplum.

332 89 386 117 148

325 170 390 196 runt
412 166 530 204 Apostoli
553 169 580 195 et
600 174 698 195 eorum
719 166 863 203 discipuli;
885 169 913 196 et
933 166 1023 196 medio
1051 170 1177 203 tempore

324 214 399 243 viros
420 213 603 250 intelligentes
624 213 651 241 in
673 212 826 250 scripturis
846 216 874 242 et
895 213 1049 243 rationibus
1069 213 1175 241 vivis1:

324 262 362 291 sic
384 262 481 290 ultimo
503 263 627 298 tempore
648 260 807 289 introduxit
827 260 903 290 viros
923 261 1079 290 voluntarie
1099 268 1176 288 men-

323 310 444 339 dicantes
465 311 492 337 et
514 316 651 345 pauperes
672 308 758 337 rebus
779 307 935 337 mundanis.
952 308 983 337 Et
998 308 1049 336 hoc
1064 306 1176 344 quidem

322 359 396 385 recte
418 355 604 392 congruebat,
620 358 652 384 ut
665 363 715 392 per
730 354 835 392 primos
849 355 1043 383 destrueretur
1064 353 1176 382 idolola-

322 404 375 432 tria
396 406 422 432 et
444 403 581 431 idolorum
596 405 739 440 portenta,
754 410 805 439 per
819 402 955 431 secundos
973 400 1111 433 haeresis,
1126 407 1176 436 per

322 451 417 480 tertios
431 450 556 483 avaritia,
572 457 644 487 quae
658 449 686 478 in
702 450 756 478 line
771 449 873 478 saeculi
884 448 1006 478 maxime
1020 450 1125 484 regnat.
1139 462 1175 466 —

322 498 507 529 Nihilominus
528 501 635 531 tamen,
658 497 725 534 quia
746 500 896 534 paupertas
909 495 1120 525 fundamentum
1135 496 1177 522 est

321 546 495 584 evangelicae
518 544 709 582 perfectionis,
724 547 751 573 et
765 544 825 581 ipsa
839 547 881 572 est
895 542 973 580 quasi
993 541 1177 578 complemen-

321 597 381 623 tum
403 593 542 626 eiusdem;
565 592 626 620 ideo
646 591 735 628 viguit
756 591 783 619 in
806 590 941 620 Ecclesiae
962 588 1130 626 primordio,
1150 590 1177 616 et

323 648 479 678 congruum
501 643 557 673 est,
579 642 611 668 ut
632 639 722 676 vigeat
743 638 817 667 circa
839 637 974 666 Ecclesiae
989 635 1177 665 5131001ᾗο3-

322 688 385 718 lem.
407 687 498 721 Unde,
524 687 596 716 sicut
624 686 807 722 Hieronymus
834 684 959 713 dissolvit
986 682 1176 721 quaestionem

323 736 398 765 illam
420 735 453 764 de
475 742 524 763 esu
546 733 689 767 carnium,
710 732 886 761 distinctione
908 730 1049 768 trigesima
1063 730 1176 767 quinta,

321 783 366 812 Ab
387 782 546 816 0310111102,
568 780 678 814 dicens,
699 779 774 817 quod
796 779 824 808 in
846 779 937 816 primo
964 781 1089 815 tempore
1113 780 1177 806 ante

320 830 457 860 diluvium
479 838 532 858 non
555 831 615 857 erat
635 828 663 856 in
685 826 886 856 consuetudine
907 833 972 855 esus
992 825 1177 859 03101001,οι

321 881 416 916 postea
437 880 499 915 post
520 875 656 905 diluvium
678 874 863 903 communiter
884 873 936 902 suit
957 873 1087 902 omnibus
1112 880 1176 901 con-

321 933 431 959 cessus,
453 927 480 953 et
501 926 563 961 post
585 923 611 951 in
633 922 755 951 adventu
776 921 879 950 Christi
901 920 1048 949 laudabilis
1063 919 1176 949 11111311-

320 972 450 1002 stinentia
470 972 505 1000 ab
525 979 575 1000 esu
597 970 724 999 carnium
740 986 776 990 —
792 969 866 998 unde
886 968 952 998 dicit
970 968 1086 1001 ibidem,
1101 967 1176 1005 quod

325 1032 338 1046 «
349 1027 446 1057 omega
467 1018 585 1047 revolvit
599 1018 633 1046 ad
647 1017 730 1055 alpha
741 1029 754 1043 »
769 1040 775 1051 ‚
793 1016 818 1045 id
833 1019 887 1051 est,
903 1016 993 1044 finalis
1008 1018 1096 1044 status
1111 1023 1175 1043 con-

320 1067 445 1097 cordavit
466 1075 530 1095 cum
553 1065 643 1103 primo
666 1081 702 1086 --
724 1065 763 1094 sic
784 1064 851 1093 satis
872 1063 1069 1092 convenienter
1095 1062 1175 1091 intel-

320 1115 366 1152 ligi
388 1116 526 1152 potestet
547 1113 574 1142 in
596 1113 746 1150 proposito.
769 1112 846 1143 sieut
871 1114 963 1149 tamen
992 1110 1176 1146 Hieronymus

320 1171 375 1191 non
397 1161 524 1198 intelligit
544 1160 578 1189 de
598 1160 764 1189 abstinentia
778 1159 812 1187 ab
827 1167 876 1187 esu
891 1158 1019 1187 carnium
1038 1160 1175 1194 quantum

320 1209 354 1238 ad
375 1216 486 1242 omnes,
508 1207 556 1236 sed
577 1209 714 1244 quantum
736 1206 769 1234 ad
784 1205 935 1234 monachos
948 1205 1055 1238 solum;
1071 1204 1110 1233 sic
1125 1211 1175 1232 nec

321 1256 355 1285 de
376 1258 540 1292 paupertate
561 1253 769 1290 intelligendum
801 1255 869 1289 puto
900 1252 952 1280 nisi
983 1254 1120 1288 quantum
1141 1250 1174 1278 ad

321 1309 458 1340 pauperes
481 1300 678 1334 voluntarios,
700 1299 748 1336 qui
771 1298 927 1327 voluntarie
942 1297 1176 1326 renuntiaverunt

320 1349 433 1379 mundo.
458 1365 494 1369 —
516 1348 583 1376 Nolo
604 1350 713 1380 tamen,
735 1346 810 1383 quod
825 1345 925 1383 aliquis
940 1353 977 1374 ex
992 1345 1044 1373 hoc
1059 1346 1174 1381 arguat,

321 1397 399 1435 quasi
422 1405 473 1434 ego
494 1396 600 1429 dicam,
616 1394 690 1431 quod
706 1394 759 1422 iam
775 1393 857 1422 instet
872 1392 932 1421 (lies
952 1392 1071 1421 Domini
1081 1392 1109 1426 ³,
1125 1399 1175 1420 nec

320 1444 395 1482 quod
418 1444 545 1481 proprias
565 1441 701 1479 fimbrias
721 1440 907 1479 magnificem
928 1443 954 1468 et
974 1439 1108 1473 (litatem,
1128 1447 1174 1467 vo-

320 1492 379 1521 lens
400 1499 493 1520 corani
517 1489 677 1519 hominibus
697 1488 858 1521 iustilicari3
887 1495 937 1516 nec
966 1486 1040 1524 quod
1068 1486 1174 1523 praefe-

320 1547 378 1568 ram
401 1539 549 1567 modernos
570 1536 676 1565 Sanctis
690 1535 826 1572 antiquis,
842 1535 908 1572 quia
922 1534 949 1563 in
964 1542 1064 1571 magno
1078 1536 1106 1563 et
1120 1534 1175 1562 alto

320 1578 393 1616 statu
415 1585 533 1614 inveniri
548 1586 665 1621 possunt
682 1582 760 1612 multi
776 1582 879 1611 infirmi
894 1584 922 1611 et
940 1581 1108 1618 iinpersecti;
1124 1589 1175 1610 nec

319 1634 370 1663 iste
392 1633 507 1670 5111111115
528 1631 701 1669 paupertatis
721 1630 809 1659 defuit
830 1628 1004 1667 temporibus
1018 1628 1172 1658 retroactis.

320 1681 401 1710 quta
421 1679 496 1717 quod
516 1679 582 1707 dicit
612 1678 763 1715 Gregorius
794 1676 876 1706 tertio
907 1676 1108 1713 Dialogorum‘*
1140 1675 1174 1704 de

320 1727 439 1765 quodam
462 1725 635 1755 sanctissimo
648 1725 725 1759 viro,
741 1725 813 1753 Isaac
828 1724 954 1757 nomine,
969 1723 1016 1761 qui
1032 1723 1085 1752 fuit
1098 1731 1173 1752 ama-

320 1779 363 1804 tor
378 1774 546 1812 praecipuus
560 1772 740 1810 paupertatis
758 1772 832 1801 Unde
846 1775 874 1801 et
888 1771 921 1800 de
936 1779 968 1800 eo
982 1771 1062 1800 dicit:
1080 1771 1173 1799 «Cum

320 1823 344 1852 ei
366 1822 466 1851 crebro
486 1820 614 1857 discipuli
636 1820 799 1852 innuerent,
820 1822 852 1847 ut
873 1826 924 1855 pro
945 1826 999 1848 usu
1013 1818 1173 1847 monasterii

323 1868 525 1906 possessiones,
547 1874 618 1904 quae
640 1866 845 1899 offerebantur,
866 1865 1018 1902 acciperet3
1040 1865 1086 1894 ille
1101 1864 1174 1894 solli-

322 1916 394 1944 citus
421 1922 505 1952 suaet
513 1913 684 1951 paupertatis
705 1915 798 1941 custos
825 1913 924 1941 sortem
950 1912 1112 1941 sententiam
1136 1915 1174 1941 te-

322 1962 405 1991 nebat
426 1961 536 1990 dicens:
559 1960 726 1994 monachus,
749 1960 796 1996 qui
818 1960 845 1988 in
871 1962 947 1988 terra
974 1959 1173 1996 possessionem

323 2009 447 2047 quaerit,
469 2008 623 2036 monachus
638 2015 692 2035 non
707 2009 756 2035 est.
773 2006 815 2035 Sic
830 2007 933 2044 quippe
951 2006 1092 2035 metuebat
1106 2014 1174 2043 pau-

324 2056 439 2094 pertatis
461 2063 528 2085 suae
550 2054 726 2083 securitatem
748 2053 881 2091 perdere,
903 2054 975 2082 sicut
995 2053 1070 2082 avari
1087 2053 1175 2082 solent

323 2104 462 2141 perituras
483 2102 592 2132 divitias
613 2101 760 2131 custodire.
784 2101 820 2130 lbi
836 2101 929 2138 itaque
944 2101 1105 2138 prophetiae
1120 2101 1174 2138 spi-

323 2152 378 2180 ritu
400 2154 427 2180 et
448 2150 556 2188 magnis
576 2148 719 2178 miraculis
739 2148 846 2177 cunctis
868 2148 947 2185 longe
968 2148 1078 2185 lateque
1097 2148 1173 2177 habi-

386 2345 393 2358 ¹
412 2347 419 2369 1
440 2345 521 2374 miris,
541 2346 579 2368 ed.
596 2346 659 2368 Alex.
677 2345 725 2368 1101.
742 2344 814 2368 nimis
838 2344 994 2369 abundantes.
1018 2345 1082 2367 Nulla
1108 2345 1173 2367 lectio

324 2388 406 2415 placet.

385 2425 394 2438 ²
411 2426 467 2449 Can.
485 2427 510 2453 2,
528 2428 620 2448 sumtus
636 2432 663 2447 ex
681 2425 786 2451 llieron.,
804 2425 819 2447 1.
837 2425 950 2448 adversus
967 2425 1079 2448 1011111311.
1096 2431 1119 2447 n.
1138 2425 1174 2448 le.

321 2478 352 2482 —
369 2465 464 2488 1111011115
482 2465 536 2488 edd.
553 2471 607 2487 cum
626 2465 643 2487 Μ
663 2464 771 2487 omittunt
788 2463 817 2487 ab
834 2470 883 2487 esu.
1120 2465 1122 2467 “

362 2497 365 2500 ’
384 2503 394 2516 ³
411 2505 482 2532 Epist.
499 2504 522 2527 ll.
542 2505 623 2526 Thess.
636 2505 649 2526 2
658 2521 663 2531 ,
675 2505 698 2526 2.
708 2515 740 2520 —-
751 2503 885 2525 lmmediate
898 2506 950 2531 post
962 2504 1084 2532 respit-itur
1096 2504 1173 2526 Mattu.

323 2544 363 2571 23,
376 2544 403 2571 ὃ,
415 2544 445 2566 (10
456 2550 504 2573 (1110
516 2544 571 2566 vide
583 2549 653 2571 supra
667 2549 721 2571 pag.
735 2542 790 2569 140,
803 2545 856 2565 nota
869 2542 895 2569 5;
908 2542 1008 2566 subinde
1017 2543 1072 2566 Luc.
1086 2543 1123 2570 161
1134 2542 1174 2565 r15:

323 2583 370 2606 Vos
387 2584 453 2611 05115,
471 2584 510 2613 qui
529 2583 655 2606 institit-atis
673 2589 715 2605 105
732 2588 810 2604 coram
829 2582 969 2605 hominibus.

384 2622 393 2634 ⁴
411 2622 468 2654 (3311.
488 2623 523 2645 14.
540 2623 564 2645 111
582 2623 627 2644 line
645 2628 688 2650 pro
705 2620 794 2645 claruit
811 2624 885 2643 textus
902 2622 1020 2649 originalis
1037 2620 1159 2645 inclaruit.

384 2660 394 2673 ⁶
411 2661 474 2684 Libr.
492 2665 571 2684 contra
590 2661 698 2689 Vigilant.
717 2667 740 2682 n.
758 2661 795 2682 113.
812 2661 929 2688 Allegatur
946 2661 995 2683 Gal.
1012 2662 1039 2689 2,
1058 2662 1080 2683 9.
1092 2667 1141 2690 seq.
1153 2663 1176 2682 et

322 2701 338 2722 l.
354 2700 407 2723 Cor.
428 2702 466 2728 16,
484 2703 505 2724 2.
523 2702 547 2724 ln
565 2702 610 2724 1100
628 2701 749 2729 respicitur
767 2701 802 2722 Ps.
824 2700 846 2727 1,
864 2700 890 2722 2:
909 2701 932 2722 ln
951 2702 1001 2729 lege
1018 2702 1068 2724 eius
1080 2701 1175 2724 medita-

322 2738 383 2762 bitur
401 2740 438 2762 die
456 2747 482 2762 ac
500 2744 566 2763 nocte
584 2741 635 2769 (cfr.
652 2741 718 2763 losue
736 2740 762 2767 l,
780 2739 824 2768 8.);
848 2740 915 2762 Num.
942 2740 981 2768 18,
1004 2742 1044 2763 20:
1067 2741 1174 2769 Dixitque

323 2778 436 2801 Dominus
454 2780 483 2801 ad
496 2780 583 2802 Aaron:
597 2780 620 2802 ln
633 2783 692 2802 terra
705 2785 786 2802 eorum
799 2779 854 2801 nihil
868 2779 1015 2807 possidebitis
1027 2786 1070 2803 nec
1082 2779 1175 2802 habebi-

323 2817 350 2839 tis
364 2820 453 2844 partem
467 2819 523 2840 10101
533 2825 580 2845 005,
590 2826 634 2847 ego
644 2826 698 2847 pars
707 2822 729 2841 et
739 2819 854 2842 hereditas
864 2821 901 2840 tua
911 2822 954 2841 etc.
964 2819 1015 2847 (cfr.
1024 2820 1090 2842 Dent.
1101 2820 1142 2847 l8,
1153 2819 1174 2841 l.

323 2856 395 2884 seq.);
413 2857 436 2878 H.
454 2856 506 2879 Cor.
524 2858 552 2884 8,
574 2859 608 2886 l3·
625 2865 686 2887 seq.:
705 2853 754 2881 Non
766 2858 840 2886 00110,
853 2861 878 2880 ut
894 2858 943 2880 aliis
959 2858 988 2881 sit
1004 2859 1123 2886 remissio,
1135 2864 1174 2881 vo-

323 2895 359 2917 his
376 2898 452 2917 autem
471 2896 598 2923 tribulatio,
615 2898 656 2920 scil
673 2905 700 2920 ex
718 2898 863 2927 aequalitate.
884 2898 908 2920 10
931 2898 1044 2926 praesenti
1068 2900 1174 2927 tempore

986 88 1212 125 QUAESTIONES
1233 86 1434 116 DisruTATAE

1234 165 1356 194 tantibus
1378 165 1434 192 vita
1454 165 1514 193 eius
1539 165 1676 194 claruit».
1706 167 1747 195 Ex
1775 175 1831 204 quo
1859 171 1989 205 apparet,
2012 168 2089 206 quod,

1232 212 1359 241 doctrina
1380 212 1467 248 ipsius
1488 213 1688 241 contemnenda
1709 221 1763 242 non
1785 214 1845 243 fuit.

1313 259 1367 287 Hoc
1398 259 1481 287 etiam
1513 267 1599 296 supra
1629 262 1771 288 ostensum
1802 261 1855 289 fuit
1885 262 2085 299 multiplicibus
2099 269 2133 293 Ep·

1233 306 1370 343 exemplis
1391 309 1418 335 01
1438 306 1530 335 adhuc
1550 306 1639 335 multo
1661 307 1789 351 pluribus
1810 312 1902 345 posset
1923 309 2037 338 ostendi.
2055 310 2086 338 Et
2122 317 2156 335 tio-

1234 353 1256 381 si
1278 353 1353 382 nulla
1375 353 1505 390 exempla
1525 356 1633 387 essent,
1655 353 1721 382 satis
1742 362 1792 390 per
1814 362 1843 384 se
1870 355 1963 392 ipsum
1992 356 2085 385 lauda-

1234 400 1296 429 bilis
1317 404 1358 429 est
1379 404 1468 430 status
1489 400 1737 430 excellentissimae
1758 402 1945 438 paupertatis,
1967 411 2021 432 non
2043 411 2086 432 so-

1234 447 1292 476 lum
1314 448 1467 477 secundum
1490 448 1663 485 scripturam
1685 456 1808 483 sacram,
1830 457 1929 478 verum
1948 449 2029 479 etiam
2045 458 2086 479 se-

1233 495 1355 524 cundum
1376 496 1543 525 documenta
1564 496 1744 530 Sanctorum,
1760 503 1832 532 quae
1847 497 2018 533 paupertatis
2032 500 2086 525 sta-

1234 545 1293 572 tum
1315 543 1504 572 voluntarium
1525 543 1719 572 commendant
1744 546 1875 580 tanquam
1903 544 2086 581 praecipuum

1234 593 1261 619 et
1283 589 1445 626 perfectum.
1478 591 1555 619 Sicut
1582 599 1649 628 ergo
1679 590 1834 619 absurdum
1866 593 1907 619 est
1938 591 2016 619 valde
2044 599 2087 619 re-

1234 637 1353 674 probare
1384 640 1485 666 statum
1517 638 1728 675 coniugatorum
1760 637 1894 672 divitum,
1920 638 2086 672 absurdius,

1234 687 1337 713 statum
1359 684 1524 713 clericorum
1546 688 1574 714 et
1601 685 1795 722 religiosorum
1824 685 2009 722 possessiones
2038 685 2086 714 ha-

1234 731 1375 766 bentium3
1398 731 1437 760 sic
1458 735 1485 761 et
1505 732 1736 761 absurdissimum
1764 732 1891 767 videtur,
1913 732 1935 761 si
1961 732 2024 770 quis
2045 732 2086 761 in-

1234 779 1377 813 veniatur,
1398 779 1446 816 qui
1468 779 1619 816 reprobare
1650 779 1715 808 velit
1746 781 1850 808 statum
1881 788 2036 817 pauperum
2058 780 2086 808 in

1233 830 1397 864 paupertate
1418 826 1551 856 altissima
1570 830 1598 856 et
1618 826 1819 856 mendicatione
1837 827 1992 857 humillima
2006 827 2086 855 Chri-

1234 877 1276 903 sto
1297 874 1414 902 Domino
1434 874 1628 903 famulantium
1650 874 1731 903 iuxta
1751 874 1897 904 consilium
1915 882 1965 911 per
1979 882 2010 903 os
2025 874 2085 903 Iesu

1232 921 1333 951 Christi
1350 921 1523 958 propositum
1535 924 1562 950 et
1572 921 1856 958 irreprehensibiliter
1867 921 2084 958 promulgatum.

1232 970 1335 998 Horum
1351 977 1463 997 causam
1478 968 1598 998 defendit
1613 969 1797 1005 Hieronymus
1811 968 1838 997 in
1854 968 1983 1005 epistola,
1999 976 2084 1006 quam

1232 1017 1342 1054 scripsit
1363 1016 1498 1045 adversus
1520 1016 1697 1054 Vigilantium
1710 1016 1736 1044 5:
1757 1028 1770 1041 «
1782 1016 1819 1044 Ad
1833 1024 1878 1045 ine
1893 1016 2012 1044 relatum
2027 1018 2084 1050 est,

1232 1064 1337 1102 inquit,
1353 1064 1427 1101 quod
1442 1067 1540 1092 contra
1553 1064 1747 1093 auctoritatem
1762 1063 1880 1100 Apostoli
1898 1063 1988 1097 Pauli,
2000 1063 2085 1092 immo

1232 1111 1319 1144 Petri,
1336 1111 1442 1139 Ioannis
1457 1113 1484 1139 et
1499 1110 1602 1144 Iacobi,
1617 1111 1665 1147 qui
1681 1111 1816 1139 dexteras
1831 1111 1973 1139 dederunt
1987 1110 2084 1139 Paulo

1231 1162 1255 1187 et
1278 1158 1436 1186 Barnabae
1457 1157 1745 1191 contiiznnicationi3‚
1760 1161 1787 1186 et
1802 1160 2001 1194 praeceperant
2028 1157 2084 1192 eis,

1234 1209 1263 1233 ιιι
1282 1213 1449 1242 pauperum
1474 1213 1612 1232 memores
1633 1207 1740 1238 essent,
1756 1207 1787 1232 tu
1803 1204 1964 1241 prohibeas,
1981 1205 2084 1233 leroso-

1233 1253 1333 1289 lymam
1356 1251 1382 1279 in
1405 1259 1473 1279 usus
1502 1252 1666 1279 Sanctorum
1694 1251 1787 1288 aliqua
1816 1254 1960 1280 sumtuum
1988 1252 2085 1280 solatia
2109 1286 2112 1288 ¹

1231 1299 1320 1336 dirigi.
1344 1298 1487 1332 Videlicet,
1502 1297 1523 1326 si
1539 1297 1573 1326 ad
1595 1298 1662 1326 haec
1683 1297 1868 1334 respondero,
1890 1297 1982 1325 statim
2002 1298 2085 1326 latra-

1232 1346 1286 1380 bis,
1309 1354 1398 1374 mcam
1414 1352 1458 1374 me
1473 1353 1584 1374 causam
1606 1352 1703 1381 agere,
1726 1344 1773 1381 qui
1796 1347 1872 1372 tanta
1893 1347 2007 1372 cunctos
2030 1344 2084 1372 lar-

1231 1394 1315 1431 gitate
1336 1392 1459 1426 donasti,
1481 1395 1527 1425 ut,
1550 1392 1601 1420 nisi
1624 1392 1746 1421 venisses
1761 1391 1955 1428 lerosolymam
1974 1394 2001 1420 et
2023 1394 2085 1420 tuas

1234 1441 1276 1469 vel
1291 1442 1473 1477 patronorum
1489 1442 1603 1467 tuorum
1618 1439 1749 1475 pecunias
1764 1438 1944 1476 expendisses
1958 1438 2001 1467 vel
2016 1438 2085 1467 effu-

1231 1488 1334 1521 disses,
1356 1494 1453 1515 omnes
1474 1486 1697 1523 periclitaremur
1718 1486 1798 1514 same.
1822 1486 1876 1523 Ego
1898 1486 1950 1514 hoc
1972 1486 2084 1523 loquor,

1231 1535 1305 1572 quod
1327 1534 1425 1563 beatus
1446 1533 1547 1562 Paulus
1568 1541 1637 1570 pene
1659 1533 1686 1562 in
1705 1533 1813 1562 cunctis
1835 1534 1958 1570 epistolis
1973 1533 2031 1562 suis
2046 1533 2084 1562 lo-

1231 1582 1328 1619 quitur
1349 1584 1376 1610 et
1397 1581 1546 1618 praecipit,
1568 1581 1595 1609 in
1616 1580 1738 1610 ecclesiis
1758 1581 1882 1617 gentium
1908 1589 1963 1618 per
1991 1589 2084 1609 unam

1230 1628 1361 1662 sabbati,
1384 1628 1436 1656 hoc
1457 1630 1499 1656 est
1518 1627 1562 1657 die
1582 1627 1735 1662 dominico,
1761 1635 1857 1656 omnes
1885 1627 2012 1656 conferre
2037 1627 2084 1655 de-

1230 1677 1297 1706 bere
1324 1684 1396 1713 quae
1418 1675 1611 1712 lerosolymam
1644 1675 1671 1703 in
1701 1675 1865 1703 Sanctorum
1893 1674 1990 1702 solatia
2017 1673 2084 1702 diri-

1230 1726 1341 1761 gantur.
1363 1722 1497 1760 Nunquid
1526 1722 1553 1751 iu
1583 1722 1637 1751 alia
1668 1724 1746 1758 parte
1777 1724 1917 1749 terrarum
1943 1723 1970 1749 et
1991 1720 2018 1749 in
2040 1720 2084 1749 his

1230 1771 1367 1805 ecclesiis,
1389 1778 1460 1808 quas
1480 1772 1624 1799 nascentes
1645 1768 1699 1804 fide
1720 1776 1771 1797 sua
1788 1768 1948 1802 erudiebat,
1963 1776 2034 1805 quae
2048 1768 2083 1796 ab

1230 1818 1290 1847 aliis
1311 1821 1455 1855 acceperat
1475 1817 1599 1846 dividere
1620 1824 1675 1845 non
1689 1817 1819 1853 poterat?
1833 1815 1885 1844 Sed
1900 1815 2001 1844 sanctis
2014 1823 2083 1852 pau—

1230 1865 1345 1903 peribus
1364 1865 1431 1894 dare
1452 1865 1595 1902 cupiebat,
1617 1864 1665 1901 qui
1688 1871 1752 1892 suas
1773 1871 1824 1900 pro
1845 1862 1955 1891 Christo
1968 1862 2083 1891 faculta-

1231 1913 1303 1941 tulas
1325 1913 1528 1950 relinquentes,
1550 1912 1584 1941 ad
1606 1910 1715 1940 Domini
1737 1909 1901 1939 servitutem
1921 1912 1977 1938 tota
1990 1912 2083 1939 mente

1231 1960 1356 1988 conversi
1378 1963 1451 1989 sunt.
1475 1961 1598 1997 Longum
1620 1962 1661 1988 est
1682 1958 1755 1987 enim
1776 1965 1866 1991 nunc,
1888 1957 1910 1986 si
1931 1957 2082 1987 deceteris

1230 2007 1353 2044 epistolis
1373 2008 1434 2037 eius
1453 2007 1544 2036 omnia
1566 2005 1722 2036 testimonia
1743 2004 1887 2034 revolvere
1908 2005 2038 2039 voluero,
2054 2005 2081 2033 in

1231 2054 1334 2092 quibus
1354 2055 1407 2083 hoc
1427 2055 1483 2092 agit
1504 2058 1531 2084 et
1561 2057 1618 2083 tota
1646 2056 1738 2082 mente
1764 2051 1891 2085 festinat,
1920 2054 1951 2080 ut
1979 2052 2082 2080 leroso-

1231 2102 1332 2138 lymam
1354 2105 1381 2131 et
1401 2102 1435 2131 ad
1456 2106 1550 2131 sancta
1571 2102 1630 2131 loca
1650 2099 1827 2130 credentibus
1855 2098 1988 2135 pecuniae
2016 2098 2082 2127 diri-

1231 2152 1348 2186 gantur,
1370 2158 1424 2178 000
1446 2150 1472 2178 10
1494 2149 1654 2183 avaritiam,
1683 2147 1730 2177 sed
1758 2146 1785 2175 in
1813 2145 2005 2183 refrigerium,
2027 2154 2081 2174 non

1231 2346 1306 2366 xcstra
1324 2344 1465 2367 abundantia
1483 2345 1573 2368 illorum
1591 2345 1693 2373 inopiam
1711 2342 1817 2371 suppleat
1833 2343 1876 2363 ctc.
1892 2352 1924 2356 —
1942 2341 2027 2362 Tcxtus
2039 2340 2082 2362 ori-

1231 2384 1313 2412 ginalis
1330 2386 1383 2406 ante
1400 2384 1501 2408 ecclesiis
1518 2384 1624 2414 gentium
1641 2383 1724 2406 omittit
1736 2381 1768 2410 in,
1782 2384 1804 2403 et
1815 2382 1867 2408 post
1878 2379 1965 2403 solatia
1976 2378 2081 2409 1111111011-

1231 2425 1271 2447 tur
1290 2424 1356 2451 plura
1373 2424 1445 2446 addit.
1461 2436 1492 2441 —
1509 2424 1528 2446 D
1545 2424 1615 2452 paulo
1632 2422 1741 2451 superius
1752 2422 1804 2450 post
1815 2418 1999 2446 mendicatione,
2011 2418 2082 2441 omis-

1231 2463 1263 2485 sis
1279 2462 1401 2490 subnexis,
1418 2463 1557 2486 solutionem
1574 2462 1711 2490 uniet-tionis
1728 2459 1850 2484 concludit.
1861 2470 1892 2474 ——
1903 2458 1920 2480 L
1933 2458 1956 2479 in
1968 2453 2013 2480 [ine
2025 2464 2081 2480 suae

1230 2503 1298 2524 solut.
1316 2503 1373 2524 haec
1389 2502 1449 2524 bene
1466 2502 1613 2525 observanda
1630 2502 1706 2525 addit:
1723 2501 1786 2523 Hanc
1803 2498 1962 2528 quaestionem
1975 2497 2082 2519 determi-

1231 2541 1296 2563 navit
1313 2541 1342 2563 ita
1360 2542 1470 2569 magister
1486 2542 1649 2565 Bonaventura
1666 2542 1696 2564 de
1718 2539 1803 2563 Ordine
1825 2538 1930 2560 Fratrum
1953 2536 2080 2564 Minoi-um,

1231 2581 1362 2603 secundum
1380 2581 1444 2610 quod
1461 2587 1473 2603 a
1491 2581 1594 2610 quodam
1612 2581 1696 2604 clerico
1713 2578 1787 2608 potuit
1802 2576 1923 2606 reportari.
1934 2576 1982 2598 Deo
1995 2576 2080 2604 gratias

1231 2624 1254 2643 et
1270 2621 1352 2643 Amen.
1368 2633 1399 2637 —
1416 2621 1487 2644 Porro
1504 2622 1526 2644 in
1540 2621 1633 2644 ‘eodem
1656 2620 1736 2643 codice
1752 2619 1768 2641 L
1786 2617 1815 2640 ad
1838 2617 1896 2638 latus
1916 2614 2080 2645 fundamento-

1230 2666 1299 2688 rum,
1316 2659 1478 2689 responsionis
1495 2663 1517 2683 et
1533 2659 1660 2684 solutionis
1672 2658 1815 2682 obiectorum
1828 2655 1927 2683 scriptae
1939 2656 1993 2677 sunt
2010 2654 2081 2677 anim-

1231 2699 1381 2722 adversiones
1406 2702 1485 2722 contra
1511 2700 1640 2723 doctrinam
1667 2699 1689 2721 S.
1714 2697 1890 2720 Bonaventurae
1916 2694 1970 2716 satis
1998 2694 2079 2716 acriter

1230 2738 1351 2766 exhibitae,
1369 2742 1391 2761 01
1405 2738 1514 2769 praecise
1530 2738 1640 2767 medam,
1658 2743 1718 2767 quas
1740 2736 1762 2758 S.
1780 2735 1863 2757 Doctor
1881 2733 1904 2755 in
1921 2733 2026 2762 sequenti
2045 2740 2080 2757 re-

1227 2778 1356 2808 plicatione
1372 2777 1516 2805 rece'nsetet
1537 2784 1623 2807 magna
1646 2777 1669 2800 vi
1698 2775 1813 2799 rationum
1835 2776 1858 2796 et
1879 2773 2024 2802 eloquentiae
2046 2780 2078 2796 re-

1231 2818 1292 2841 fellit.
1308 2818 1528 2841 Animadversiones
1548 2818 1604 2840 istae
1624 2820 1687 2840 certo
1706 2817 1760 2838 sunt
1775 2814 1813 2836 vel
1830 2812 1935 2836 Gulielmi
1959 2819 1971 2835 a
1995 2813 2077 2836 Sancto

1229 2858 1322 2885 Amore,
1335 2858 1372 2880 vel
1389 2861 1529 2880 sectatorum
1541 2856 1655 2879 eiusdem.
1666 2856 1700 2878 De
1712 2854 1767 2883 ipsis
1778 2853 1860 2876 diffuse
1872 2851 1948 2880 agitur
1961 2852 1982 2874 in
1996 2852 2078 2875 nostris

1229 2898 1402 2926 Prolegomenis
1419 2898 1449 2920 ad
1466 2899 1525 2920 hanc
1542 2895 1711 2926 quaestionem.
