2285 3398
22 400 73 420 item.
86 404 108 417 cx
121 403 149 417 se-

44 423 105 441 cunda
115 428 150 445 pro

45 446 94 464 thesi
106 446 124 464 2.

909 176 987 204 PARS
1009 175 1061 203 vll.
1084 174 1111 203 C.
1135 174 1174 202 ΙΙΙ.

163 256 258 289 gatur,
280 257 385 291 quanto
406 254 534 282 medullis
549 254 639 283 cordis
661 255 720 283 cius
736 255 858 283 intimius
879 262 957 283 amor
972 254 1012 282 in—

164 300 291 329 haeserat
312 301 526 329 mundanorum.

242 348 382 384 Amplius,
404 349 533 385 quoniam
551 358 637 385 poena
659 349 703 377 illa
717 349 798 377 debet
812 356 871 377 esse
892 347 1013 385 scats-sa-

162 395 275 428 ctorc'a,·
296 398 323 423 et
344 395 492 423 satisfactio
515 396 626 432 respicit
648 396 801 424 libertatem
825 395 973 424 voluntatis
987 398 1014 423 et

163 445 265 470 statum
289 442 363 476 viae;
387 442 526 479 potissime
555 451 619 470 rum
641 443 676 471 ibi
707 443 759 471 iam
782 451 835 471 non
865 443 900 471 sit
926 445 1014 470 status

163 489 302 523 merendi,
330 492 357 517 et
380 497 482 526 poenae
511 489 572 517 illae
600 489 712 517 minime
742 492 851 518 teneant
880 489 1014 517 rationem

164 531 327 564 voluntarii:
351 544 461 564 necesse
482 540 539 570 est,
567 536 641 573 quod
664 536 730 564 illud
759 536 833 573 quod
858 536 951 564 delicit
978 544 1013 563 ex

165 586 241 619 parte
257 582 398 611 libertatis
418 583 443 611 in
464 583 603 611 voluntate
618 583 787 617 sustinente,
809 583 972 620 suppleatur
988 583 1014 611 in

164 629 319 657 acerbitate
348 638 383 657 ex
408 632 485 666 parte
515 638 625 666 poenae.
653 646 689 650 —
715 630 785 666 Quia
806 638 872 658 vero
897 629 1014 666 gratiam

163 676 266 703 babent
287 677 334 713 qui
358 680 528 713 purgantur,
550 685 634 713 quam
656 677 768 713 quidem
797 677 871 705 ultra
899 676 1015 713 perdere

164 731 217 750 non
240 726 371 759 possunt;
395 724 458 752 binc
479 727 536 757 est,
558 724 632 760 quod
659 732 708 752 nec
729 732 745 752 a
774 724 885 752 tristitia
906 724 1016 761 penitus

163 770 305 798 absorberi
328 779 377 799 nec
400 771 426 799 in
445 771 665 807 desperationem
688 771 808 799 incidere
830 779 879 799 nec
895 771 921 799 in
945 771 1016 799 blas-

164 817 303 853 pliemiam
320 820 435 853 possunt
456 825 505 846 uec
520 817 617 846 volunt
637 818 812 855 aliquatenus
827 818 969 856 prosilire;
985 825 1016 846 ac

165 871 214 899 per
231 863 300 902 boc,
324 864 386 892 licet
407 864 528 900 graviter
544 864 706 901 puniantur,
729 865 808 901 longe
831 868 921 893 minen
936 864 1016 892 aliter

164 913 191 937 et
211 905 305 938 niitius
327 919 410 947 quam
433 911 460 939 in
476 910 595 945 inseram
611 914 638 939 et
659 914 761 939 statum
777 911 858 939 etiam
881 911 959 939 illum
976 910 1016 938 in-

140 956 322 992 ·‹lubitfmter
343 957 435 985 sciunt
464 957 550 985 alium
581 965 641 985 esse
662 966 746 994 quam
779 958 882 991 istum,
905 957 931 985 in
960 965 1017 993 quo

22 1101 75 1123 Item,
85 1105 107 1120 ox
118 1102 155 1119 tei·-

33 1124 58 1143 lia
68 1129 102 1148 pro
111 1124 152 1143 the-

32 1147 47 1166 si
61 1148 78 1166 ³.

21 1170 93 1195 Duplex
107 1176 149 1190 sen-

45 1195 111 1213 tentia.

164 1006 231 1031 sunt
251 1003 288 1031 illi
302 1004 311 1020 ¹
333 1004 381 1040 qui
404 1004 430 1032 in
453 1004 560 1033 inferno
583 1004 1014 1033 irremediabiliter.cruciantur.

244 1050 400 1084 Postremo,
421 1051 488 1088 quia
508 1059 597 1087 poena
618 1051 663 1079 illa
684 1051 765 1080 debet
786 1059 846 1079 esse
867 1059 1015 1087 πραγμα-

164 1097 259 1130 toi-icc,-
280 1100 307 1125 et
323 1092 451 1134 purgatio
473 1096 519 1126 illa
533 1100 575 1127 est
589 1098 754 1135 spiritualis:
770 1105 881 1127 necesse
902 1099 956 1131 est,
972 1097 1015 1125 vel

161 1144 235 1181 quod
258 1144 328 1180 ignis
350 1144 394 1173 ille
416 1144 589 1181 spiritualem
612 1145 711 1174 babeat
732 1145 863 1173 virtutem
882 1143 1015 1172 divinitus

163 1191 214 1219 sibi
236 1190 327 1219 datam
339 1213 346 1225 ‚
362 1191 420 1225 vel,
436 1193 468 1219 ut
482 1191 569 1228 magis
589 1191 672 1220 credo
684 1192 711 1225 ²,
733 1192 791 1228 ipsa
806 1191 896 1219 virtus
910 1190 1015 1226 gratiae

164 1237 280 1266 interius
302 1237 466 1272 habitantis,
487 1237 582 1266 adiuta
602 1246 619 1266 a
633 1246 720 1275 poena
741 1238 911 1271 extrinseca,
928 1237 1014 1274 ipsam

163 1284 282 1312 animam
298 1284 350 1312 iam
367 1292 417 1321 pro
438 1284 549 1313 offensis
564 1284 689 1321 punitam
707 1287 734 1314 et
748 1293 764 1313 a
786 1287 914 1313 reatuum
930 1291 1015 1312 onere

138 1324 143 1327 ’
162 1330 317 1359 alleviatam
332 1333 433 1367 purget
446 1331 623 1368 purqatz'one
637 1331 808 1369 sufficienti,
823 1334 855 1359 ut
870 1330 923 1358 iam
939 1330 1015 1358 nulla

49 2227 115 2247 'rhesis
128 2228 145 2246 ¹.

49 2415 115 2435 Thesis
127 2415 145 2434 Ξ.

163 1380 304 1405 remaneat
324 1377 518 1406 dissimilitudo
532 1377 565 1405 ad
588 1378 712 1414 gloriam.
726 1393 761 1400 -—
776 1377 807 1405 Et
827 1376 958 1413 quoniam
975 1380 1014 1404 ta-

164 1425 201 1453 les
223 1424 338 1461 spiritus
352 1424 476 1461 dispositi
498 1424 605 1453 suntin
627 1432 736 1452 summo
750 1424 783 1452 ad
801 1423 1013 1452 deiformitatem

161 1471 264 1506 gloriae
286 1471 489 1508 suscipiendam
512 1470 539 1499 in
561 1478 602 1504 se;
624 1478 688 1499 cum
711 1470 794 1499 ianua
814 1470 849 1499 sit
870 1473 967 1507 aperta
987 1473 1015 1499 et

162 1518 290 1555 purgatio
311 1520 516 1556 consummata,
538 1525 650 1546 necesse
664 1520 721 1551 cst,
744 1517 805 1546 illos
819 1517 935 1554 spiritus
949 1525 1014 1546 evo-

163 1565 233 1599 lare,
257 1565 282 1593 in
305 1565 408 1602 quibus
429 1568 471 1593 est
492 1564 614 1593 caritatis
636 1564 706 1601 ignis
727 1572 842 1593 sursum
865 1564 972 1599 levans,
987 1567 1014 1593 et

161 1611 228 1639 nibil
251 1611 395 1640 retardans
416 1619 452 1639 ex
474 1614 552 1648 parte
574 1611 744 1647 impuritatis
765 1611 873 1640 animae
896 1611 1014 1643 vetrea-

162 1661 213 1686 tus.
233 1658 286 1686 Nec
307 1658 380 1687 enim
395 1658 473 1687 decet
493 1658 614 1687 divinam
631 1658 847 1687 misericordiam
870 1667 920 1687 seu
936 1658 1014 1687 iusti—

161 1704 240 1738 tiam,
262 1707 293 1732 ut
314 1704 435 1741 amplius
448 1704 558 1733 differat
578 1704 710 1741 gloriam,
725 1712 789 1734 cum
810 1705 954 1734 iuveniat³
971 1713 1015 1733 re-

160 1752 334 1787 ceptaculum
353 1751 496 1786 idoneum,
511 1755 538 1780 et
560 1759 659 1788 magna
673 1751 708 1782 sit
730 1760 818 1788 poena
836 1752 863 1780 in
884 1751 1014 1780 dilatione

161 1798 365 1834 praemiorum,
387 1807 437 1827 nec
458 1798 577 1835 amplius
596 1798 688 1835 puniri
710 1798 808 1828 debeat
829 1799 945 1836 spiritus
960 1799 1013 1827 iam

160 1849 305 1882 purgatus.

520 1939 585 1968 Cap,
609 1939 649 1968 ΙΙΙ.

180 2033 220 2062 De
240 2031 471 2065 (antecedentibus
492 2031 533 2060 ad
554 2032 713 2067 iudicium,
735 2032 904 2061 cuiusmodi
922 2036 993 2061 cunc

396 2077 546 2116 suffrwz'a
571 2078 772 2107 ecclesiastica.

239 2175 278 2204 De
291 2173 448 2212 Suffrayzt's·
462 2176 555 2212 autem
574 2172 774 2201 ecelesiasticis
789 2173 842 2202 boc
860 2174 1010 2203 tenendum

159 2225 216 2256 est,
238 2221 313 2259 quod
333 2220 466 2258 suffragia
487 2220 622 2249 Ecclesiae
643 2224 761 2256 prosunt
786 2220 924 2255 mortuis,
952 2221 1010 2249 suf-

159 2269 260 2306 fragia,
280 2269 356 2304 dico,
383 2276 455 2305 quae
476 2266 595 2296 Ecclesia
622 2274 674 2303 pro
698 2267 816 2296 mortuis
837 2267 916 2302 facit,
938 2267 1011 2296 sicut

159 2319 225 2345 sunt
245 2316 395 2350 sacrificia,
418 2314 536 2348 ieiunia,
557 2313 746 2350 eleemosynae
767 2308 794 2343 et
815 2314 885 2343 aliae
908 2315 1010 2343 oratio-

159 2371 208 2392 nes
228 2366 255 2392 et
276 2371 380 2400 poenae
401 2361 557 2391 voluntarie
577 2364 716 2390 assumtae
731 2369 781 2398 pro
802 2369 900 2391 eorum
921 2362 1011 2400 culpis

159 2410 277 2439 celerius
297 2413 325 2439 et
346 2410 454 2439 facilius
474 2406 627 2446 expiandis.
641 2424 677 2429 —
690 2408 808 2438 Prosunt
820 2405 914 2439 autem
935 2417 1009 2439 mor-

159 2457 227 2491 tuis,
248 2466 303 2486 non
325 2457 567 2494 quibuscumque,
589 2455 636 2484 sed
663 2467 676 2481 α
690 2455 866 2486 mediocriter
887 2457 966 2486 bonis
980 2469 1008 2493 υ,

159 2507 255 2541 utpote
276 2504 330 2533 illis
350 2504 397 2542 qui
419 2507 485 2533 sunt
506 2504 533 2532 in
555 2502 730 2541 purgatori0;
757 2511 844 2537 «non,
858 2504 937 2534 valde
952 2513 1009 2534 ma-

159 2550 192 2580 lis
206 2563 234 2586 ι»,
259 2551 363 2580 scilicet
391 2551 444 2589 illis
466 2551 514 2588 qui
532 2552 601 2581 sunt
622 2550 648 2578 in
670 2549 793 2585 inferum
819 2562 833 2575 α
851 2558 902 2580 nec
929 2551 1008 2581 valde

221 2736 229 2749 ¹
247 2737 253 2760 1
268 2737 285 2760 L
299 2737 318 2760 Ο
343 2737 431 2766 alium,
455 2743 530 2767 quam
551 2737 583 2761 sit
606 2743 698 2765 eorum.
723 2738 834 2766 Superius
859 2745 902 2767 pro
927 2740 1008 2763 mitius

157 2776 231 2799 BGK
249 2776 338 2799 minus.
355 2776 450 2799 interius
464 2782 511 2804 -pro
536 2777 571 2799 est
593 2776 727 2806 spiritualis
744 2777 789 2801 LM
807 2780 830 2800 et
847 2778 860 2801 Ξ
877 2774 942 2802 debet
958 2785 1008 2803 esse

157 2815 304 2845 affirmatis,
324 2818 346 2838 et
363 2822 406 2844 pro
423 2815 506 2838 adiuta
523 2822 539 2838 a
556 2816 591 2838 liz
602 2816 648 2838 LM
659 2816 730 2839 NOU
741 2816 760 2839 V
776 2815 891 2841 adiuncta
906 2817 935 2841 ei.

221 2853 230 2866 ¹
248 2854 295 2878 Ctr.
312 2855 350 2878 tV.
368 2856 430 2877 Sent.
447 2855 471 2877 d.
488 2855 527 2877 21.
544 2861 568 2883 p.
585 2855 600 2877 Ι.
618 2861 638 2878 a.
656 2856 678 2878 2.
695 2856 719 2884 (ιζ
737 2856 758 2878 i.
775 2858 834 2878 eta.
853 2856 874 2879 l.
891 2863 914 2886 q.
932 2858 954 2880 2.

220 2892 230 2906 ⁰
246 2894 288 2917 Ed.
307 2895 314 2917 l
336 2894 473 2925 differant...
490 2894 619 2918 inveniant.
636 2887 680 2917 Pro
696 2901 739 2918 seu
755 2895 771 2917 P
783 2896 802 2924 Q
819 2898 842 2918 et
858 2896 871 2918 2
890 2895 933 2919 vel.

219 2933 230 2946 ⁴
246 2934 279 2956 De
296 2935 340 2957 bac
364 2934 446 2962 triplici
472 2934 619 2956 distinctione
644 2935 685 2957 etr.
702 2935 740 2957 lv.
765 2935 827 2958 Sent.
844 2935 875 2958 lit.
893 2936 1007 2965 Magistri,

157 2972 181 2995 d.
197 2972 267 2995 XLV.
284 2979 305 2995 c.
322 2974 348 3000 2,
366 2972 405 2995 ubi
432 2974 515 3000 allegat
536 2974 641 3000 August„
667 2974 780 2996 Eucliirid.
807 2980 827 2997 ο.
857 2976 906 2998 109.
929 2982 951 2999 u.
969 2977 1007 2999 2⁹.

1860 176 1916 203 2823

1070 253 1170 281 bouis⁴
1183 264 1210 287 »,
1233 253 1335 282 scilicet
1352 254 1394 282 liis
1408 254 1455 290 qui
1479 257 1544 282 sunt
1559 254 1584 282 iu
1601 254 1690 288 caelo,
1710 254 1776 290 quin
1794 253 1884 290 potius
1906 263 1920 278 ι·

1069 308 1204 328 converso
1225 308 1321 328 eorum
1345 301 1443 329 merita
1460 303 1488 328 et
1508 301 1647 329 orationes
1662 301 1850 335 suffragantur
1874 300 1920 327 Er-

1070 347 1167 375 clesiae
1189 347 1331 381 militanti,
1352 348 1433 375 riiius
1455 348 1587 376 membris
1609 348 1695 376 multa
1717 347 1849 376 beneficia
1871 347 1920 375 ini-

1071 398 1180 431 petrant
1203 395 1283 422 lli-ati.
1305 411 1340 415 -
1357 395 1475 423 Prosunt
1497 397 1589 422 autem
1612 394 1764 422 secundum
1787 394 1873 428 mag-ris
1894 396 1921 421 et
1935 398 1999 417 7¹¹0÷i=³
2013 398 2029 416 ‘t

1071 441 1163 469 minus
1185 441 1227 469 vel
1249 449 1299 477 pro
1320 441 1479 469 diversitate
1496 442 1659 470 meritorum
1683 442 1708 469 in
1732 442 1862 475 mortuis,
1880 441 1918 468 w!

1072 496 1122 525 pro
1142 488 1255 516 caritate
1271 488 1414 520 vivorum,
1436 496 1507 524 quae
1524 488 1610 524 magis
1631 488 1793 516 sollicitatur
1811 497 1859 524 pro
1874 489 1921 515 ali-

1071 535 1174 572 quibus
1195 542 1277 572 quam
1301 543 1351 571 pro
1372 535 1446 569 aliis;
1469 538 1496 563 et
1518 535 1569 563 boe
1585 536 1626 563 vel
1648 535 1680 563 ad
1706 543 1856 571 poenarum
1872 535 1922 562 nii>

1073 582 1246 619 tigationem,
1276 582 1317 610 vel
1346 582 1506 610 celeriorem
1535 582 1739 616 liberationem,
1769 582 1921 610 sec-undum

1071 629 1145 666 quod
1167 637 1304 666 supernae
1319 628 1507 665 providentiae
1525 629 1692 665 dispensatio
1708 629 1808 657 melius
1829 629 1868 657 eis
1883 629 1923 657 vi-

1071 676 1143 705 derit
1165 676 1305 712 expedire.

1152 723 1229 751 Ratio
1249 725 1343 751 autem
1358 722 1392 750 ad
1408 722 1613 758 intelligentiam
1635 721 1838 759 praelictoruni
1856 723 1922 751 baec
1936 727 1997 746 lintio-

1072 773 1113 798 est
1126 781 1132 798 :
1154 769 1284 806 quoniam
1307 770 1428 806 primum
1444 769 1628 806 principium,
1643 777 1706 797 cum
1722 769 1757 797 sit
1771 769 1905 806 optimum
1917 772 1973 803 ,Ῥω
1987 774 2034 793 thesi
2048 774 2065 793 ¹-

1073 824 1103 844 ac
1125 824 1174 853 per
1197 816 1248 844 lioc
1269 824 1394 844 summae
1414 816 1577 844 severitatis
1597 819 1694 844 contra
1709 816 1829 850 malum,
1844 816 1925 844 debet

1073 863 1177 900 pariter
1199 871 1323 891 summae
1344 862 1503 891 κααυίιαιίς
1524 870 1584 891 esse
1605 863 1639 891 ad
1661 863 1785 897 bonuau
1807 866 1834 892 et
1849 863 1924 896 ideo,

1066 918 1136 947 *crum
1160 909 1265 938 ratione
1286 909 1447 938 severitatis
1469 909 1589 938 iustitiae
1611 910 1693 944 iusti,
1716 910 1742 938 in
1765 910 1869 947 quibus
1883 913 1925 938 est

1074 959 1168 985 reatus
1189 957 1302 993 culpae,
1324 957 1441 985 debeant
1463 960 1523 993 post
1546 957 1616 985 banc
1638 958 1721 986 vitam
1744 957 1771 985 in
1794 960 1925 994 purgato-

1074 1004 1116 1032 rio
1137 1004 1299 1032 tormentari
1312 1004 1333 1038 ⁵,
1354 1003 1455 1032 debent
1476 1004 1558 1032 etiam
1581 1004 1687 1032 ratione
1702 1005 1860 1032 ειιαυίιαιῑε
1875 1005 1926 1032 mi-

1073 1051 1239 1079 sericordiae
1261 1051 1378 1079 relevari
1399 1054 1427 1078 et
1449 1050 1553 1088 babere
1567 1051 1705 1079 auxilium
1721 1053 1749 1079 et
1760 1051 1905 1079 munimen
1919 1074 1926 1084 ,

1073 1097 1195 1125 maxime
1216 1097 1281 1134 quia
1304 1098 1331 1125 iu
1353 1097 1465 1125 miseria
1485 1100 1551 1125 sunt
1572 1097 1714 1125 constituti
1736 1099 1764 1125 et
1785 1097 1844 1125 suis
1862 1105 1927 1133 ope-

1072 1143 1151 1172 ribus
1172 1146 1200 1171 et
1220 1144 1327 1172 meritis
1348 1152 1401 1171 non
1424 1146 1541 1179 possunt
1561 1143 1681 1179 amplius
1696 1151 1725 1171 se
1740 1143 1844 1171 iuvare.
1867 1143 1927 1171 Dis-

1072 1197 1176 1226 ponere
1200 1190 1285 1226 igitur
1314 1189 1410 1218 debuit
1439 1189 1562 1226 regimen
1590 1189 1700 1217 divinae
1722 1189 1926 1225 providentiae,

1072 1236 1204 1273 sutfragia
1224 1236 1264 1264 eis
1285 1236 1403 1264 conferri
1426 1236 1461 1264 ab
1477 1236 1520 1264 bis
1534 1236 1581 1272 qui
1598 1239 1730 1272 possunt,
1746 1236 1822 1264 salva
1838 1239 1927 1264 tamen

1072 1282 1244 1311 rectituditoe
1259 1282 1402 1315 iustitiae,
1423 1290 1439 1310 a
1461 1290 1517 1319 qua
1532 1289 1582 1310 nec
1597 1282 1678 1310 debet
1693 1290 1743 1310 nec
1760 1285 1850 1319 potest
1864 1282 1928 1311 ‹lul-

1071 1330 1139 1358 eedo
1153 1329 1271 1357 «ticinae
1285 1329 1507 1359 misericordam
1523 1328 1672 1357 dissentire
1687 1337 1737 1358 nec
1751 1329 1928 1366 aliquatenus

1072 1376 1204 1413 separari.
1233 1376 1369 1412 Quoniam
1397 1375 1482 1412 igitur
1513 1375 1656 1403 rectitudo
1682 1375 1813 1404 iatecz'ciae
1840 1375 1941 1413 exigit,
1971 1380 2072 1399 ”netitudo

1071 1423 1319 1452 conseruationem
1341 1422 1461 1451 lionoris
1482 1422 1594 1456 (livini,
1617 1423 1770 1459 reyt'minis
1796 1423 1929 1451 universi
1935 1406 2072 1455 eiiiiiffiffli:

1071 1473 1098 1499 et
1120 1469 1273 1508 qualitatis
1294 1469 1393 1498 meriti
1413 1468 1556 1502 lmmanz]
1578 1468 1638 1497 ideo
1660 1469 1775 1506 superni
1797 1472 1824 1498 et
1845 1470 1927 1506 primi
1936 1452 2003 1493 iffi?-
2034 1456 2072 1470 ’Μ’

1072 1517 1199 1554 principii
1221 1516 1395 1553 providentia
1409 1524 1519 1545 summa
1532 1516 1685 1552 disposuit,
1745 1524 1775 1545 ec
1796 1517 1929 1553 suffragia

1071 1564 1165 1593 valere
1185 1564 1324 1593 defunctis
1338 1563 1493 1592 secundum
1512 1563 1693 1591 dulcedinem
1707 1563 1883 1592 misericord
1897 1573 1929 1592 m

1071 1614 1099 1640 et
1127 1611 1329 1639 rectitudinem
1359 1610 1506 1644 iustitiae,
1534 1610 1672 1639 servantis
1700 1610 1814 1639 honoris
1842 1610 1927 1639 divini

1071 1658 1249 1695 dignitatem,
1271 1657 1395 1685 universi
1418 1657 1540 1693 regimen
1561 1659 1589 1685 et
1611 1657 1725 1685 humani
1745 1657 1928 1694 meritiqua-

1073 1705 1187 1733 litatem.

1151 1751 1243 1780 Primo
1265 1751 1365 1788 igitur,
1387 1751 1519 1788 quoniam
1548 1751 1576 1780 in
1605 1751 1765 1780 huiusmodi
1787 1752 1926 1789 suffragiis
1935 1756 2071 1799 Exptigpnr-

1072 1799 1177 1828 scrvari
1198 1798 1280 1827 debet
1301 1798 1430 1833 iustitia,
1444 1804 1517 1836 quae
1531 1798 1627 1827 divim·
1639 1799 1790 1836 praecipue
1804 1801 1846 1828 est
1859 1808 1926 1828 cen-
1963 1785 1993 1804 μ’
2028 1793 2034 1799 ”

1070 1846 1219 1875 servativa
1234 1845 1372 1880 leonori&
1392 1849 1420 1875 et
1435 1846 1525 1875 honor
1538 1845 1650 1875 divinus
1664 1846 1847 1875 nihilominus
1865 1846 1926 1875 exi-

1070 1893 1110 1930 git
1130 1901 1216 1930 opera
1236 1892 1420 1924 satisfactoria
1442 1895 1470 1922 et
1491 1892 1616 1929 poenalia
1644 1892 1695 1921 sibi
1723 1893 1844 1930 persolvi
1874 1901 1925 1930 pro

1070 1940 1179 1977 culpis:
1201 1940 1265 1969 binc
1286 1942 1344 1974 est,
1365 1940 1448 1977 quod-
1462 1947 1512 1977 per
1533 1940 1580 1968 illa
1599 1947 1685 1977 opera
1706 1940 1810 1969 habent
1824 1940 1925 1969 suffra-

1070 1987 1114 2024 gia
1135 1987 1212 2021 sieri,
1233 1995 1284 2024 per
1304 1995 1376 2024 quae
1397 1987 1541 2024 potissime
1560 1985 1594 2024 fit
1611 1986 1794 2024 satisfiteteb,
1819 1991 1847 2016 et
1875 1986 1925 2016 ko-

1069 2042 1125 2062 ηον
1147 2037 1386 2071 recompensatur
1407 2034 1472 2063 Deo.
1494 2034 1631 2071 Quoniam
1648 2034 1739 2071 igitur
1761 2031 1922 2064 huiusmodi

1068 2084 1135 2110 sunt
1157 2084 1213 2110 tres
1234 2084 1328 2118 partes
1347 2080 1582 2119 samsactiom's:
1604 2080 1744 2110 ieiuniurr
1760 2104 1766 2114 ,
1786 2082 1882 2111 οναίῒό
1895 2085 1923 2112 et
1938 2086 2054 2114 satisfactio·

1067 2128 1263 2167 eleemosyna,
1284 2131 1311 2157 et
1332 2128 1428 2157 altaris
1447 2128 1641 2166 sacrificium,
1663 2128 1691 2157 in
1719 2137 1775 2158 oso
1801 2113 2054 2159 maxime3-“palues

1068 2174 1309 2204 redditur-honor
1322 2175 1435 2205 debitus
1453 2175 1508 2205 Deo
1529 2179 1644 2214 propter
1665 2176 1706 2215 plr
1721 2177 1829 2206 entiam
1848 2177 1922 2207 illius

1068 2221 1116 2258 qui
1138 2222 1166 2250 in
1187 2222 1323 2251 sacrificio
1345 2222 1392 2251 illo
1412 2223 1548 2252 offertur:
1571 2223 1635 2252 hinc
1653 2231 1713 2258 esi,
1732 2224 1807 2262 quod
1822 2225 1921 2254 suffra-

1067 2268 1111 2305 gia
1132 2268 1267 2298 Ecclesiae
1288 2269 1444 2299 consistunt
1464 2270 1492 2299 in
1515 2270 1674 2300 huiusmodi
1689 2272 1821 2309 operibus
1842 2273 1921 2302 satis-
1949 2303 1951 2305 ,

1067 2315 1189 2344 factoriis
1209 2318 1237 2344 et
1257 2316 1380 2346 maxime
1401 2317 1429 2345 in
1450 2318 1539 2350 Missis
1556 2318 1744 2353 celebrandis;
1767 2320 1920 2349 secundum

1066 2362 1140 2400 quod
1165 2362 1316 2400 Gregorius
1330 2363 1357 2392 in
1372 2367 1474 2401 quarto
1495 2364 1695 2402 Dialogorum⁶
1717 2366 1855 2401 insinuat,
1870 2367 1919 2396 ali-

1065 2418 1137 2448 quos
1163 2413 1278 2448 propter
1306 2411 1451 2439 Missarum
1484 2411 1617 2441 beneficia
1637 2412 1671 2441 de
1692 2413 1788 2449 poenis
1812 2414 1919 2451 magnis

1065 2458 1211 2487 celerrime
1232 2457 1371 2487 liberatos.
1393 2459 1429 2488 Ac
1450 2466 1500 2496 per
1521 2459 1574 2488 hoc
1595 2467 1696 2496 pompa
1717 2461 1917 2498 exsequiarum

1065 2508 1093 2534 et
1113 2505 1254 2534 accuratio
1274 2505 1381 2535 funeris
1408 2509 1439 2535 et
1464 2503 1625 2536 huiusmodi
1646 2515 1702 2536 non
1723 2507 1824 2537 debent
1846 2508 1918 2538 inter

1046 2558 1052 2567 s
1066 2552 1198 2589 suffragia
1217 2552 1352 2582 Ecclesiae
1366 2553 1531 2591 computari.
1547 2554 1662 2591 Propter
1675 2554 1750 2593 quod
1764 2558 1792 2584 et
1806 2559 1919 2586 sanctus

1065 2740 1121 2763 ibid.
1140 2741 1162 2763 in
1179 2740 1309 2764 comment.
1327 2747 1349 2765 a.
1365 2742 1388 2764 2.
1405 2742 1481 2770 agitur
1499 2742 1530 2765 de
1545 2742 1661 2771 sum-agiis
1686 2742 1802 2765 Ecclesiae
1818 2748 1862 2771 pro
1880 2742 1917 2765 de-

1066 2780 1161 2808 functis,
1179 2782 1202 2803 et
1218 2786 1239 2803 a.
1257 2781 1284 2808 3,
1301 2780 1331 2803 de
1347 2781 1619 2811 suni-agiiSKSanctorum
1637 2788 1680 2810 pro
1697 2782 1766 2804 via-is.

1127 2818 1137 2831 ⁶
1153 2819 1195 2842 Ed.
1214 2820 1222 2842 νΙ
1244 2819 1309 2842 addit
1324 2821 1347 2843 el
1365 2820 1476 2850 expuere·
1489 2821 1539 2843 Mox
1565 2827 1608 2849 pro
1633 2820 1756 2844 munimen
1773 2820 1809 2843 11<
1821 2820 1864 2843 LO
1882 2820 1917 2843 e'n-

1064 2865 1159 2882 voemeiz.
1174 2858 1386 2885 Inferiusvocibus
1402 2859 1501 2884 dulcedo
1518 2859 1697 2883 misericordiae
1714 2865 1768 2882 curn
1786 2854 1831 2882 M's
1850 2852 1918 2882 inter-

1064 2898 1181 2920 seruimus
1197 2897 1304 2928 (Μίνωι,-
1321 2905 1365 2927 pro
1381 2899 1482 2928 superni
1497 2899 1533 2922 ΙΚ
1543 2899 1562 2921 Ο
1578 2898 1695 2928 supremi.

1127 2935 1137 2949 ⁰
1153 2937 1211 2966 Cap.
1228 2937 1264 2960 55.
1289 2938 1322 2960 De
1340 2938 1495 2966 praecedente
1512 2940 1554 2961 cfr.
1571 2939 1608 2961 lV.
1627 2939 1690 2961 Sent.
1707 2938 1731 2961 d.
1749 2938 1786 2961 45.
1804 2944 1827 2966 p.
1845 2938 1868 2960 ll.
1884 2949 1916 2954 —

1065 2977 1177 3005 Superius
1194 2977 1246 2999 voci
1264 2976 1354 3006 debitus
1372 2984 1398 3000 ex
1416 2979 1433 3000 G
1444 2978 1507 3000 illi(
1518 2978 1564 3000 LM
1578 2978 1598 3000 V
1616 2978 1645 3000 ad
1663 2978 1780 3000 iunximus
1797 2978 1850 3000 Deo.
