2285 3398
200 446 228 465 De
235 446 333 465 duratione

208 472 279 494 neptem
288 472 333 488 tem-

207 499 273 517 porum
294 498 333 516 gra-

208 517 303 536 tiosornm.

199 1246 266 1266 Contin
270 1249 330 1265 natur.

211 2282 333 2301 Conni-matur

205 2311 240 2330 per
252 2305 334 2329 Scriptu-

338 171 394 200 406

338 254 380 280 est
400 250 468 279 illud
489 257 620 286 magnum
642 248 830 282 miraculum,.
842 247 916 285 quod
936 247 994 276 dies
1014 247 1112 276 habuit
1131 247 1180 276 tri-

338 298 413 335 ginta
433 297 501 326 duas
515 296 598 325 horas
612 304 662 332 per
676 295 862 324 reversionem
877 294 949 323 solis.
965 295 1085 331 Tempus
1097 294 1181 331 pacis

339 347 366 373 et
386 344 504 382 quietis,
526 351 542 371 a
562 342 712 371 Zorobabel
733 349 822 379 usque
842 341 876 370 ad
896 341 1046 370 Christum.

420 392 462 419 18.
485 390 513 418 ln
534 397 605 418 novo
619 392 781 418 testamento
796 391 904 425 tempus
918 388 1037 417 collatae
1050 388 1179 426 qratiae,

340 446 356 466 a
369 437 477 466 Christo
495 440 522 465 et
536 436 683 473 Apostolis‚
705 435 962 473 comprehendendo
976 438 1093 464 mortem
1109 435 1180 463 loan-

341 485 391 519 nis,
407 492 495 521 usque
506 483 539 511 ad
554 483 720 512 Clementem
736 482 842 520 Papam.
856 498 892 503 —
905 483 1024 519 Tempus
1045 481 1181 519 baptismi

341 532 372 560 in
391 530 548 568 sanquine,
569 538 585 558 a
605 530 744 559 Clemente
759 537 848 567 usque
862 529 896 558 ad
917 529 1094 562 Silvestrum,
1116 528 1181 565 quia

340 579 392 607 sub
402 578 540 606 Clemente
556 577 657 614 incepit
670 585 769 614 magna
783 576 951 613 persecutio,
966 576 1076 613 quando
1091 575 1180 604 ludaei

340 624 440 654 venditi
467 624 596 658 fuerunt,
625 623 734 661 expulsi
755 623 789 652 de
817 623 980 656 Ierusalem,
1008 626 1035 652 et
1055 622 1181 650 Clemens

340 680 402 700 cum
431 671 533 708 populo
560 671 661 700 missus
688 674 729 700 est
753 671 920 699 Chersonam
950 670 977 698 in
998 669 1127 699 exsilium
1154 669 1180 697 in

339 718 488 747 Graeciam.
512 718 542 747 Et
556 718 583 746 in
606 718 651 746 illo
666 720 788 755 tempore
807 717 896 746 medio
909 725 925 745 a
939 716 1078 745 Clemente
1093 723 1180 753 usque

339 765 372 793 ad
394 765 555 794 Silvestrum
576 764 691 793 fuerunt
707 764 800 793 decem
815 763 952 792 maximae
967 763 1179 800 persecutiones.

339 828 378 833 --
392 813 511 849 Tempus
532 820 653 840 normae
673 810 842 844 catholicae,
858 818 874 838 a
887 810 1018 838 Silvestre
1038 817 1127 846 usque
1147 809 1180 837 ad

340 861 455 889 Leonem
479 854 577 896 Papam
600 858 735 896 primum,
750 858 810 887 sub·
823 866 878 895 quo
899 857 993 886 datum
1008 860 1049 886 est
1067 857 1180 894 Symbo-

339 907 406 936 lum.
430 923 466 927 —
491 907 611 943 Tempus
631 905 701 943 teyts
722 905 866 939 iustitiae,
888 913 904 933 a
925 905 1012 933 Leone
1037 912 1126 941 usque
1147 903 1180 932 ad

338 954 501 991 Gregorium
523 954 685 987 Doctorem,
707 953 734 981 in
749 961 805 990 quo
826 955 944 988 statutae
959 954 1024 981 sunt
1044 952 1116 988 leges
1138 951 1181 980 lu-

339 1001 470 1030 stinianae
491 1004 518 1030 et
539 1008 656 1030 canones
681 1004 708 1030 et
728 1001 839 1038 regulae
861 1000 1005 1029 canonicae
1033 1002 1060 1028 et
1087 1007 1180 1027 mona-

338 1049 435 1083 sticae3
458 1049 484 1077 in
506 1057 562 1086 quo
583 1048 680 1077 beatus
701 1048 874 1082 Benedictus,
896 1047 943 1085 qui
959 1048 1040 1076 etiam
1062 1047 1180 1084 prophe-

338 1097 405 1125 tavit
429 1096 462 1125 de
484 1096 563 1125 beato
589 1096 721 1133 Gregorio
742 1099 769 1124 et
790 1095 930 1124 benedixit
958 1097 1072 1123 matrem
1102 1102 1180 1131 prae-

338 1146 474 1181 gnantem.
854 1174 856 1176 v

420 1192 463 1219 19.
486 1192 606 1228 Tempus
639 1190 772 1219 sublimis
803 1189 972 1224 cathedrae,
1004 1198 1020 1218 a
1049 1189 1180 1226 Gregorio

340 1245 429 1274 usque
443 1237 476 1266 ad
491 1237 674 1271 Hadrianum,
689 1237 741 1265 sub
756 1245 812 1273 quo
826 1239 963 1265 mutatum
978 1239 1019 1265 est
1033 1236 1179 1272 imperium

339 1284 373 1313 atl
394 1284 570 1317 Alemannos,
591 1287 618 1312 et
634 1283 753 1312 divisum
774 1283 921 1320 imperium
935 1281 1181 1318 Constantinopoli-

340 1334 444 1360 tanum.
466 1331 580 1359 Carolus
602 1339 717 1367 magnus
739 1330 888 1367 imperator
917 1330 942 1358 in
972 1329 1090 1358 Ecclesia
1110 1328 1181 1357 occi-

339 1378 439 1407 dentali
460 1378 527 1411 fuit,
549 1377 660 1414 Pipinus
681 1369 787 1413 primus
808 1385 859 1405 rex
881 1376 970 1405 Italiae
998 1376 1031 1404 de
1056 1376 1180 1409 Francis,

340 1425 420 1462 quia,
435 1433 498 1453 cum
513 1424 646 1453 insultum
667 1424 818 1452 alienarum
833 1423 954 1460 gentium
976 1423 1112 1451 sustinere
1127 1431 1180 1451 non

340 1474 466 1508 possent,
488 1471 612 1500 fecerunt
626 1479 689 1500 eum
706 1479 796 1507 regem
814 1471 916 1504 ltaliae;
931 1473 957 1498 et
972 1470 1104 1507 pugnavit
1118 1478 1181 1498 con-

341 1521 384 1547 tra
405 1526 497 1555 regem
517 1517 757 1555 Longobardorum
772 1520 800 1546 et
813 1517 966 1554 praevaluit
978 1518 996 1545 ¹.
1010 1533 1045 1537 —
1061 1517 1182 1553 Tempus

341 1565 440 1593 clarae
454 1565 616 1599 doctrinae,
632 1565 666 1594 ab
682 1564 823 1593 Hadriano.
840 1564 890 1593 Sed
906 1567 1040 1601 quantum
1055 1563 1182 1597 durabit,

340 1611 403 1648 quis
423 1614 511 1648 potest
538 1611 628 1640 dicere
651 1611 693 1640 vel
720 1611 810 1639 dixit?
831 1602 943 1639 Certum
972 1613 1028 1643 est,
1053 1609 1127 1646 quod
1155 1610 1181 1637 in
1210 1635 1212 1643 ,

341 1659 386 1688 illo
407 1668 518 1693 sumus;
547 1663 654 1688 certum
677 1659 773 1692 etiam,
802 1658 875 1696 quod
896 1657 1008 1686 durabit
1033 1665 1122 1694 usque
1149 1657 1181 1685 ad

340 1707 517 1736 deiectionem
539 1706 643 1735 bestiae
664 1706 843 1735 ascendentis
864 1706 898 1734 de
922 1705 1044 1744 abysso,
1072 1704 1182 1742 quando

341 1754 524 1784 confundetur
546 1754 663 1791 Babylon
694 1758 720 1783 et
745 1753 904 1787 deiicietur,
926 1756 953 1782 et
984 1756 1045 1790 post
1071 1752 1182 1781 dabitur

342 1810 395 1839 pax
409 1802 435 1836 2;
458 1802 578 1839 primum
594 1805 684 1830 tamen
700 1794 809 1830 necesse
830 1804 886 1835 est,
906 1804 938 1829 ut
957 1800 1047 1829 veniat
1069 1800 1182 1829 tribula-

342 1849 394 1883 tio;
415 1853 442 1878 et
464 1849 499 1878 ibi
521 1857 574 1877 uon
596 1852 637 1878 est
658 1849 800 1885 ponendus
828 1848 978 1882 terminus,
1000 1848 1065 1885 quia
1090 1848 1183 1876 nullus

343 1897 407 1931 scit,
429 1899 564 1933 quantum
596 1899 705 1932 tempus
736 1895 804 1924 illud
834 1903 949 1932 magnae
981 1895 1055 1932 pacis
1086 1895 1182 1929 duret,

343 1943 420 1980 quia,
442 1952 508 1971 eum
530 1942 673 1971 dixerint:
691 1950 754 1979 pam
768 1946 793 1970 et
806 1942 963 1975 securitas,
979 1946 1048 1970 tuuc
1062 1941 1183 1978 repenti-

343 1999 400 2018 nus
413 1990 453 2018 cis
467 1989 646 2027 superveniet
660 1989 801 2018 interitus.
816 2005 852 2010 -
864 1989 984 2026 Tempus
994 1991 1086 2017 autem
1101 1988 1183 2025 septi-

343 2045 421 2066 mum
442 2036 498 2065 sive
519 2036 622 2074 quietis
643 2036 737 2073 incipit
757 2045 773 2064 a
793 2037 913 2065 clamore
940 2036 1047 2074 Angeli,
1069 2035 1117 2072 qui
1140 2035 1185 2063 iu-

346 2083 424 2112 rauit
442 2091 494 2120 per
519 2083 655 2111 viventem
683 2083 714 2111 in
740 2084 858 2112 saecuta
884 2083 1086 2116 saeculorum,
1108 2082 1185 2120 quod

345 2134 455 2167 tempus
476 2130 604 2167 amptius
625 2138 682 2159 uon
702 2131 773 2164 erit,·
793 2131 842 2159 sed
863 2130 894 2159 in
915 2130 1015 2159 diebus
1043 2129 1121 2158 vocis
1142 2138 1184 2157 sc-

344 2177 429 2214 ptimi
450 2176 553 2214 Anyetz'
573 2177 823 2211 consummabitur
844 2177 1015 2216 mysterium
1039 2177 1091 2205 Dei
1100 2176 1120 2205 ³.

424 2225 469 2252 20.
492 2223 542 2252 Sed
567 2226 670 2260 septem
698 2227 821 2261 tempora
847 2218 960 2253 Ioannes
986 2224 1129 2261 Apostolus
1158 2224 1184 2252 in

347 2271 484 2308 Apocalysi
507 2270 714 2307 comprehendit
741 2274 844 2308 septem
866 2271 1032 2306 visionibus,
1053 2275 1080 2300 et
1101 2279 1185 2308 quae-

348 2318 413 2347 libet
433 2317 548 2346 istarum
570 2319 611 2345 est
631 2317 795 2353 septiformis
819 2321 846 2346 et
873 2318 1014 2355 consurgit
1034 2318 1067 2346 ad
1089 2325 1185 2347 nume-

411 2501 416 2516 ¹
436 2502 496 2529 Hug.
513 2507 524 2523 a
543 2501 565 2523 S.
583 2501 654 2527 Vict.,
672 2501 701 2523 Χ.
722 2502 824 2529 Excerpt.
846 2503 916 2530 prior.
938 2509 957 2525 e.
975 2504 996 2526 6,
1018 2505 1099 2531 refert,
1121 2504 1185 2533 quod

348 2541 455 2568 Carolus,
478 2546 582 2563 annuens
604 2540 663 2562 votis
686 2541 791 2563 Hadriani
815 2542 901 2569 Papae,
918 2543 979 2565 venit
997 2543 1018 2565 in
1036 2544 1133 2571 ltaliam,
1150 2548 1186 2566 re-

349 2588 401 2610 gem
419 2580 626 2609 Longobardorum
644 2579 785 2602 Desiderium
804 2581 864 2609 cepit
879 2585 901 2604 et
918 2582 940 2604 in
957 2583 1060 2605 exsilium
1083 2583 1143 2606 misit
1160 2590 1186 2605 ac

348 2621 456 2644 subactae
473 2621 546 2643 ltaliae
563 2620 633 2642 filium
651 2626 718 2642 suum
736 2620 841 2648 pipinum
858 2627 937 2649 regem
955 2623 1077 2645 constituit.

364 2654 368 2657 ’
409 2659 419 2673 ²
436 2660 482 2683 Cfr.
494 2660 564 2688 Apoc.
579 2659 615 2681 t7.
627 2661 649 2681 et
661 2659 697 2681 ¹18.
708 2671 739 2675 —
751 2659 854 2682 Subinde
870 2661 990 2688 respicitur
1008 2662 1083 2684 Mattb.
1095 2662 1136 2688 24,
1149 2662 1185 2684 st:

349 2701 394 2723 Erit
410 2701 470 2722 enim
489 2702 542 2722 tune
560 2698 673 2721 tribulatio
691 2704 775 2726 magna
787 2701 840 2727 etc.,
852 2702 874 2721 et
885 2700 995 2728 allegatur
1007 2701 1022 2722 l.
1034 2701 1115 2724 Thess.
1126 2701 1152 2728 5,
1165 2702 1187 2723 3.

411 2737 419 2750 ⁸
437 2739 507 2767 Apoc.
528 2738 566 2765 10,
584 2738 606 2760 ὃ.
622 2740 644 2759 et
659 2736 683 2759 7.
700 2736 796 2764 Vulgata
809 2738 874 2765 plura
890 2738 1000 2760 interiicit.

410 2777 419 2789 ⁴
437 2778 508 2800 Lexit.
521 2777 562 2804 25,
574 2777 596 2799 8.
608 2782 686 2805 seqq.:
698 2775 833 2798 Numerabis
845 2782 938 2805 quoque
951 2776 990 2798 tibi
1002 2781 1090 2805 septem
1103 2778 1188 2801 bebdo-

350 2817 430 2840 madas
443 2823 569 2843 annorum,
588 2816 610 2838 id
627 2818 661 2838 est
677 2815 761 2843 septies
777 2818 878 2843 septem,
894 2822 955 2844 quae
971 2816 1038 2839 simul
1056 2817 1140 2840 faciunt
1151 2824 1188 2840 an-

348 2862 391 2878 nos
403 2856 554 2885 quadraginta
568 2861 660 2882 novem,
672 2857 695 2877 et
705 2855 798 2882 clanges
810 2854 906 2877 buccina
917 2860 996 2877 mense
1007 2856 1126 2883 septimo...
1139 2863 1188 2879 san-

350 2895 505 2924 ctificabisque
518 2901 604 2917 annum
621 2893 864 2923 quinquagesimum...
881 2893 930 2922 ipse
946 2896 980 2915 est
996 2894 1056 2916 enim
1070 2895 1188 2918 iubilaeus.

411 2933 421 2946 ⁶
437 2934 482 2957 Cfr.
494 2935 551 2957 Gen.
563 2934 588 2962 4,
600 2934 699 2962 8.seqq.
716 2933 774 2956 Vide
791 2933 895 2959 Hieron„
913 2933 982 2960 Epist.
995 2934 1031 2956 36.
1044 2933 1108 2962 (alias
1128 2935 1186 2963 125.)

350 2979 372 2995 n.
391 2973 411 2995 4.
428 2979 504 3001 seqq.,
522 2976 544 2995 et
560 2974 669 3001 August.,
686 2972 737 2995 XV.
753 2972 782 2995 de
798 2971 848 2995 Civ.
864 2972 917 2998 Dei,
934 2977 954 2994 c.
975 2972 1007 2994 ¹7.

907 147 915 156 Ι
938 169 969 197 lN
991 162 1209 198 ttEXAiiMERON
1228 166 1390 196 COLLATIO
1410 164 1475 194 XVI.

1214 244 1218 253 ¹
1238 254 1299 274 rum
1329 244 1468 273 iubilaei⁴.
1493 260 1528 264 —
1551 244 1620 272 llaec
1641 247 1745 280 septem
1767 247 1891 281 tempora
1910 246 1980 274 forte
2001 246 2075 275 clau-

1236 292 1341 321 duntur
1362 290 1389 319 in
1411 290 1555 324 PsalteriO,
1577 290 1624 319 ubi
1646 294 1710 319 sunt
1733 294 1788 320 tres
1808 292 2026 330 quinquagenae.

1315 339 1360 366 21.
1373 337 1469 374 Accipe
1479 337 1570 366 adbuc
1581 338 1850 374 correspondentiam
1861 341 1992 376 temporis
2001 340 2075 378 fiyu-
2084 343 2217 361 P2r⁵¹¹1⁴C⁰⁹

2084 367 2217 390 respondentia

1237 385 1311 414 ratis
1325 387 1351 413 et
1365 384 1517 413 salutaris.
1533 401 1567 404 —
1584 385 1611 413 ln
1627 388 1750 421 tempore
1763 389 1891 414 naturae
1905 387 2036 416 conditae
2049 391 2077 416 et.
2083 391 2212 431 mysteriorum

2106 419 2202 437 emper-um

1237 432 1380 461 salutaris
1401 431 1454 460 tria
1473 431 1601 460 suerunt:
1623 430 1763 469 formatio
1784 431 1910 461 hominis
1930 434 1963 463 de
1990 436 2217 479 terra;s¹,?g¹5?¹*,¹;¹;¹,;²

1237 479 1388 508 secundum
1410 479 1539 513 tentatio,
1555 479 1750 516 transgressio
1771 482 1798 508 et
1811 481 1948 514 nudatio,-
1964 482 2075 510 tertium
2084 483 2220 530 „2353th-

1237 526 1346 559 ciccae,
1361 529 1388 554 et
1406 533 1480 554 unus
1500 526 1574 554 filius
1595 526 1730 555 interfecit
1751 526 1850 560 alium,
1869 530 1896 555 et
1910 527 1971 556 ideo
1983 536 2078 557 omnes
2092 529 2218 577 {ffussgssgiffl

1238 573 1295 606 filii,
1311 572 1358 609 qui
1374 572 1429 609 nati
1445 575 1510 601 sunt
1523 573 1557 601 de
1570 573 1644 607 Cain,
1661 573 1724 602 mali
1740 573 1853 602 fuerunt
1866 577 1893 602 et
1907 582 2002 604 omnes
2016 583 2078 612 per·
2092 567 2206 600 C⁰¹¹⁹⁵1¹⁰3b

1238 620 1331 648 ierunt
1341 618 1361 646 ⁵.
1377 635 1416 639 —
1431 619 1459 647 [n
1481 627 1551 648 novo
1571 623 1732 649 testamento
1753 624 1814 657 post
1835 621 2001 658 scripturam
2016 622 2077 651 uni-
2090 599 2155 641 Qum
2168 606 2205 624 'm-

1240 666 1372 695 versalem
1387 669 1414 694 et
1435 669 1589 703 temporum
1611 675 1711 696 cursus
1731 667 1866 697 formatus
1880 671 1921 697 est
1936 668 2077 704 Christus,

1238 714 1309 742 sicut
1324 713 1406 742 bomo
1421 717 1500 742 sexta
1513 713 1569 748 die,
1590 715 1636 751 qui
1656 715 1769 752 praesit
1788 715 1954 744 volatilibus
1969 717 2041 745 caeli
2054 721 2078 745 et

1237 760 1366 798 piscibus
1379 761 1509 794 maris⁶;
1524 761 1595 790 sicut
1608 761 1673 791 dicit
1688 762 1824 791 Psalmus:
1841 762 1918 798 Quid
1931 767 1972 792 est
1985 762 2077 798 bomo,

1238 808 1314 847 quod
1333 817 1443 837 mernor
1463 817 1492 837 es
1512 808 1588 842 eius,·
1609 814 1662 838 aut
1680 809 1761 847 fitius
1782 809 1923 845 bominis,
1939 811 2078 849 quoniam

1237 855 1341 884 visitas
1361 855 1445 884 eum?
1467 855 1599 884 Minuisti
1624 865 1688 885 eum
1711 857 1803 894 paulo
1833 858 1932 886 minus
1952 858 1989 887 ab
2017 860 2078 887 An-

1236 902 1323 940 9elis,
1343 903 1441 940 =qtoria
1461 906 1487 931 et
1501 902 1607 932 honore
1627 905 1775 932 eonorasti
1794 913 1868 932 eum.
1891 905 1997 934 Omnia
2011 905 2078 934 sub-

1238 950 1330 979 iecisti
1348 950 1402 979 sub
1421 949 1544 987 pedibus
1564 950 1641 985 eius,
1663 960 1727 979 oues
1748 955 1774 979 et
1798 951 1879 980 boues
1906 953 2077 988 universas,

1238 997 1358 1035 iusuper
1379 1001 1404 1035 et
1422 1006 1529 1034 pecora
1560 998 1664 1035 campi.
1693 998 1825 1026 Votacres
1846 999 1918 1027 caeti
1937 1003 1963 1027 et
1983 1000 2077 1036 pisces

1237 1045 1332 1073 maris
1346 1048 1396 1074 etc.
1413 1045 1444 1073 Et
1458 1045 1531 1082 quod
1554 1045 1721 1083 intelligatur
1742 1045 1775 1074 de
1796 1045 1920 1080 Christo,
1935 1047 2078 1083 Apostolus
2125 1037 2127 1039 ’

1237 1092 1316 1121 dicit:
1339 1092 1471 1120 Minuisti
1489 1101 1555 1121 curu
1573 1092 1664 1129 paulo
1684 1093 1783 1121 minus
1805 1093 1842 1121 ab
1865 1093 1998 1131 Angelis,
2018 1093 2078 1131 (ylo-

1237 1139 1287 1168 ria
1307 1143 1333 1167 et
1346 1138 1452 1167 ltouore
1482 1140 1631 1168 eouorasti
1659 1149 1724 1169 eum
1750 1144 1817 1174 etc.;
1840 1140 1981 1178 sequitur:
2004 1141 2078 1169 Eum

1237 1190 1348 1220 autem,
1363 1186 1414 1224 qui
1427 1187 1538 1215 modico
1558 1179 1647 1226 quam
1669 1188 1773 1225 Anyeti
1790 1188 1956 1217 minoratus
1969 1192 2022 1223 est,
2037 1189 2079 1217 vi-

1237 1234 1338 1262 demus
1359 1234 1455 1262 lesum
1473 1239 1593 1271 propter
1616 1236 1782 1272 passimoem
1810 1235 1914 1264 mortis
1933 1235 2030 1274 ,qloria
2054 1239 2080 1264 et

1238 1279 1344 1309 honore
1364 1285 1544 1309 coronatum.
1567 1282 1651 1310 Homo
1671 1283 1797 1311 conditus
1811 1282 1844 1311 cle
1860 1285 1934 1311 terra
1948 1283 2078 1320 virginea,

1238 1335 1308 1364 quae
1330 1327 1451 1356 nondum
1473 1328 1633 1364 sanguinem
1654 1333 1828 1366 susceperat,
1847 1330 1982 1367 signifieat
2002 1330 2080 1358 Chri-

1239 1378 1311 1404 stum
1334 1375 1367 1403 ‹le
1388 1375 1498 1411 Virgine
1515 1379 1631 1415 natum,
1653 1376 1725 1404 sicut
1751 1376 1832 1405 etiam
1863 1377 1916 1405 Eva
1940 1377 1973 1405 de
1995 1377 2079 1406 latere
2092 1376 2207 1395 N0'³¹¹‘¹¹¹¹¹¹·

1239 1421 1308 1450 Adae
1331 1421 1446 1449 formata
1457 1421 1477 1455 ⁷,
1499 1421 1537 1450 sic
1559 1422 1677 1450 Ecclesia
1697 1422 1730 1450 de
1751 1422 1851 1451 Christi
1868 1423 1960 1452 latere.
1976 1439 2013 1443 —-
2028 1423 2078 1452 Sed

1239 1476 1301 1496 cum
1317 1468 1443 1496 Christus
1457 1476 1599 1505 nunquam
1614 1469 1820 1504 praevaricatus
1835 1470 1930 1504 fuerit,
1942 1470 2079 1507 quomodo

1239 1515 1289 1546 sibi
1320 1515 1515 1551 correspondet
1546 1516 1727 1552 transgressio
1748 1516 1838 1544 Adae?
1858 1517 1911 1545 Hoc
1937 1517 2081 1548 transferri

1239 1562 1319 1590 debet
1339 1570 1355 1590 a
1376 1562 1463 1598 capite
1484 1560 1518 1590 ad
1539 1562 1670 1591 membra.

1317 1611 1362 1638 22.
1386 1609 1555 1643 Notandum,
1577 1610 1651 1647 quod
1672 1610 1790 1639 Ecclesia
1811 1612 1898 1648 posita
1919 1612 1970 1640 fuit
1991 1613 2018 1641 in
2034 1621 2080 1649 pa-

1241 1656 1345 1690 radiso,
1368 1657 1438 1685 sicut
1466 1656 1572 1693 primus
1604 1657 1701 1691 homo,
1730 1662 1763 1686 ut
1793 1659 1994 1695 operareturss,
2018 1668 2080 1688 cum

1241 1704 1334 1732 nullus
1355 1703 1467 1741 aliquid
1486 1713 1575 1732 suum
1596 1713 1654 1732 esse
1681 1704 1799 1733 dicebat.
1829 1706 1929 1742 lncepit
1960 1707 2032 1735 enim
2055 1707 2081 1735 in

1240 1759 1338 1788 magna
1359 1751 1525 1788 perfectione
1546 1751 1618 1788 quod
1640 1751 1721 1780 modo
1742 1751 1768 1780 in
1792 1752 1925 1789 religiosis
1953 1753 2081 1782 observa—

1242 1802 1302 1831 tur,
1330 1798 1396 1835 quia
1426 1806 1503 1826 amor
1534 1798 1635 1827 Christi
1667 1798 1758 1827 adbuc
1789 1806 1885 1828 recens
1912 1803 1986 1833 erat;
2015 1803 2080 1829 tune

1241 1846 1332 1874 multa
1354 1845 1441 1874 turba
1466 1846 1656 1875 sacerdotum
1678 1845 1823 1875 obediebat
1843 1845 1918 1883 fidet.
1941 1847 2009 1875 Haec
2036 1847 2082 1875 Ec-

1240 1893 1337 1927 clesia,
1358 1893 1461 1922 scilicet
1481 1901 1552 1930 quae
1574 1893 1675 1930 incepit
1696 1894 1722 1922 in
1745 1893 1862 1928 ludaeis,
1883 1893 1949 1931 quia
1969 1902 2084 1922 conver—

1241 1940 1370 1968 tebantur
1391 1940 1471 1968 modo
1500 1940 1552 1968 tria
1582 1941 1682 1975 millia,
1703 1941 1783 1969 modo
1814 1941 1937 1978 quinque
1967 1941 2050 1970 millia
2062 1941 2082 1975 ⁹,

1242 1987 1338 2015 babuit
1369 1987 1480 2024 tiquam
1510 1987 1602 2020 vitae,
1634 1988 1737 2016 seilicet
1757 1988 1864 2022 fidem,
1892 1989 1958 2025 quia
1987 1989 2083 2017 iustus

1241 2042 1322 2062 meus
1342 2042 1376 2061 ea:
1396 2034 1453 2070 fide
1473 2034 1558 2067 m‘vz·t;
1580 2034 1677 2062 babuit
1696 2034 1777 2063 etiam
1800 2035 1912 2072 liguum
1932 2036 2081 2070 scientiae,

1242 2080 1344 2109 scilieet
1365 2081 1477 2117 Legem,
1500 2088 1571 2117 quae
1592 2081 1723 2110 remansit
1744 2081 1793 2109 sibi
1819 2081 1854 2110 ad
1881 2082 2028 2110 videndum
2057 2086 2084 2111 et

1242 2128 1400 2164 legendum,
1416 2136 1469 2156 uon
1494 2127 1528 2156 ad
1552 2127 1733 2161 vescendum;
1748 2128 1833 2156 immo
1854 2129 1886 2157 in
1906 2137 2084 2168 quocumque

1241 2176 1286 2204 die
1300 2175 1456 2204 comederis
1470 2184 1504 2203 ea:
1519 2184 1549 2203 eo
1558 2198 1566 2209 ,
1581 2179 1672 2203 marte
1685 2175 1821 2204 morieris
1834 2176 1864 2204 ¹⁰.
1881 2176 1955 2204 Unde
1971 2175 2084 2213 tiquam
2097 2176 2211 2195 ⁸⁰³³¹¹d³¹¹¹<

1241 2223 1377 2252 scientiae
1391 2226 1467 2260 potes
1481 2222 1591 2255 videre,
1606 2230 1660 2250 non
1674 2223 1872 2257 manducare,
1884 2223 1949 2260 quia
1959 2223 2084 2252 destrue-

1242 2279 1286 2299 res
1307 2270 1440 2307 quidquid
1462 2270 1588 2298 Christus
1609 2269 1687 2304 fecit;
1708 2273 1735 2298 et
1756 2278 1866 2299 necesse
1887 2273 1970 2305 esset,
1990 2270 2084 2299 subin-

1243 2321 1317 2346 trare
1331 2320 1463 2351 mortem,
1479 2317 1545 2354 quia
1559 2316 1654 2345 littera
1668 2317 1779 2346 occidit.
1794 2317 1869 2346 Unde
1884 2317 1984 2347 Paulus
1998 2317 2083 2346 dixit:

2093 1565 2121 1584 De
2128 1565 2216 1592 *Ecclesia

2103 1591 2205 1613 primitiva.

1305 2502 1315 2516 ⁶
1332 2504 1387 2526 Gen.
1409 2505 1426 2531 1,
1444 2505 1479 2526 245.
1498 2515 1528 2520 --
1546 2504 1597 2532 Seq.
1624 2504 1688 2525 loeus
1712 2505 1746 2525 est
1771 2503 1805 2524 Ps.
1828 2502 1854 2528 8,
1871 2501 1893 2523 5.
1911 2508 1988 2530 seqq,
2006 2502 2085 2524 tertius

1243 2543 1312 2565 Hebr.
1325 2540 1356 2570 ³2,
1373 2543 1421 2565 7-9.
1530 2560 1533 2562 .

1305 2581 1313 2594 ⁷
1331 2583 1387 2605 Gen.
1405 2583 1431 2609 2,
1450 2583 1486 2604 21.
1509 2588 1574 2610 seqq.
1596 2581 1642 2604 Cfr.
1664 2582 1688 2603 ll.
1711 2581 1772 2602 Sent.
1795 2580 1818 2602 d.
1836 2580 1872 2602 ⁴8.
1889 2586 1910 2602 a.
1928 2580 1949 2602 t.
1965 2586 1988 2609 q.
2007 2580 2027 2607 4,
2044 2579 2083 2602 ubi

1243 2622 1311 2644 etiam
1329 2622 1358 2644 de
1376 2622 1448 2649 ipsius
1464 2620 1643 2649 significatione,
1661 2620 1746 2642 scilieet
1762 2619 1874 2641 Ecclesiae
1891 2619 1921 2641 de
1938 2620 2007 2642 latere
2023 2618 2085 2642 Chri-

1243 2661 1279 2684 sti.
1294 2673 1326 2677 —
1343 2661 1420 2683 Simile
1436 2661 1465 2683 de
1482 2660 1629 2683 translatione
1645 2666 1657 2681 a
1675 2659 1749 2687 capite
1766 2658 1796 2681 ad
1814 2658 1917 2681 membra
1936 2658 2032 2681 liabetur
2049 2665 2085 2681 su-

1244 2707 1284 2729 pra
1302 2701 1376 2723 collat.
1395 2700 1431 2727 lt.
1448 2695 1526 2722 ῐι.“23.
1543 2699 1580 2722 24.

1306 2738 1316 2751 ⁸
1331 2740 1387 2762 Gen.
1401 2740 1427 2766 2,
1440 2739 1478 2761 45.
1488 2750 1519 2755 -
1531 2738 1584 2767 Seq.
1596 2738 1660 2760 loeus
1671 2740 1705 2760 oet
1717 2737 1765 2759 Act.
1777 2736 1801 2765 4,
1814 2737 1854 2765 32,
1866 2737 1946 2760 tertius
1957 2737 2012 2760 ibid.
2024 2737 2049 2764 6,
2061 2737 2083 2759 7.

1306 2777 1316 2790 ⁹
1333 2779 1381 2801 Act.
1392 2779 1420 2805 2,
1436 2777 1476 2800 44:
1494 2778 1520 2800 Et
1536 2777 1655 2805 appositae
1671 2779 1725 2799 sunt
1742 2776 1764 2798 in
1781 2776 1819 2798 die
1836 2777 1871 2798 illa
1888 2777 1979 2799 animae
1995 2776 2085 2798 circiter

1245 2818 1286 2840 tria
1303 2817 1372 2839 millia
1379 2825 1385 2844 ς
1403 2816 1428 2843 4,
1446 2816 1472 2838 4:
1489 2816 1515 2838 Et
1531 2817 1604 2838 factus
1620 2817 1654 2838 est
1669 2821 1781 2838 numerus
1798 2815 1900 2838 virorum
1917 2816 2020 2845 quinque
2037 2814 2084 2837 mil-

1244 2857 1280 2879 lia.
1291 2868 1323 2873 -—
1340 2855 1442 2878 Subinde
1459 2855 1579 2883 respicitur
1596 2855 1652 2877 Gen.
1670 2855 1696 2882 2,
1714 2855 1740 2877 9:
1762 2855 1881 2883 «Lignum
1898 2855 1966 2878 etiam
1983 2854 2043 2876 vitae
2060 2854 2083 2877 in

1244 2895 1321 2918 medio
1339 2894 1438 2923 paradisi
1456 2895 1592 2923 lignumque
1608 2894 1714 2917 scientiae
1732 2894 1785 2917 boni
1802 2897 1824 2917 et
1841 2895 1962 2922 malimet
1973 2894 2085 2921 allegatur

1245 2936 1268 2957 ll.
1284 2934 1335 2958 Cor.
1353 2935 1378 2963 3,
1396 2934 1417 2956 6.
1434 2940 1460 2956 ac
1476 2933 1545 2956 Hebr.
1564 2934 1605 2962 to,
1623 2934 1659 2956 38.
1676 2933 1722 2957 Cfr.
1739 2940 1808 2962 supra
1826 2940 1879 2962 pag.
1898 2933 1954 2960 378,
1971 2935 2025 2955 nota
2042 2932 2064 2955 4.

1307 2972 1326 2986 ¹⁰
1343 2974 1399 2996 Gen.
1410 2974 1430 3000 2,
1447 2973 1519 2995 17.-
1529 2973 1581 3002 Seq.
1593 2973 1656 2996 locus
1665 2977 1699 2996 est
1708 2973 1731 2996 ll.
1741 2973 1793 2996 Cor.
1805 2974 1830 3000 3,
1842 2973 1867 3000 6;
1879 2972 1958 2995 tertius
1966 2971 2015 2994 Gal.
2027 2971 2049 2998 5,
2061 2972 2085 2993 2.
