2285 3398
340 88 394 116 llio
989 87 1213 116 OUAESTIONES
1234 87 1434 116 DlSPUTATAE
2276 0 2280 122 1

656 174 671 193 c
679 173 695 193 0
704 173 720 192 N
731 173 746 193 c
754 173 770 193 L
779 173 795 193 u
804 173 818 193 s
826 173 834 193 1
842 173 866 193 o.

338 259 519 292 Mendicatio,
541 267 615 296 quae
634 258 666 294 fit
684 267 741 295 pro
764 257 878 287 Christo
897 259 1056 293 ίηιίιαηιίο,
1072 260 1114 287 vel
1125 266 1181 295 pro

418 304 531 333 Christo
545 305 789 342 evangelizando,
810 305 853 334 vel
873 310 994 344 utroque
1008 306 1108 339 modo,
1124 312 1182 332 non

416 355 456 380 esc
469 352 628 389 culpanda,
644 352 731 381 immo
745 356 785 381 esc
795 352 982 390 perfectionis
993 352 1180 389 eranyelz'cae.

416 447 593 475 Ruseoxvnao:
616 446 653 475 Ad
675 447 878 483 praedictorum
905 446 1111 483 intelligentiam
1134 453 1182 473 no-

196 502 227 521 τη
240 501 325 543 ιιὲιωιιὲῑῗῑ
338 493 466 526 tandum,
489 493 563 530 quod
586 493 731 530 tripliciter
752 494 884 530 contingit
899 493 1062 521 mendicare.
1080 492 1110 520 Et
1126 492 1181 528 pri-

196 547 323 591 „gf-affigo
335 548 399 569 mus
420 540 518 569 modus
539 543 580 569 est
601 548 637 568 ex
659 540 823 569 necessitate
844 544 989 572 παίω-αα
1010 542 1037 567 ct
1059 539 1101 567 hic
1124 547 1182 567 mo-

335 586 389 615 dus
409 589 466 620 est,
488 594 551 615 cum
568 586 631 623 quis
645 586 781 615 mendicat
796 595 849 615 non
865 586 971 619 solum,
987 585 1053 622 quia
1067 593 1182 622 pauper,

336 641 435 662 verum
457 633 539 661 etiam
561 633 626 670 quia
647 633 730 662 habet
751 633 967 669 infirmitatem,
990 632 1031 661 vel
1054 632 1183 660 debilita-

338 684 408 714 tem,
430 680 473 708 vel
504 684 665 718 utrumque.
696 680 742 708 llic
769 684 861 708 autem
895 679 994 708 modus
1019 679 1184 708 miserabilis

336 730 378 756 est
399 730 426 756 et
447 727 612 761 tolerabilis,
634 727 680 756 sed
702 723 751 763 per
774 726 931 763 patientiam
954 726 1052 754 bonam
1075 726 1105 754 tit
1128 733 1183 754 me-

337 774 452 803 ritorius
473 778 500 803 et
532 774 690 807 laudabilis;
723 774 794 802 sicut
826 774 926 810 legitur
959 774 1046 802 Lucae
1077 773 1184 801 decimo

337 822 438 849 sexto¹
461 821 494 849 de
516 821 632 854 Lazaro,
655 820 727 857 quod
750 824 813 848 erac
834 820 953 858 quidam
970 820 1119 848 mendicus
1135 829 1184 848 no-
1212 816 1213 821 ¹

337 868 415 896 mine
436 868 592 901 Lazarus,
614 868 666 905 qui
688 867 797 895 iacebat
819 868 859 895 (td
880 867 1005 895 icmtuam
1020 867 1119 896 divitis*
1143 867 1184 895 nl-

338 914 452 943 cerz'bus
469 914 591 952 plenu&
612 918 639 943 et
660 918 721 951 post
742 914 884 948 subditur,
906 914 980 952 quod
995 918 1129 943 mortuus
1144 907 1185 943 est

338 961 487 990 mndicus
518 965 543 990 et
571 966 709 999 portatus
738 965 778 990 est
809 961 845 990 ab
876 961 994 999 Anyelz's
1023 962 1053 990 m
1083 962 1183 990 sinum

338 1007 484 1036 Abrahae.
508 1009 546 1037 De
567 1008 650 1037 divite
672 1012 764 1037 autem
780 1008 896 1042 dicitur,
912 1008 985 1045 quod
1000 1008 1129 1046 sepultus·
1143 1013 1183 1036 esc

338 1055 370 1083 in
384 1054 507 1092 inferno.
524 1056 565 1083 Ex
580 1064 636 1092 quo
651 1056 805 1093 colligitur,
821 1055 894 1092 quod
910 1055 1083 1088 mendicitas,
1098 1056 1180 1083 etiam

338 1110 373 1130 ex
396 1103 557 1131 necessitate
584 1102 709 1136 veniens,
732 1103 838 1131 occasio
859 1102 970 1131 ductiva
1000 1105 1041 1131 est
1062 1102 1087 1130 in
1111 1102 1182 1130 viam

338 1148 434 1177 salutis
456 1152 599 1182 aeternae;
622 1149 701 1177 iuxta
722 1149 795 1185 quod
821 1149 886 1177 dicit
906 1148 1057 1185 Gregorius
1069 1149 1088 1181 ²,
1111 1149 1184 1185 quod

338 1195 426 1229 mala,
448 1203 519 1232 quae
540 1203 589 1223 nos
621 1195 664 1223 hic
697 1199 843 1231 premunt,
865 1195 896 1223 ad
927 1195 1014 1223 Deum
1044 1195 1084 1223 ire
1110 1202 1183 1223 corn-

339 1241 453 1278 pellunt.

417 1288 560 1316 Secundus
581 1289 679 1318 modus
702 1288 870 1317 mendicandi
897 1292 938 1317 est
963 1289 1004 1317 'ex
1029 1288 1185 1316 <tinias-itate
1213 1298 1215 1308 >

196 1340 325 1388 ngxaeirffidg
338 1334 457 1371 culpam
478 1334 564 1363 ethic
586 1339 642 1368 est,
664 1344 728 1364 cum
751 1335 813 1372 quis
836 1335 971 1363 mendicat
992 1335 1034 1363 vel
1056 1343 1107 1371 pro
1129 1335 1184 1362 otio

216 1388 296 1407 ratione.
338 1380 477 1418 fovendo,
500 1381 540 1409 vel
573 1390 624 1418 pro
656 1381 738 1410 lucro
770 1382 964 1415 tumulando,
991 1382 1032 1410 vel
1065 1385 1186 1419 utroque

337 1428 429 1457 modo.
453 1428 484 1456 Et
509 1428 568 1462 hic,
591 1429 720 1465 iuquam,
747 1429 845 1457 modus
872 1429 1063 1465 vituperabilis
1090 1432 1131 1457 est
1158 1428 1185 1456 in

337 1475 467 1504 omnibus
488 1475 579 1504 taliter
600 1475 827 1504 mendicantibus.
850 1476 889 1504 De
910 1476 1012 1513 quibus
1033 1476 1098 1504 dicit
1125 1477 1185 1504 Am-

339 1521 450 1550 brosius
471 1521 497 1549 in
521 1521 591 1550 libro
611 1521 653 1550 de·
672 1521 813 1551 Officiis³:
841 1522 1004 1550 «l'elitionis
1026 1530 1109 1550 causa
1140 1530 1185 1550 ve-

339 1568 419 1597 niunt
440 1568 537 1601 validi,
566 1569 681 1597 veniunt
712 1569 816 1597 nullam
849 1576 959 1597 causam
988 1568 1038 1597 nisi
1071 1568 1185 1605 vagandi

341 1615 483 1650 habentes,
494 1619 521 1644 et
533 1616 629 1644 volunt
641 1615 763 1644 subsidia
776 1624 911 1644 evacuare
926 1623 1091 1652 pauperum,
1107 1615 1186 1643 exin-

339 1662 416 1691 anire
445 1665 584 1696 sumtum;
614 1670 662 1691 nec
691 1662 794 1699 exiguo
819 1663 955 1697 contenti,
976 1662 1081 1691 maiora
1102 1670 1186 1699 quae-

339 1712 421 1743 runt,
442 1709 548 1738 ambitu
565 1709 681 1737 vestium
697 1712 837 1746 captantes
856 1709 995 1746 petitionis
1009 1709 1186 1746 suffragium,

339 1758 366 1783 et
387 1755 520 1784 natalium
543 1755 717 1784 simulatione
739 1755 874 1784 licitantes
901 1756 1071 1784 incrementa
1102 1763 1186 1792 quae-

211 1807 326 1828 umanum.
340 1805 435 1831 stuum
448 1815 473 1830 ».
489 1802 570 1831 Licet
591 1806 683 1831 autem
706 1802 732 1830 in
754 1802 883 1831 omnibus
905 1802 1003 1831 merito
1024 1802 1121 1831 debeat
1143 1810 1185 1830 re-

341 1849 490 1886 prehendi,
513 1849 757 1886 reprehendeudus
779 1853 820 1877 est
842 1852 932 1878 tamen
948 1849 1089 1886 potissime
1103 1849 1129 1877 in
1149 1849 1188 1877 eis

342 1896 388 1933 qui
412 1896 513 1925 habent
534 1895 652 1932 speciem
674 1896 834 1924 sanctitatis.
857 1896 896 1924 De
917 1896 1019 1933 quibus
1049 1896 1115 1924 dicit
1136 1896 1187 1924 Au*

342 1942 469 1979 gustinus
489 1943 516 1971 in
546 1943 616 1971 libro
643 1943 676 1972 de
704 1943 793 1980 Opere
818 1943 1056 1972 monachorum⁴t
1084 1942 1188 1971 «Nullo

343 1989 424 2018 niodo
444 1990 536 2024 decet,
559 1994 590 2019 ut
611 1990 637 2018 in
659 1998 691 2019 ea
712 1990 782 2023 vita,
804 1990 850 2019 ubi
880 1994 1021 2019 senatores
1052 1990 1122 2019 fiunt
1151 1990 1187 2018 la-

343 2037 459 2071 boriosi,
482 2037 517 2066 ibi
540 2037 607 2066 fiant
628 2038 740 2074 opifices
760 2038 854 2071 otiosi3
870 2041 897 2066 et
918 2046 974 2075 quo
995 2038 1126 2072 veniunt,
1141 2038 1187 2066 de-

344 2084 446 2113 relictis
466 2085 569 2114 deliciis
590 2085 662 2119 suis,
684 2085 731 2122 qui
753 2085 866 2114 suerunt
881 2085 1057 2122 praediorum
1072 2085 1187 2119 domini,

344 2130 381 2160 ibi
402 2131 469 2159 fiant
497 2132 591 2160 rustici
620 2131 765 2160 delicati».
789 2132 820 2160 Et
841 2135 901 2168 post
929 2132 962 2160 ad
984 2132 1189 2169 reprehenden-

345 2177 411 2206 dum
432 2185 528 2206 eorum
550 2178 636 2206 otium
658 2181 685 2207 et
716 2181 861 2215 quaestum
893 2178 1074 2215 subiungit5:
1106 2177 1188 2207 «Cat-

1211 995 1213 1001 ,
1240 961 1311 995 rari,
1334 961 1470 995 dicentes,
1492 969 1551 990 esse
1573 962 1779 998 intelligemlum
1796 961 1863 990 illud
1877 961 1911 990 de
1926 962 2019 990 labore
2033 961 2088 998 spi-

1240 164 1388 193 lidissimus
1411 164 1497 192 hostis
1520 168 1610 193 tamen
1632 166 1735 194 multos
1749 166 1907 203 hypocritas
1921 168 1973 196 sub
1988 168 2085 196 habitu

1239 212 1439 240 monachorum
1474 219 1676 249 usquequaque
1710 212 1853 249 dispersit,
1881 214 2086 243 circumeuntes

1238 258 1409 295 provincias,
1443 266 1580 295 nusquam
1609 258 1722 291 missos,
1744 267 1881 296 nusquam
1910 260 1998 295 fixos,
2019 270 2085 290 nus-

1238 313 1321 342 quam
1344 308 1461 338 stautes,
1485 313 1620 342 nusquam
1640 305 1783 340 sedentes;
1805 306 1849 334 alii
1872 307 1996 335 membra
2012 316 2086 336 mar·
2275 265 2279 372 i

1239 354 1348 387 tyrum,
1371 352 1391 380 si
1415 354 1505 380 tamen
1528 354 1699 388 martyrum,
1723 351 1877 386 venditant;
1893 352 1937 381 alii
1952 353 2086 389 fimbrias
2275 373 2276 387 l

1238 402 1262 427 ec
1281 397 1465 436 phylacteria.
1495 407 1553 427 sua
1584 398 1794 436 mammeam,-
1815 399 1858 427 alii
1892 402 2020 435 parentes
2044 400 2087 428 vel

1238 446 1456 482 consanguineos
1477 454 1542 474 suos
1564 446 1590 474 in
1612 446 1658 474 illa
1680 446 1722 474 vel
1743 446 1770 474 in
1792 446 1838 474 illa
1852 446 1967 482 regione
1988 454 2017 475 se
2038 455 2087 475 au-

1238 492 1310 520 disse
1332 492 1425 521 vivere.
1446 495 1472 521 et
1493 493 1526 521 ad
1548 501 1595 521 eos
1615 500 1731 529 pergere
1746 493 1934 527 mentiuntur;
1950 496 1977 521 et
1991 501 2087 522 omnes

1240 542 1350 575 petunt,
1371 547 1467 568 ornnes
1488 540 1604 580 exigunt
1625 542 1673 568 aut
1695 542 1804 568 sumtus
1832 540 1956 568 lucrosae
1984 543 2088 577 egesta-

1240 586 1290 619 tis,
1312 589 1360 614 aut
1388 586 1531 616 simulatae
1564 587 1683 624 pretium
1716 587 1904 615 sanctitatis».
1928 603 1963 607 —
1985 587 2225 618 Contraconfirmtur.
2261 604 2262 608 =

1240 633 1307 661 tales
1330 633 1448 661 multum
1470 633 1611 662 invehitur
1642 633 1739 662 beatus
1768 633 1940 670 Augustinus
1967 633 1993 662 in
2017 634 2087 663 libro

1239 679 1273 708 de
1294 680 1384 716 Opere
1407 681 1621 714 monachorum,
1644 688 1694 717 pro
1716 690 1748 708 eo
1769 680 1842 717 quod
1865 680 2001 717 pigritiam
2031 688 2085 708 non

1240 729 1347 754 tantum
1369 726 1395 754 in
1418 734 1446 755 se
1462 726 1526 763 ipsis
1541 727 1720 755 mendicando
1734 726 1876 759 fovebant,
1893 735 1989 755 verum
2004 727 2086 755 etiam

1239 773 1422 810 praedicando
1442 773 1502 802 aliis
1523 774 1689 807 suadebant,
1712 774 1781 802 male
1796 773 1979 810 intelligentes
2000 774 2087 802 Evan-

1240 820 1380 856 geliumss,
1412 820 1458 848 ubi
1492 820 1601 849 videtur
1632 821 1788 853 insinuare,
1810 820 1884 857 quod
1906 829 1959 849 non
1989 821 2024 849 sit
2052 820 2087 849 ab

1241 867 1414 901 hominibus,
1431 867 1502 898 sicut
1517 876 1565 896 nec
1581 868 1615 897 ab
1630 868 1740 901 avibus,
1757 868 1951 901 laborandunn
1967 871 1994 896 et
2008 868 2087 905 peius

1240 918 1411 951 exponentes
1432 915 1606 951 Apostolum,
1629 915 1675 943 ubi
1699 915 1847 952 persuadet
1868 915 2001 944 fratribus
2022 922 2086 951 ope-

1240 1008 1349 1040 rituali,
1372 1016 1425 1036 non
1448 1009 1592 1045 corporali.
1616 1009 1646 1037 Et
1668 1009 1733 1045 quia
1754 1008 1780 1036 in
1804 1009 1856 1037 hoc
1877 1016 1906 1037 se
1921 1008 1994 1045 ipsos
2013 1008 2086 1037 deci-

1240 1056 1350 1092 piebant
1372 1059 1398 1084 et
1419 1055 1502 1089 alios,
1524 1055 1584 1085 ideo
1606 1055 1783 1092 reprehendit
1804 1063 1851 1084 eos
1872 1055 2040 1092 Augustinus
2060 1058 2088 1083 et

1241 1102 1430 1137 nmlliplicitcr
1452 1102 1569 1130 ostendit
1598 1102 1768 1130 contrarium
1791 1110 1839 1138 per
1868 1105 1956 1130 totum
1985 1101 2087 1130 librum

1240 1148 1273 1176 de
1295 1149 1384 1184 Opere
1414 1148 1629 1181 monachorum,
1654 1149 1701 1185 qui
1732 1152 1806 1177 totus
1833 1152 1874 1177 est
1905 1151 2001 1177 contra
2028 1148 2088 1177 illos

1241 1194 1287 1231 qui
1310 1195 1464 1231 approbant
1486 1195 1559 1223 huuc
1582 1195 1733 1223 secundum
1762 1196 1933 1224 mendicandi
1964 1195 2086 1224 modum.

1242 1241 1316 1269 Unde
1337 1241 1370 1269 de
1392 1241 1493 1269 talibus
1513 1241 1616 1269 ‹licit72
1645 1254 1657 1265 «
1672 1242 1722 1277 Qui
1750 1244 1880 1278 tanquam
1906 1242 2089 1271 conservatri-

1241 1296 1300 1316 cem
1323 1288 1459 1324 Evangelii
1482 1288 1671 1324 praedicantes
1685 1292 1764 1317 erant
1779 1288 1933 1325 pigritiam,
1955 1292 2088 1325 tanquam

1242 1334 1498 1371 praevaricatricem
1530 1338 1691 1363 accusantes
1723 1334 1948 1363 misericordiam.
1978 1335 2086 1363 Utinam

1241 1381 1300 1413 isli,
1323 1381 1370 1418 qui
1393 1389 1490 1410 vacare
1513 1382 1608 1410 volunt
1629 1382 1771 1416 manibus,
1793 1382 1904 1411 omnino
1918 1384 2048 1410 vacarent
2061 1384 2090 1410 et

1243 1428 1354 1465 linguis!
1378 1428 1471 1465 Neque
1492 1429 1563 1457 enim
1587 1432 1641 1457 tam
1662 1429 1764 1458 inultos
1792 1429 1825 1457 ad
1847 1429 2026 1457 imitationem
2048 1428 2089 1456 in-

1242 1474 1373 1508 vitarent,
1396 1475 1416 1503 si
1439 1474 1478 1503 cis
1499 1475 1580 1503 etiam
1596 1483 1648 1503 non
1665 1478 1773 1504 tantum
1795 1475 1924 1512 exempla
1937 1475 2028 1512 pigra,
2043 1482 2089 1504 ve-

1243 1530 1318 1550 rum·
1338 1522 1418 1550 etiam
1448 1525 1526 1550 muta
1558 1526 1750 1559 proponerent.
1774 1523 1850 1551 Nunc
1878 1526 1972 1551 autem
1993 1525 2090 1551 contra

1242 1569 1400 1605 Apostolum
1432 1569 1533 1597 Christi
1562 1569 1679 1597 recitant
1707 1569 1883 1606 Evangelium
1915 1569 2024 1598 Christi.
2052 1569 2090 1598 lta

1243 1615 1316 1644 enim
1348 1615 1485 1644 mirabilia
1516 1619 1580 1644 sunt
1610 1623 1695 1652 opera
1722 1616 1879 1653 pigrorum,
1904 1619 1936 1645 ut
1956 1615 2089 1652 impedire

1243 1662 1328 1691 velint
1350 1662 1496 1699 Evangelio
1516 1662 1590 1699 quod
1611 1663 1755 1699 Apostolus
1775 1663 1836 1691 ideo
1856 1663 1995 1700 praecepit
2009 1666 2036 1691 et
2050 1663 2089 1691 fe-

1243 1708 1295 1742 cit,
1317 1717 1351 1738 ne
1373 1709 1553 1745 impediretur
1575 1709 1752 1746 Evangelium
1767 1721 1793 1737 ».

1323 1755 1433 1784 Tertius
1454 1759 1546 1784 autem
1569 1756 1667 1784 modus
1681 1756 1852 1785 mendicandi
1867 1760 1908 1786 est
1922 1765 1958 1786 ex
1972 1765 2088 1794 supere·
2100 1764 2129 1784 ne
2142 1764 2160 1783 3.
2173 1764 2229 1792 ψοᾳο,

1244 1803 1393 1839 rogatione
1414 1802 1561 1836 iusticiam
1582 1806 1609 1832 et
1630 1803 1674 1832 liic
1695 1806 1751 1837 est,
1774 1811 1837 1832 cum
1869 1804 1932 1841 quis
1952 1803 2089 1833 mendicat
2124 1788 2229 1831 3223&

1244 1857 1295 1885 pro
1328 1848 1443 1878 Christo
1475 1849 1633 1884 imitando,
1656 1851 1698 1879 vel
1724 1858 1775 1887 pro
1802 1849 1916 1879 Christo
1947 1850 2088 1888 evanyeh'-

1244 1896 1360 1930 zaudo,
1376 1896 1418 1924 vel
1435 1900 1557 1935 utroque
1570 1897 1662 1925 modo.
1679 1914 1715 1918 —
1731 1898 1782 1926 Pro
1806 1897 1936 1932 Christo,
1958 1898 2225 1935 inquam,1mitai.iocixri-

1244 1942 1387 1971 invitando
1415 1946 1549 1980 quantum
1578 1944 1611 1972 ad
1639 1947 1831 1981 contemptum
1858 1945 1923 1979 sui,
1954 1944 2089 1982 affectum
2125 1928 2230 1971 ffiafmm

1241 1989 1374 2027 proximi
1393 1993 1420 2018 et
1442 1989 1552 2019 cultum
1574 1990 1634 2019 Dei.
1656 1991 1722 2019 Nam
1744 1992 1771 2019 in
1786 1992 1829 2020 his
1844 1992 1935 2021 tribus
1948 1992 2088 2029 potissime

1243 2037 1376 2066 debemus
1396 2037 1538 2066 Christum
1570 2037 1679 2066 imitari.
1705 2037 1783 2074 Quod
1814 2038 1925 2075 quidem
1946 2038 2010 2067 facit
2040 2038 2087 2074 qui

1244 2085 1398 2113 voluntarie
1419 2084 1555 2114 mendicat
1575 2093 1626 2122 pro
1647 2084 1756 2113 nomine
1776 2084 1893 2119 Christi,
1909 2088 1940 2114 ut
1954 2093 1983 2114 se
1997 2085 2087 2121 ipsum

1244 2131 1355 2160 vililicet
1375 2135 1402 2160 et
1424 2132 1565 2167 humiliet,
1587 2135 1618 2160 ut
1638 2131 1797 2169 proximum
1813 2139 1896 2160 suum
1913 2132 2037 2160 aedificet
2060 2134 2088 2160 et

1244 2181 1374 2214 provocet
1394 2178 1428 2207 ad
1449 2179 1591 2215 pietatem,
1613 2182 1640 2208 et
1661 2182 1692 2207 ut
1712 2181 1789 2207 vacet
1810 2178 1865 2206 Deo
1887 2178 1973 2207 libera
1987 2181 2087 2213 mente,

408 2362 416 2376 ¹
435 2364 500 2386 Vers.
517 2365 554 2386 20.
571 2367 593 2387 et
610 2366 765 2397 22:1Factum
783 2368 817 2388 est
834 2368 918 2392 autem,
936 2368 961 2388 ut
978 2368 1105 2388 moreretur
1127 2371 1188 2387 men-

347 2404 412 2426 dicus
429 2406 451 2426 et
467 2406 597 2432 portaretur
614 2404 643 2426 ab
660 2405 753 2432 Angelis
769 2408 812 2427 etc.

403 2441 416 2462 Ρ
435 2443 493 2466 Vide
510 2443 534 2465 11.
549 2443 632 2465 Homil.
650 2444 671 2465 in
689 2444 777 2472 Evang.
790 2444 868 2466 homil.
881 2444 923 2470 36,
941 2443 963 2466 in
980 2450 1026 2472 qua
1042 2443 1140 2471 explicat
1151 2448 1189 2470 pa-

345 2484 450 2506 rabolam
468 2483 497 2505 de
514 2488 585 2505 coena
609 2489 707 2510 magna,
724 2483 754 2505 ad
770 2489 841 2511 quam
867 2483 931 2505 multi
956 2486 1021 2505 erant
1045 2482 1133 2509 vocati,
1150 2481 1188 2511 qui

346 2526 422 2545 tamen
450 2524 599 2550 «coeperunt
623 2528 704 2544 omnes
728 2522 796 2544 simul
822 2527 955 2544 excusare...
972 2522 998 2544 Et
1023 2521 1053 2544 ait
1077 2521 1189 2543 Dominus

347 2568 426 2584 servo:
440 2562 503 2584 Exi...
519 2564 541 2584 et
558 2560 669 2590 compelle
681 2561 772 2584 intrare
784 2570 794 2581 ιι
811 2560 875 2590 [Luc.
894 2560 935 2587 14,
951 2561 976 2582 16
988 2572 1019 2577 -
1034 2560 1090 2589 24.].
1107 2560 1189 2583 Ultima

347 2601 403 2623 haec
427 2600 499 2622 xerba
520 2601 563 2622 lor.
588 2600 625 2622 cit.
641 2606 665 2622 n.
682 2600 704 2622 9.
720 2600 818 2628 explicat
834 2600 863 2622 de
888 2599 1065 2622 adversitatibus
1089 2599 1189 2627 compel-

347 2639 446 2661 lentibus
471 2639 501 2661 ad
526 2639 599 2661 Deum
616 2639 705 2661 redire:
727 2647 737 2658 α
750 2639 792 2667 Qui
810 2644 866 2666 ergo
883 2638 951 2661 huius
968 2638 1048 2661 mundi
1066 2637 1189 2661 adversita-

349 2677 409 2700 tibus
427 2678 497 2704 nacti,
515 2678 544 2700 ad
561 2677 601 2699 Dei
619 2683 721 2699 amorem
739 2677 837 2700 redeunt
854 2680 923 2706 atque
947 2683 959 2699 a
985 2678 1112 2705 praesentis
1128 2677 1189 2698 vitae

348 2716 467 2739 desideriis
483 2717 641 2743 corriguntur,
653 2716 709 2744 quid
727 2716 774 2743 isti,
788 2717 867 2738 fratres
884 2716 942 2743 mei,
958 2716 999 2738 nisi
1012 2716 1188 2743 compelluntur,

348 2757 374 2777 ut
385 2755 467 2777 intrent
476 2756 501 2776 n?
510 2767 540 2771 —
549 2756 577 2781 L,
590 2755 620 2777 ad
631 2755 768 2777 solutionem
778 2754 918 2783 quaestionis
929 2755 1010 2782 triplici
1020 2755 1092 2783 posita
1103 2753 1189 2776 mendi-

349 2793 444 2815 cationis
461 2793 616 2820 distinctione,
630 2793 677 2815 scil.
699 2802 708 2813 κ
720 2799 747 2815 ex
763 2793 898 2815 necessitate
909 2796 1016 2820 naturae,
1028 2799 1055 2815 ex
1067 2793 1189 2815 vitiositate

350 2832 444 2859 culpae,
461 2837 488 2853 ex
505 2832 709 2859 supererogatione
726 2832 822 2855 iustitiae
834 2841 844 2852 ι
856 2849 862 2859 ,
879 2832 909 2855 de
919 2832 995 2860 primo
1006 2831 1113 2854 membro
1125 2832 1189 2854 affert

350 2872 437 2893 tantum
446 2871 577 2898 exemplum
586 2870 671 2897 Lazari,
681 2873 703 2892 et
711 2871 779 2893 etiam
791 2871 820 2893 de
832 2871 902 2893 modo
914 2870 1017 2893 secundo
1030 2876 1102 2898 pauca
1112 2872 1188 2892 refert.

1308 2362 1317 2375 ⁸
1334 2363 1396 2386 Libr.
1413 2364 1437 2386 ll.
1455 2371 1474 2386 c.
1496 2364 1529 2386 16.
1546 2371 1570 2386 n.
1586 2364 1624 2386 76.

1307 2401 1316 2414 ⁴
1333 2402 1390 2430 Cap.
1407 2403 1445 2425 25.
1462 2409 1484 2425 n.
1502 2403 1538 2425 33.
1555 2415 1586 2419 —
1603 2403 1646 2425 Pro
1663 2402 1751 2426 deliciis
1767 2403 1821 2425 edd.
1838 2408 1891 2424 cum
1914 2402 2001 2431 aliquot
2017 2401 2087 2425 codd.

1245 2441 1339 2465 divitiis.

1308 2479 1318 2492 ⁶
1335 2480 1391 2509 Cap.
1408 2481 1446 2503 28.
1463 2487 1486 2503 n.
1504 2481 1541 2503 36.
1558 2481 1687 2509 Respicitur
1704 2481 1779 2502 Matth.
1796 2480 1839 2507 23,
1856 2480 1886 2507 5,
1898 2479 1937 2502 ubi
1955 2480 1985 2502 de
2002 2479 2087 2502 Scribis

1247 2522 1268 2541 et
1284 2519 1411 2541 Pharisaeis
1428 2519 1525 2542 dicitur:
1543 2519 1641 2541 Dilaoent
1657 2518 1718 2541 enirn
1735 2518 1874 2547 phylacteria
1891 2524 1932 2541 sua
1955 2521 1977 2540 et
1999 2518 2087 2546 magni-

1245 2558 1314 2580 sscaut
1330 2558 1441 2581 fimbrias.
1789 2556 1793 2563 ‘

1299 2595 1316 2609 ’θ
1333 2597 1409 2619 Matth.
1427 2597 1453 2624 6,
1466 2597 1507 2624 25,
1523 2603 1604 2625 seqq.:
1617 2596 1670 2619 ideo
1681 2596 1733 2619 dico
1745 2595 1824 2622 vobiS,
1836 2601 1866 2618 ne
1876 2595 1964 2618 solliciti
1977 2595 2024 2617 sitis
2036 2594 2086 2617 sni-

1246 2642 1297 2658 mae
1309 2638 1398 2658 vestrae
1410 2636 1467 2665 quid
1480 2635 1647 2659 manducetis...
1659 2635 1772 2663 Respicite
1783 2634 1882 2657 volatilia
1894 2634 1962 2662 caeli,
1974 2634 2085 2662 quoniam

1246 2681 1290 2697 non
1313 2678 1391 2698 serunt
1413 2678 1457 2698 etc.
1472 2687 1504 2692 —
1521 2674 1624 2698 Verbum
1648 2674 1749 2703 Apostoli
1766 2676 1800 2697 est
1816 2674 1841 2696 n.
1858 2673 1939 2695 Thess.
1956 2673 1982 2700 3,
2001 2673 2045 2696 1οι
2063 2673 2086 2695 Si

1245 2714 1297 2742 quis
1313 2718 1365 2736 non'
1377 2715 1427 2736 vult
1443 2714 1546 2742 operari,
1564 2719 1606 2736 nec
1622 2713 1754 2736 manducet.

1307 2751 1315 2764 ⁷
1333 2752 1389 2780 Cap.
1407 2753 1445 2774 22.
1462 2759 1511 2781 seq.
1528 2759 1551 2775 n.
1563 2753 1601 2775 26.
1612 2758 1661 2782 seq.
1678 2752 1733 2775 Post
1749 2749 1937 2775 misericordiam
1953 2752 2027 2773 textus
2043 2750 2085 2773 ori-

1245 2792 1327 2820 ginalis
1344 2792 1409 2819 plura
1427 2791 1491 2814 addit
1507 2794 1529 2813 et
1545 2791 1605 2813 circa
1622 2791 1692 2814 finem
1708 2797 1751 2819 pro
1767 2791 1794 2813 ue
1804 2788 1916 2819 impedire
1926 2788 1999 2812 velint
2009 2789 2086 2812 Evan-

1245 2830 1305 2860 qelio
1322 2830 1437 2852 substituit
1454 2831 1481 2853 ut
1496 2829 1606 2860 impediri
1615 2829 1688 2853 velint
1698 2827 1834 2859 Evangelio.
1845 2827 1991 2851 Coi-reximus
2002 2828 2085 2851 vitium

1245 2869 1314 2892 codd.
1330 2871 1352 2891 et
1368 2869 1434 2896 edd„
1452 2869 1491 2898 qui
1509 2868 1595 2892 habent
1611 2868 1723 2899 impedire
1738 2867 1809 2892 velint
1825 2866 1990 2896 Evangelium.
