2285 3398
35 317 91 340 Plaga
99 322 164 342 prima.

68 595 159 613 Secunda.

88 826 156 844 Torua.

80 1243 155 1266 Quarta.

81 1382 155 1405 Quinta.

92 1661 153 1679 Sexta.

63 1939 153 1963 Septima.

78 2265 153 2283 Oetam.

724 234 766 262 DE
789 234 896 262 DECEM
921 233 1113 262 PRAECEPTis
1133 234 1294 263 (rotttTto
1316 235 1366 262 Vll.

178 327 214 332 —
231 311 320 340 Prima
340 311 391 340 suit
412 311 566 348 sanguinis,
588 319 643 347 qua
664 311 785 348 percussi
814 314 878 339 sunt
899 311 1017 339 idolola-

178 362 255 392 trae,
277 358 343 395 quia
362 358 395 386 de
416 358 481 394 ipsis
501 357 566 385 dicit
581 357 702 385 l'salmus
714 359 740 385 ¹:
765 356 934 394 Effuderunt
947 365 1015 385 san-

175 405 293 442 quinem
308 405 498 437 innocentem,
518 403 691 439 sanquinem
705 403 834 439 filiorum
855 412 978 432 suorum
992 406 1016 431 et

175 450 309 487 siliarum
328 459 469 484 suarum,
491 458 565 488 quas
578 450 821 486 suerifieauerzmt
835 448 1016 486 sculptilibus·

177 496 328 526 Cleanaan.

254 543 375 571 Secunda
399 543 477 579 plaga
497 542 549 570 suit
570 550 716 576 ranarum,
738 551 793 579 qua
815 542 935 579 percussi
951 544 1016 569 sunt

176 588 334 625 blasphemi
353 592 380 617 et
398 589 531 625 periuri,
553 589 600 625 qui
626 593 821 625 comparantur
842 589 924 617 ranis.
943 588 1016 616 Rana

177 636 250 664 enim
270 635 369 663 animal
400 638 441 664 est
471 635 621 663 clamosum
651 639 677 663 et
704 644 733 664 se
761 636 846 672 ipsam
874 634 1015 663 clamando

175 682 319 710 consumit.
341 682 469 709 Similiter
490 681 553 710 lacit
574 682 670 715 bomo,
692 682 802 719 qnando
823 681 911 718 perdit
932 681 1015 710 stabi-

176 729 277 756 litatem
300 728 430 756 veritatis.

253 775 344 803 Tertia
364 774 415 802 suit
436 774 514 810 plaga
535 775 707 812 sciniplnun,
728 784 783 812 qua
805 775 927 812 percussi
950 778 1014 803 sunt

176 820 316 853 indevoti,
338 820 384 856 qni
413 828 465 848 non
494 821 684 850 custodierunt
703 821 775 850 diem
797 821 922 854 Sabbati,
943 829 1014 857 quae

174 870 215 895 est
235 867 293 895 dies
313 866 471 894 devotionis.
495 867 635 903 sciniphes
656 872 721 896 sunt
743 876 853 896 muscae
875 875 974 904 parvae
989 870 1015 895 et

175 913 326 948 inquietant
347 915 373 940 et
395 916 496 940 vexant
516 913 633 941 multum
663 914 794 942 homines.
825 914 953 942 Similiter
975 914 1015 941 in-

174 959 334 995 quietantur
361 958 486 987 indevoti.
512 959 537 986 ln
571 959 621 987 1100
646 961 723 996 signo
753 960 913 988 defecerunt
944 961 1013 997 magi

176 1005 352 1039 t'haraonis²‚
375 1005 400 1032 in
423 1005 544 1041 signum,
574 1006 647 1042 quod
669 1006 885 1042 inquietudinem
913 1008 1014 1042 cogita<

175 1051 278 1079 tionum
300 1059 353 1079 non
377 1059 521 1087 possumus
542 1052 662 1088 elingere
683 1051 732 1080 nisi
757 1059 804 1087 per
832 1052 1013 1080 devotionem.

174 1097 212 1125 De
233 1097 311 1125 beato
332 1097 462 1134 Gregorio
483 1098 590 1134 legitur,
613 1098 685 1135 quod
708 1098 754 1125 vix
777 1100 832 1125 tota
853 1098 896 1126 die
918 1099 1014 1126 habuit

173 1152 256 1172 unam
278 1136 467 1180 cogitationem
489 1145 522 1172 de
544 1146 669 1174 terrenis.
945 1151 947 1153 ’

254 1192 296 1218 12.
319 1191 422 1226 Quarta
437 1191 515 1227 plaga
530 1191 581 1219 suit
596 1199 753 1220 muscarum
769 1190 943 1223 caninarum,
959 1199 1014 1226 qua

174 1236 296 1273 percussi
317 1240 381 1265 sunt
403 1237 501 1273 impii,
523 1238 570 1274 qui
593 1238 695 1266 habent
714 1236 787 1274 apud
802 1244 830 1265 se
847 1244 956 1265 muscas
970 1245 1013 1265 ca—

172 1283 266 1317 ninas,
288 1283 314 1311 id
335 1287 376 1312 est
397 1284 519 1312 carnales
537 1284 700 1313 affectiones.

250 1330 350 1366 Quinta
372 1330 448 1367 plaga
469 1330 521 1359 suit
541 1331 637 1360 mortis
658 1331 860 1364 iumentorum,
882 1339 938 1368 qua
951 1338 1014 1368 per-

173 1376 244 1405 cussi
266 1379 331 1405 sunt
351 1375 528 1410 homicidam
549 1378 615 1414 quia
634 1378 735 1411 omnis,
764 1378 811 1414 qui
833 1378 923 1415 gladio
942 1378 1014 1407 occi-

171 1422 225 1457 dit,
247 1430 312 1451 reus
326 1426 367 1451 est
380 1424 476 1452 mortis
484 1424 503 1452 ³.
526 1424 604 1453 Tales
618 1424 776 1453 moriuntur
791 1425 863 1453 sicut
877 1425 1013 1459 iumenta,

171 1469 235 1506 quia
256 1477 309 1497 non
331 1472 395 1497 sunt
414 1469 486 1506 digni
506 1470 598 1498 divina
619 1471 787 1507 protectione
806 1479 856 1500 nec
878 1472 1012 1507 humana;

171 1515 236 1552 quia
255 1515 302 1552 qui
323 1515 407 1543 alium
428 1515 525 1544 occidit
546 1523 575 1544 se
596 1516 686 1553 ipsum
716 1517 848 1546 interimit
869 1521 896 1547 et
916 1518 1013 1547 bruta-

171 1561 273 1590 litatem
295 1569 372 1590 suam
394 1570 446 1590 non
469 1563 558 1591 sentit.

248 1608 331 1636 Sexta
352 1608 430 1644 plaga
443 1608 495 1636 suit
509 1609 663 1637 vesicarum
679 1610 866 1646 turgentium,
881 1619 937 1648 qua
950 1619 1013 1648 per-

171 1653 314 1682 cutiuntur
335 1653 477 1688 adulteri,
499 1655 547 1691 qui
569 1655 670 1684 habent
690 1656 794 1685 vesicas
816 1660 971 1694 turgentes,
986 1657 1012 1685 id

171 1704 212 1729 est
232 1708 342 1729 carnem
363 1700 497 1729 infectam.
520 1701 631 1730 Vesicae
656 1706 809 1731 nascuntur
830 1711 866 1731 ex
895 1703 1012 1732 humore

171 1746 284 1775 faciente
312 1746 467 1783 pruritum,
489 1750 517 1775 et
544 1755 607 1775 011111
629 1748 712 1776 homo
732 1756 761 1777 se
782 1749 894 1785 scalpit,
920 1752 1013 1785 postea

170 1792 250 1821 dolet.
283 1792 425 1826 Similiter,
456 1793 503 1830 qui
536 1794 697 1822 luxuriatur
729 1795 819 1831 primo
850 1795 1012 1829 delectatur,

171 1842 264 1876 postea
284 1839 365 1868 dolet.

253 1885 294 1914 13.
320 1886 439 1922 Septima
469 1886 548 1923 plaga
577 1886 629 1915 fuit
648 1887 843 1916 destructionis
874 1887 1011 1916 bonorum

171 1932 378 1968 temporalium,
400 1940 455 1969 qua
476 1932 671 1969 percutiuntur
697 1932 797 1970 fures,
819 1933 885 1970 quia
912 1933 1012 1970 dignus

171 1982 212 2007 est
241 1978 357 2015 perdere
377 1987 428 2007 sua
457 1979 505 2016 qui
535 1979 626 2008 aufert
649 1980 744 2008 aliena.
774 1980 826 2009 Ista
853 1979 905 2008 fuit
933 1980 1011 2017 plaga

170 2024 324 2061 grandinis,
346 2033 417 2062 quae
437 2025 577 2054 destruxit
596 2026 696 2054 omnia.
719 2026 840 2055 Mirabile
861 2029 914 2066 est,
936 2026 1010 2064 quod

170 2070 218 2107 qui
238 2070 398 2105 fornicatur,
427 2071 449 2099 si
470 2071 605 2106 poenitet,
626 2072 682 2101 Deo
710 2073 880 2101 reconciliari
901 2076 1008 2110 potest;

170 2116 217 2145 sed
237 2117 284 2153 qui
299 2117 387 2145 aliena
408 2117 478 2154 rapit
499 2117 555 2146 Deo
574 2119 743 2147 reconciliari
764 2127 818 2148 non
832 2123 936 2156 potest,
957 2120 1008 2149 nisi

169 2162 258 2191 aliena
279 2163 414 2192 restituat.

248 2208 349 2237 Octava
356 2209 435 2246 plaga
446 2209 497 2237 suit
509 2209 677 2239 locustarum
688 2211 888 2240 comedentium
900 2220 1008 2241 omnem

170 2255 284 2283 herbam
313 2255 460 2289 virentem,
482 2264 537 2292 qua
557 2256 708 2285 mendaces
735 2259 939 2294 percutiuntur,
960 2259 1008 2296 qui

169 2301 297 2330 dentibus
325 2305 352 2330 et
380 2302 457 2330 labiis
477 2302 535 2331 suis
562 2303 704 2332 veritatem
732 2305 908 2340 conculcant;
937 2306 1009 2334 Psal-

171 2349 270 2376 mus⁴z
297 2348 352 2376 Cor
373 2357 474 2377 eorum
502 2357 611 2378 vanum
631 2353 687 2385 est,
715 2351 882 2388 sepulerum
906 2356 1009 2389 patens

170 2397 211 2422 est
228 2398 332 2431 yuttur
351 2403 468 2429 eorum,
490 2395 599 2432 linques*
618 2396 681 2424 suis
702 2397 796 2426 dolose
817 2398 948 2435 ayebant.

232 2645 239 2658 ¹
259 2647 340 2669 psalm.
362 2647 415 2673 105,
433 2647 469 2669 38.

232 2683 241 2696 ²
260 2685 318 2707 Vide
334 2691 404 2713 supra
427 2691 481 2713 pag.
504 2685 543 2707 341
557 2703 561 2713 ,
579 2688 630 2708 nota
647 2687 669 2709 7.
686 2690 708 2709 et
724 2693 777 2715 pag.
796 2687 854 2714 375,
871 2691 923 2710 nola
941 2688 962 2711 2.
978 2700 1009 2705 —

170 2723 234 2745 Unde
251 2726 325 2746 sumta
343 2724 371 2746 sit
387 2730 487 2752 sequens
504 2724 601 2746 narratio
618 2724 647 2747 de
663 2726 786 2754 Gregorio,
803 2733 848 2748 non
871 2726 1009 2749 invenimus.

231 2760 240 2773 ³
257 2761 302 2785 Csr.
319 2763 395 2784 Matth.
412 2763 454 2789 26,
471 2763 508 2785 52.
525 2768 595 2791 supra
612 2764 684 2786 collat.
701 2765 723 2787 6.
740 2771 762 2787 n.
780 2766 802 2787 5.
819 2765 935 2793 allegatus.

231 2800 241 2812 ⁴
258 2801 339 2823 Psalm.
358 2802 383 2828 5,
405 2801 437 2823 10.
454 2804 476 2823 et
497 2802 530 2824 ll.

231 2837 240 2850 ⁵
257 2839 324 2861 Eccli.
341 2839 381 2865 20,
399 2839 423 2861 31
446 2839 498 2867 (pro
515 2838 595 2862 oculos
610 2840 753 2869 prudentum
771 2842 838 2870 Vulg.
854 2842 934 2866 oculos
952 2842 1008 2866 iudi-

170 2878 232 2904 cum)
251 2881 273 2899 et
290 2878 354 2900 Dent.
376 2879 413 2905 ¹6,
435 2879 472 2906 19,
490 2885 515 2900 ex
533 2884 579 2907 quo
597 2879 674 2901 ultima
691 2880 761 2902 verba
781 2882 810 2904 (et
833 2883 926 2904 mutant
942 2883 1007 2911 etc.);

169 2917 209 2937 cfr.
227 2916 296 2938 Exod.
313 2917 354 2943 23,
372 2917 393 2938 8.
405 2929 436 2933 —
448 2917 499 2945 Seq.
518 2918 580 2939 locus
592 2920 625 2940 est
643 2918 708 2940 Eccli.
725 2920 761 2946 10,
778 2920 800 2942 9.
812 2923 833 2942 et
850 2921 882 2942 10.
901 2920 952 2942 Post
963 2926 1007 2943 sce-

170 2953 249 2977 lestius
266 2955 363 2982 Vulgata
381 2956 444 2983 plura
462 2955 533 2977 addit.

1856 235 1905 262 531

1152 311 1224 338 Nona
1246 312 1323 348 plaga
1344 312 1395 340 suit
1421 312 1614 345 tenebrarum,
1642 319 1697 348 qua
1719 311 1911 347 percutiuntur

1073 357 1172 392 cupuli
1192 360 1219 385 ct
1239 358 1343 391 αωανί,
1365 358 1430 394 quia
1451 358 1518 386 niliil
1540 358 1607 386 adeo
1627 360 1757 386 excaecat
1776 357 1911 385 bominem

1073 402 1143 430 sicut
1164 404 1305 439 cupiditas.
1329 404 1402 432 Unde
1424 405 1592 440 Propheta-'¹2
1617 404 1709 432 Xent'u
1730 407 1754 431 et
1768 403 1845 431 [Iona
1866 411 1912 430 eac-

1072 454 1189 477 cavcunt
1210 450 1307 478 oculo-s·
1326 451 1503 486 prudentum
1529 455 1553 478 ct
1575 454 1689 479 rinulam
1718 449 1804 477 verbu.
1825 449 1912 477 iusto-

1072 504 1157 527 rum:
1179 497 1320 524 salomon:
1338 498 1436 524 Avaro
1451 496 1524 524 nilon
1544 501 1582 525 cst
1597 497 1748 525 scelestius.
1765 496 1819 524 llic
1837 495 1912 523 enim

1072 545 1097 569 et
1121 542 1252 570 unimam
1272 550 1359 570 suam
1380 543 1506 571 venatum
1528 543 1625 577 habet,
1647 543 1785 581 quoniam
1808 542 1838 569 z'n
1852 541 1913 569 vita

1071 597 1128 615 suu
1147 589 1265 625 proiecit
1287 589 1400 616 intinut.

1153 635 1195 663 111.
1218 635 1329 663 Decima
1350 635 1427 671 plaga
1456 636 1505 663 suit
1527 637 1622 665 mortis
1651 635 1912 672 primogenitorum,

1072 690 1123 717 qna
1158 681 1353 717 percutiuntur
1383 682 1534 715 carnutes,
1566 683 1637 710 sicut
1662 683 1740 710 Esau.
1773 682 1813 709 :tit
1840 681 1911 709 enim

1072 728 1246 764 Apostolusflz
1260 727 1300 756 Ne
1314 728 1380 766 qui-s
1395 729 1469 756 inter
1483 737 1532 755 vos
1543 728 1716 765 fornicator,
1731 728 1806 755 sieut
1823 728 1912 761 Esau,

1070 775 1175 810 perdat
1192 774 1387 811 primogenita
1401 783 1467 802 sua.
1483 774 1605 802 Carnalis
1626 773 1846 810 concupiscentia
1867 773 1913 801 ab-

1072 821 1148 848 stulit
1164 821 1241 848 nobis
1263 821 1380 848 nobilem
1395 821 1614 856 generationem,
1636 829 1691 857 qua
1705 828 1800 848 omncs
1821 827 1913 848 nasce-

1073 875 1167 895 remur
1189 867 1347 895 innocentes
1366 870 1393 895 ct
1422 867 1536 895 heredes
1558 867 1691 903 paradisi,
1719 870 1745 895 ot
1774 866 1836 894 facit
1864 874 1913 894 nos

1072 914 1144 941 nasci
1168 914 1193 941 in
1215 917 1303 942 morte
1331 917 1358 941 et
1377 914 1459 950 culpa
1486 917 1512 941 et
1538 913 1688 950 perditione
1718 913 1913 949 primogenitu-

1073 969 1126 988 rae.
1149 960 1225 996 Quod
1247 960 1396 996 figuratum
1418 964 1458 988 est
1480 960 1506 987 in
1530 960 1623 987 lluben
1635 959 1655 992 ⁷,
1677 959 1723 995 qui
1740 958 1857 995 perdidit
1872 958 1914 986 ius

1072 1007 1320 1043 primogeniturae,
1336 1007 1401 1043 quia
1415 1006 1536 1035 ascendit
1551 1006 1641 1034 cubile
1660 1007 1746 1042 patris
1760 1006 1844 1033 sui'et
1858 1013 1913 1033 ma-

1071 1054 1173 1081 culavit
1201 1057 1318 1082 stratum
1346 1054 1420 1086 eins;
1443 1056 1469 1081 et
1499 1053 1592 1089 losepli
1621 1055 1734 1088 propter
1762 1052 1911 1080 castitatem

1070 1108 1147 1128 suam
1170 1100 1257 1128 sactus
1277 1103 1318 1128 est
1340 1100 1467 1135 princeps
1488 1099 1604 1127 fratrum
1625 1107 1739 1127 suornm
1752 1098 1771 1126 ⁸.
1789 1114 1824 1119 —
1840 1098 1914 1126 Patet

1071 1145 1166 1178 modo,
1197 1145 1334 1181 quomodo
1365 1148 1582 1181 transgressores
1618 1145 1684 1181 legis
1719 1144 1914 1180 percutiuntur

1071 1191 1157 1227 plagis
1178 1191 1245 1219 istis.

1153 1238 1194 1264 15.
1218 1236 1267 1264 Sed
1290 1236 1353 1272 quis
1373 1236 1500 1263 liberabit
1521 1244 1570 1263 nos
1590 1244 1606 1264 a
1627 1236 1713 1272 plagis
1738 1236 1816 1264 istis?
1836 1236 1915 1264 Certe

1070 1290 1144 1311 1111115
1165 1282 1240 1310 solus
1261 1286 1317 1316 est,
1339 1282 1385 1318 qui
1408 1282 1498 1315 venit,
1520 1285 1551 1310 111
1572 1290 1622 1310 1105
1643 1282 1785 1315 liberaret,
1814 1282 1915 1310 50111001

1070 1330 1213 1363 Christus,
1235 1329 1281 1366 qui
1305 1329 1368 1358 fecit
1388 1328 1481 1357 decem
1496 1328 1739 1357 condescensiones
1757 1332 1853 1357 contra
1869 1329 1915 1357 de-

1071 1384 1130 1405 cem
1152 1376 1252 1413 plagas.
1274 1375 1352 1412 Quod
1369 1375 1506 1412 liguratur
1522 1375 1547 1403 in
1571 1374 1641 1404 libro
1656 1376 1759 1412 Regum
1771 1376 1791 1410 ⁹,
1813 1376 1861 1404 ubi
1875 1376 1915 1404 di—

1070 1423 1153 1457 citur,
1174 1422 1248 1459 quod
1269 1423 1309 1451 501
1332 1423 1489 1451 retrocessit
1502 1422 1597 1451 decem
1617 1422 1761 1459 gradibus;
1783 1431 1833 1459 per
1847 1431 1915 1460 quos

1071 1469 1261 1506 significantur
1275 1469 1369 1498 decem
1386 1469 1643 1503 condescensiones,
1665 1477 1734 1506 quas
1748 1469 1811 1498 fecit
1826 1470 1916 1498 Domi-

1071 1524 1126 1551 nus
1144 1520 1258 1553 propter
1280 1516 1427 1544 bominem.

1152 1563 1195 1591 16.
1218 1562 1308 1590 Prima
1321 1562 1373 1590 fuit
1394 1570 1483 1599 usque
1497 1562 1530 1590 ad
1545 1570 1655 1591 carnem
1671 1566 1801 1591 nostram.
1819 1580 1855 1584 -
1870 1564 1915 1592 Se-

1070 1609 1161 1637 cunda
1182 1609 1233 1636 suit
1247 1616 1337 1645 usque
1351 1608 1383 1636 ad
1399 1608 1592 1637 mortalitatem
1609 1612 1739 1637 nostram.
1757 1626 1791 1629 —
1808 1610 1914 1644 Tertia,

1069 1656 1103 1684 ad
1124 1658 1246 1684 nostram
1263 1655 1468 1688 necessitatem,
1490 1655 1556 1691 quia
1570 1655 1684 1689 samem,
1699 1656 1771 1684 sitim
1786 1659 1813 1684 et
1828 1656 1915 1693 frigus

1070 1710 1167 1739 passus
1187 1705 1236 1730 est.
1263 1717 1300 1722 -
1324 1702 1428 1738 Quarta
1453 1701 1505 1730 11111
1531 1701 1565 1729 ad
1589 1705 1711 1730 nostram
1740 1703 1913 1739 pauperiem,

1069 1748 1135 1785 quia
1145 1756 1250 1785 egenus
1260 1747 1360 1785 fuctus
1374 1751 1414 1780 est
1427 1748 1458 1781 ¹⁰,
1474 1756 1528 1776 non
1544 1748 1647 1777 habens
1662 1748 1767 1783 locum,
1782 1749 1815 1777 ad
1830 1758 1911 1787 quem

1069 1795 1225 1823 declinaret.
1243 1810 1279 1814 ——
1294 1794 1403 1830 Quinta,
1418 1794 1452 1822 ad
1464 1797 1585 1823 nostram
1599 1790 1788 1829 tentationem,
1804 1796 1913 1833 quando

1069 1841 1210 1877 permisit,
1232 1848 1260 1869 se
1282 1841 1396 1871 tentari:
1418 1844 1445 1869 et
1466 1840 1560 1869 innoc
1581 1844 1703 1870 nostram
1725 1841 1912 1871 infirmitatem

1069 1887 1203 1924 portavit;
1221 1887 1365 1924 Apostolus
1377 1888 1415 1915 ¹¹:
1432 1887 1497 1916 Non
1511 1886 1650 1916 habemus
1666 1888 1848 1925 Pontificem,
1863 1890 1915 1927 qui

1068 1943 1127 1963 non
1137 1934 1231 1971 possit
1250 1934 1378 1971 compati
1391 1933 1612 1968 infirmitatibus
1626 1935 1751 1969 nostris,
1773 1939 1912 1964 tentatum

1068 1984 1165 2009 autem
1183 1989 1237 2017 per
1251 1980 1358 2009 omnia.
1375 1997 1412 2001 —-
1427 1981 1523 2014 Sexta,
1537 1980 1571 2008 ad
1586 1981 1710 2017 corporis
1725 1982 1912 2011 lassitudinem

1068 2031 1095 2056 et
1115 2027 1237 2056 laborem
1258 2030 1392 2055 nostrum.
1405 2042 1442 2048 —
1457 2027 1589 2063 Septima,
1603 2027 1637 2055 ad
1652 2031 1774 2056 nostram
1789 2029 1913 2057 anxieta-

1069 2077 1137 2107 tem;
1159 2073 1248 2102 unde:
1273 2069 1368 2110 Coepit
1382 2073 1463 2102 [esua-
1476 2082 1581 2110 pavere
1601 2077 1626 2101 et
1647 2074 1759 2102 taedere
1778 2078 1803 2102 ct
1823 2075 1912 2103 (lixit.-

1074 2120 1178 2148 Tristis
1207 2123 1249 2148 est
1278 2120 1381 2148 anima
1414 2128 1478 2148 mea
1510 2128 1600 2158 usque
1621 2121 1661 2149 ad
1688 2124 1809 2149 mortem
1821 2121 1852 2149 ¹2.
1876 2138 1912 2142 —

1066 2166 1169 2194 Octava
1195 2166 1247 2194 suit
1274 2166 1307 2194 ad
1335 2174 1463 2200 crucem,
1492 2170 1519 2195 et
1546 2167 1613 2196 haec
1639 2167 1691 2196 suit
1718 2168 1859 2197 mirabilis.
1875 2185 1913 2189 —

1066 2213 1141 2244 Nona
1155 2212 1207 2241 suit
1227 2212 1261 2241 ad
1277 2216 1403 2241 mortem.
1416 2229 1452 2235 —
1465 2214 1575 2242 Decima
1596 2214 1648 2243 fuit
1662 2214 1695 2242 ad
1717 2222 1856 2243 carcerem
1872 2215 1912 2244 in-

1066 2259 1206 2288 fernalem.

1148 2307 1190 2334 17.
1220 2306 1287 2334 istae
1315 2309 1380 2335 sunt
1407 2307 1501 2335 decem
1522 2307 1780 2342 condescensiones,
1809 2309 1911 2345 quibus

1065 2352 1139 2381 Deus
1166 2352 1358 2380 condescendit
1385 2353 1497 2381 homini.
1520 2354 1570 2383 Sed
1599 2362 1686 2391 quare
1711 2354 1850 2382 descendit
1877 2355 1910 2382 ad

1066 2406 1205 2427 carcerem
1233 2398 1416 2427 infernalem?
1436 2400 1532 2434 Certe,
1553 2404 1585 2428 ut
1614 2400 1639 2428 in
1668 2401 1800 2436 sanguine
1830 2403 1910 2429 testa-

1127 2649 1137 2662 ⁸
1153 2650 1222 2673 llebr.
1241 2652 1282 2680 12,
1301 2652 1341 2673 16:
1360 2652 1390 2674 Ne
1407 2653 1459 2680 quis
1477 2652 1599 2675 fornicator
1611 2656 1650 2676 aut
1662 2655 1783 2682 profanus,
1801 2657 1825 2676 111
1837 2654 1908 2680 Esau,

1065 2689 1104 2718 qui
1122 2693 1216 2718 propter
1233 2696 1303 2713 unam
1315 2696 1391 2713 escam
1405 2691 1508 2713 vendidit
1524 2691 1641 2719 primitiva
1653 2699 1693 2715 sua
1712 2692 1778 2721 [Gen.
1795 2693 1835 2721 25,
1853 2692 1908 2722 33.].

1127 2726 1135 2740 ⁷
1153 2729 1208 2751 Gen.
1227 2729 1267 2757 49,
1285 2729 1306 2751 3.
1324 2732 1347 2752 et
1364 2729 1389 2758 4;
1406 2731 1447 2752 cfr.
1464 2730 1478 2752 l.
1497 2730 1568 2753 Paral.
1586 2731 1612 2758 5,
1632 2731 1653 2753 l.

1126 2765 1136 2779 ⁸
1153 2767 1212 2790 Vide
1228 2768 1284 2791 Gen.
1301 2768 1338 2790 39.
1355 2774 1420 2798 seqq.
1437 2771 1459 2791 et
1476 2769 1541 2791 Eccli.
1560 2769 1601 2797 49,
1621 2770 1663 2796 17,
1682 2769 1720 2792 ubi
1739 2771 1818 2797 loseph
1837 2770 1908 2791 nomi-

1064 2809 1130 2828 natur
1149 2815 1160 2825 «
1173 2806 1280 2834 princeps
1298 2808 1392 2830 iratrum
1404 2816 1427 2830 ιι.

1126 2843 1136 2857 ⁹
1152 2844 1213 2867 Libr.
1229 2846 1266 2868 tv.
1283 2846 1340 2874 Reg.
1358 2847 1398 2874 20,
1415 2847 1438 2869 9.
1455 2853 1533 2876 semp,
1550 2848 1589 2869 cfr.
1607 2848 1655 2870 lsai.
1674 2848 1710 2875 3³³,
1729 2849 1749 2869 8.

1127 2882 1146 2895 ¹⁰
1163 2884 1232 2911 Epist.
1250 2884 1272 2906 ll.
1289 2884 1341 2907 Cor.
1358 2886 1384 2914 8,
1401 2886 1421 2908 9.
1441 2886 1516 2908 Mattb.
1535 2886 1561 2913 8,
1579 2887 1620 2908 20:
1634 2887 1702 2908 Filius
1713 2890 1788 2908 nutem
1808 2885 1905 2907 homini<

1065 2928 1108 2943 non
1127 2921 1205 2950 babet,
1223 2922 1262 2944 ubi
1279 2927 1347 2950 caput
1364 2925 1463 2947 reclinet.

1128 2960 1145 2973 ¹¹
1164 2960 1232 2984 llebr.
1251 2962 1277 2989 4,
1298 2963 1331 2985 15.

1128 2998 1146 3012 ¹²
1164 3000 1230 3022 Marc.
1252 3001 1290 3028 14,
1308 3002 1345 3024 33.
1362 3005 1384 3024 et
1401 3002 1438 3025 34.

1932 317 1989 335 Noua.

1931 640 2013 659 Decima.

1943 1243 1996 1261 Solus
2009 1243 2061 1261 Clu-1-

1933 1269 1972 1283 stnu
1990 1266 2014 1284 ab
2032 1266 2061 1284 his

1934 1289 2007 1307 liberat.

1945 1568 2061 1587 condescen-

1933 1593 1995 1610 siones
2007 1592 2062 1610 Chri-

1933 1616 1956 1634 sti
1970 1615 2042 1634 decem.
