2285 3398
319 159 376 189 434
922 157 953 185 lN
974 149 1194 185 HEXAEMERON
1215 154 1378 184 COLLATlO
1399 154 1464 182 XXI.

317 238 432 275 spiritus
446 238 576 267 caelestes
597 240 624 266 et
644 237 836 266 subcaelestes.
859 235 887 263 In
910 235 952 263 his
974 243 1071 264 novem
1087 242 1163 263 crea-
1187 235 1193 241 ¹

318 288 381 314 tura
401 285 584 319 assimilatur,
608 287 638 313 ut
660 286 763 321 potest,
785 282 916 312 Creatori.

192 356 268 375 rm„—
283 356 309 374 ΗΒ
400 334 443 362 16.
466 333 497 361 Et
518 333 568 361 has
590 331 803 360 illuminationes
830 333 857 359 et
878 329 1046 359 conditiones
1074 329 1164 366 primo

177 379 254 398 ⁶³⁰¹⁴³⁵²i
262 379 309 398 ¹¹⁵²*
320 380 457 418 recipiunt
476 382 582 408 mentes
603 378 791 407 hierarchicae
806 385 855 414 per
876 376 1007 414 gloriam,
1026 378 1058 405 ut
1072 376 1163 413 Angeli

178 404 243 422 archia
251 404 310 425 Ange—

177 427 347 457 ¹⁰f⁰¹¹¹⁰²¹³²³et
366 427 474 456 animae
494 426 605 460 beatae,
628 425 693 463 quia
714 425 759 454 ille
780 425 819 454 sol
842 424 931 461 primo
953 424 1090 453 illuminat
1105 423 1165 452 illos

178 453 247 469 torum.

182 479 346 505 11³eui=ri=noet
373 483 423 512 per
451 474 511 502 illos
539 481 607 506 nos;
633 472 698 509 quia
724 473 792 501 ordo
820 475 876 506 est,
898 474 929 500 ut
950 471 1097 500 illustratio
1119 471 1166 499 fiat

1301 233 1344 260 19.
1367 231 1536 260 sufficientia
1562 234 1655 260 autem
1677 231 1779 260 horum
1802 232 1946 269 tripliciter
1967 232 2068 269 accipi·
2081 238 2198 265 sanciente

1221 282 1267 308 tur
1280 290 1285 307 :
1307 278 1410 315 prima,
1425 286 1462 307 ex
1477 277 1583 307 ratione
1597 278 1829 315 exernptaritacis
1850 282 2004 313 acternae;
2026 287 2068 308 se-
2081 262 2195 312 n‘ifflir‘fa'ifssr

1220 326 1327 359 cunda,
1342 333 1379 354 ex
1394 324 1558 362 intcyritate
1572 323 1779 358 hierarchiam
1797 325 1894 359 tertia,
1916 326 2068 355 secundum
2105 310 2175 351 ‘1333'

1220 372 1437 410 dispositionem
1459 371 1587 401 caelestis
1607 371 1798 401 monarchiae
1809 372 1829 400 ⁵.
1846 388 1882 393 —-
1898 372 1978 406 Nota,
1994 372 2068 409 quod
2082 380 2197 398 Notandum.

1222 421 1293 450 sieut
1314 419 1420 448 homini
1441 427 1522 448 caeco
1543 420 1669 449 serviunt
1693 428 1789 449 omnes
1816 420 1927 454 stellae,
1955 419 1994 448 sic
2022 420 2071 448 ho-

1222 468 1289 497 mini
1308 476 1362 496 non
1377 467 1531 496 advertenti
1553 467 1679 496 serviunt
1693 467 1786 505 Angeli
1807 469 1834 496 et
1854 467 1968 496 mittunt
1988 466 2071 495 mira-

204 907 253 929 00ἰά
267 906 291 924 sit

193 930 305 949 hierarchia.

183 1665 210 1683 Dc
220 1664 316 1683 influentia

219 1689 289 1707 druna.

199 2279 270 2298 Dixisio
280 2284 320 2297 cae-

206 2303 258 2322 lestis
272 2303 319 2321 hiel·-

208 2327 283 2345 arehtae
302 2328 321 2344 et

221 2355 317 2374 11111ορ110-

218 2381 241 2392 {0-

189 507 299 525 ''mmm‘'
318 522 408 559 primo
419 528 516 550 eorum
528 527 600 557 quae
611 523 676 549 sunt
688 520 739 548 sibi
751 519 883 549 similiora
894 522 921 548 et
932 518 1131 556 propinquiora
1140 518 1148 534 ¹
1159 528 1165 551 3

318 569 392 598 unde
412 570 439 597 et
460 568 537 597 locus
556 576 706 605 supremus
720 567 801 596 datus
820 570 861 596 est
876 567 924 596 eis.
940 566 979 595 llli
994 570 1103 599 antem,
1118 565 1165 602 qui

318 616 435 645 rebelles
457 617 522 644 sunt
542 614 586 643 his
607 614 774 648 luminibus,
797 616 974 643 corruerunt.
1005 613 1035 641 Et
1057 620 1093 641 ex
1119 620 1166 645 eo,

318 663 393 701 quod
414 663 507 700 Angeli
535 662 625 700 primo
653 662 791 699 recipiunt
812 660 1040 690 illuminationem
1068 668 1084 688 a
1111 660 1167 688 sole

318 710 425 748 primo,
446 710 509 739 inde
531 709 669 747 recipiunt
690 708 937 746 configurationem
958 707 1120 736 deiformem
1141 709 1169 735 et

319 757 594 786 hierarchizationem
617 760 643 785 et
662 764 772 786 sacrum
787 756 911 784 obtinent
926 754 1126 791 principatum,
1141 756 1168 782 et

319 813 369 843 per
390 805 451 834 illos
472 804 693 833 hierarchizatur
717 803 841 832 Ecclesia.

400 854 443 881 17.
466 853 541 882 Unde
562 852 693 881 definitur
715 850 872 880 hierarchia
893 849 1044 879 secundum
1068 849 1168 885 Diony-

320 900 433 929 sium22
461 900 535 928 «Est
555 901 648 927 autem
672 897 828 926 hierarchia
849 896 917 925 ordo
934 896 1059 929 divinus,
1082 895 1168 923 scien-

320 947 357 976 tia
371 950 398 976 et
411 947 481 976 actio
495 946 529 975 ad
547 946 694 979 deiforme,
717 947 852 982 quantum
874 943 1003 980 possibile
1024 945 1080 977 est,
1102 941 1169 970 assi-

320 995 428 1029 milata,
453 996 480 1023 et
501 993 534 1022 ad
556 993 655 1022 inditas
676 992 698 1021 ei
720 992 853 1021 divinitus
873 990 1087 1019 illuminationes
1106 997 1169 1026 pro-

320 1041 509 1079 portionaliter
531 1041 557 1069 in
580 1040 627 1069 Dei
650 1039 856 1069 similitudinem
875 1038 1066 1067 ascendens».
1092 1036 1169 1065 Ordo

320 1089 462 1127 potestatis
483 1088 630 1125 respondet
651 1087 739 1121 Patri,
760 1086 890 1115 scientia
904 1094 983 1115 sacra
1004 1085 1084 1119 Filio,
1107 1092 1170 1121 ope-

320 1136 398 1165 ratio
420 1135 532 1173 Spiritui
555 1137 656 1164 sancto.
680 1133 755 1163 Unde
783 1131 953 1162 hierarchia
980 1132 1046 1161 dicit
1071 1136 1169 1169 poten-

322 1184 410 1219 tiam,
431 1183 599 1216 scientiam,
615 1182 764 1210 actionem.
782 1180 903 1209 Potentia
917 1179 990 1209 enim
1005 1179 1063 1208 sine
1083 1179 1169 1208 scien-

323 1232 359 1260 tia
381 1231 464 1260 hebes
485 1233 541 1264 est,
564 1229 677 1258 scientia
697 1229 755 1257 sine
776 1228 898 1261 actione,
919 1227 1100 1255 infructuosa.
1130 1226 1169 1254 Ex

324 1279 375 1308 hoc
396 1278 485 1312 enim,
507 1277 581 1314 quod
602 1276 806 1313 appropinquat
828 1274 877 1303 soli
898 1277 1026 1307 aeterno,
1046 1276 1169 1310 oportet,

323 1326 396 1364 quod
418 1325 453 1354 sit
473 1333 563 1353 sacra
585 1323 753 1355 ordinatio,-
768 1326 795 1351 et
809 1330 858 1359 per
874 1322 925 1350 hoc
940 1321 1080 1358 sequitur,
1096 1320 1169 1358 quod

323 1373 358 1403 sit
379 1372 548 1410 deiformis,
570 1371 635 1408 quia
657 1371 758 1399 format
778 1378 838 1398 eam
861 1377 910 1398 seu
929 1372 1085 1398 creaturam
1107 1376 1170 1405 par-

323 1421 372 1449 tim
394 1428 443 1458 per
464 1423 624 1453 naturam,
646 1418 747 1455 partim
769 1425 818 1454 per
838 1416 986 1454 qratiam,
1006 1415 1106 1452 partim
1121 1423 1170 1452 per

321 1468 469 1505 ¹qlorianz:
499 1475 548 1504 per
573 1466 750 1503 -imagyincnz,
780 1472 829 1501 per
854 1463 1092 1497 similitudinem,
1122 1470 1171 1499 per

324 1514 556 1552 deiformitatem.
581 1514 611 1542 Et
633 1513 692 1542 ideo
714 1511 842 1540 ascendit
861 1511 902 1540 act
922 1510 1032 1539 inditas
1056 1510 1083 1538 ci
1107 1509 1171 1538 ittu-

323 1562 512 1595 nzinatz'oncs,
533 1560 683 1590 ascendens
704 1568 753 1597 per
775 1558 967 1598 influentiam.

407 1611 448 1639 18.
472 1610 541 1638 Haec
568 1611 660 1637 autem
688 1607 833 1636 influentia
861 1614 915 1635 non
942 1608 984 1634 est
1011 1604 1172 1641 simpliciter

326 1658 393 1696 quid
414 1658 587 1690 increatum;
609 1663 659 1684 nec
680 1663 715 1683 ex
738 1655 789 1683 hoc
811 1654 950 1691 sequitur,
966 1652 1041 1690 quod
1056 1652 1173 1680 influen-

327 1706 379 1735 tiae
401 1705 436 1734 sit
457 1703 638 1737 influentia³,
664 1702 730 1739 quia
757 1702 824 1730 haec
845 1699 989 1729 influentia
1010 1698 1118 1728 reducit
1145 1698 1172 1726 in

326 1754 433 1786 Deum;
455 1751 520 1780 dicit
540 1751 613 1779 enim
635 1749 880 1778 continuationem
901 1755 964 1776 cum
986 1747 1076 1784 primo
1098 1746 1173 1783 prin-

327 1799 398 1836 cipio
419 1801 446 1827 et
467 1797 661 1826 redactionem
681 1796 707 1824 in
724 1796 830 1832 ipsum,
846 1803 900 1823 non
915 1794 987 1822 sicut
1000 1801 1045 1822 res
1059 1792 1172 1821 distans.

328 1846 403 1876 Unde
424 1853 490 1874 vera
511 1847 552 1873 est
572 1843 734 1877 influentia,
756 1849 827 1879 quae
841 1841 983 1878 egreditur
1004 1843 1031 1869 et
1052 1839 1173 1877 regredi-

330 1897 392 1928 tur,
415 1895 446 1921 ut
467 1892 550 1920 Filius
571 1891 657 1920 exivit
678 1899 694 1918 a
709 1890 787 1918 Patre
801 1892 828 1917 et
843 1888 993 1917 revertitur
1008 1888 1035 1915 in
1051 1887 1141 1924 ipsum
1153 1886 1172 1914 ⁴¹.

328 1941 404 1970 Unde
425 1940 505 1974 dicit,
528 1938 601 1976 quod
616 1940 657 1966 est
672 1936 839 1965 assimilata
854 1936 880 1964 in
895 1943 974 1964 sacra
987 1934 1173 1967 ordinatione,

329 1987 442 2017 scientia
456 1990 483 2016 et
497 1985 655 2023 operatione
670 1993 718 2022 per
734 1984 795 2018 hoc,
807 1983 881 2021 quod
895 1986 936 2012 est
952 1995 964 2007 «
980 1982 1013 2011 ad
1028 1982 1174 2015 deiforme,

330 2038 464 2073 quantum
486 2033 614 2072 possibile
635 2035 691 2066 est,
713 2031 903 2065 ascendens»,
929 2030 1028 2067 partim
1050 2037 1099 2067 per
1127 2038 1174 2057 na-

333 2087 424 2111 turam
447 2080 603 2119 inmyinis,
626 2079 724 2117 partim
747 2086 796 2116 per
811 2081 939 2106 naturam
954 2077 1175 2111 similitudinis,

331 2130 433 2159 scilicet
458 2128 578 2166 gratiae,
607 2127 707 2164 partim
737 2126 793 2163 per'
814 2128 942 2154 naturam
969 2124 1175 2161 deiformitatis

331 2177 452 2215 gloriae;
475 2178 502 2204 et
520 2173 794 2212 proportionaliter,
817 2172 882 2209 quia
902 2172 1053 2201 secundum
1073 2172 1135 2209 plus
1150 2174 1177 2200 et

332 2225 440 2258 minus,
463 2226 494 2251 ut
515 2230 602 2259 capax
624 2223 680 2255 est,
702 2223 743 2249 est
764 2220 790 2248 in
806 2220 853 2248 Dei
873 2219 1079 2248 similitudinem
1094 2219 1176 2247 redu-

333 2276 384 2302 cta.
408 2287 443 2292 —
474 2270 504 2298 Et
531 2278 567 2298 ex
596 2269 648 2297 hoc
677 2267 833 2297 hierarchia
861 2267 1016 2304 disponitur
1044 2275 1092 2303 per
1121 2270 1177 2295 tres

334 2318 520 2351 hierarchias,
542 2319 573 2345 ut
594 2316 739 2352 tripliciter
761 2315 906 2343 illustrata.
930 2314 961 2342 Et
983 2322 1093 2342 necesse
1120 2317 1177 2347 est,

334 2367 407 2405 quod
433 2366 572 2404 quaelibet
600 2364 699 2392 habeat
721 2365 777 2391 tres
797 2362 924 2395 ordines3
947 2364 974 2390 et
994 2361 1067 2397 quod
1089 2361 1178 2398 prima

334 2413 492 2444 hierarchia
512 2411 709 2449 approprietur
731 2409 819 2443 Patri,
842 2408 961 2437 secunda
989 2408 1069 2442 Filio,
1099 2408 1179 2436 tertia

336 2461 448 2499 Spiritui
471 2463 580 2493 sancto;
602 2462 627 2487 et
650 2457 723 2494 quod
738 2457 827 2494 prima
842 2456 998 2484 hierarchia
1012 2455 1178 2483 assimiletur

336 2509 407 2538 Patri
430 2509 456 2537 in
479 2507 584 2541 tribus,
606 2509 632 2534 et
654 2504 774 2534 secunda
795 2504 822 2531 in
845 2503 934 2531 trihus
955 2502 1035 2535 Filio,
1057 2506 1083 2531 et
1099 2502 1179 2531 tertia

336 2555 448 2594 Spiritui
473 2557 565 2584 sancto
588 2554 614 2582 in
637 2552 742 2585 trihus,
764 2551 835 2579 sicut
857 2549 967 2586 patebit.

1222 515 1290 544 biles
1312 514 1535 543 illuminationes.
1551 514 1626 543 Unde
1641 517 1769 552 peccator
1784 514 1905 543 multum
1920 514 2071 552 reprehen—

1222 562 1329 592 dendus
1349 564 1406 596 est,
1427 561 1475 599 qui
1497 561 1609 599 negligit
1629 561 1682 591 ista
1702 565 1729 591 et
1749 561 1887 591 adiutoria
1907 569 2013 591 eorum.
2034 578 2072 582 -—

1224 611 1251 639 ln
1273 610 1363 647 prima
1384 609 1541 638 hierarchia
1561 612 1626 639 sunt
1647 609 1757 639 nomina
1778 609 1847 638 ista:
1869 609 1988 643 Throni,
2003 609 2072 638 Che-

1224 658 1332 691 rubim,
1355 656 1518 694 Seraphim3
1538 657 1565 685 in
1580 657 1715 692 secunda,
1736 656 1956 690 Dominationes‚
1978 656 2072 684 Virtu-

1224 708 1280 738 tes,
1297 705 1460 737 Potestates;
1476 703 1503 731 in
1514 702 1611 738 tertia,
1627 703 1815 740 Principatus,
1830 702 2005 740 Archangeli,
2021 703 2072 730 An-
2102 725 2165 744 „rim
2185 730 2214 743 m·

1224 751 1285 789 geli.
1302 767 1338 772 —
1355 751 1386 779 Et
1407 750 1617 788 distinguuntur
1638 750 1791 780 secundum
1812 749 1962 787 exemplar
1982 752 2073 778 aeter-
2086 748 2137 767 “⁰¹¹⁰
2153 739 2215 768 ⁰3³⁰m·

1224 807 1316 833 nani,
1338 798 1412 835 quod
1434 801 1475 827 est
1496 798 1611 835 viyens,
1632 797 1764 836 falyens,
1786 797 1899 831 calens,
1920 797 1995 826 Deus
2022 772 2215 825 111-πῖξξῖἰὸἷιῐῗῐξῖἷ

1225 847 1311 880 nitas,
1334 846 1426 880 Pater,
1448 845 1531 874 Filius
1558 848 1586 874 et
1609 845 1728 883 Spiritus
1749 847 1876 878 sanctus;
1898 847 1925 873 et
1953 847 2010 873 tota
2030 852 2072 873 es·
2084 824 2213 875 (111ξὲ113511)

1225 894 1313 923 sentia
1334 893 1421 922 Patris
1443 893 1470 921 in
1485 901 1514 922 se
1535 893 1607 930 ipso,
1629 896 1686 922 tota
1698 893 1726 921 in
1747 892 1825 927 Filio,
1848 895 1905 921 tota
1926 891 1953 920 in
1968 891 2073 929 Spiritu
2086 875 2204 926 ἒίτῖῗιῗῖῃὲιῗῑῖ

1226 944 1332 975 sancto;
1355 944 1382 970 et
1404 944 1460 969 tota
1481 940 1599 969 essentia
1625 940 1683 969 Filii
1704 940 1731 968 in
1754 947 1782 969 se
1803 939 1876 976 ipso,
1898 941 1955 968 tota
1975 938 2002 967 in
2025 938 2073 967 Pa-
2086 923 2175 941 'mum'

1226 992 1284 1023 tre,
1306 991 1363 1017 tota
1383 988 1410 1016 in
1433 987 1538 1025 Spiritu
1559 985 1671 1021 sancto;
1692 990 1720 1016 et
1741 990 1797 1016 tota
1817 986 1935 1015 essentia
1956 985 2075 1023 Spiritus

1226 1036 1311 1065 sancti
1334 1036 1360 1064 in
1383 1036 1474 1070 Patre,
1494 1038 1550 1064 tota
1571 1035 1598 1063 in
1620 1034 1697 1069 Filio,
1713 1037 1770 1063 tota
1790 1034 1818 1062 in
1833 1041 1863 1062 se
1883 1033 1951 1070 ipso.
1967 1033 1993 1062 Si
2009 1041 2075 1070 ergo

1226 1084 1384 1113 hierarchia
1404 1083 1485 1112 debet
1499 1083 1644 1112 assimilari
1662 1082 1801 1116 Trinitati,
1816 1083 1938 1118 oportet,
1952 1080 2026 1118 quod
2041 1080 2076 1109 sit

1226 1131 1307 1166 ordo,
1329 1131 1377 1168 qui
1399 1130 1563 1168 respondeat
1590 1130 1676 1164 Patri,
1702 1128 1855 1158 secundum
1883 1127 1957 1165 quod
1979 1130 2021 1157 est
2047 1127 2076 1156 in

1226 1187 1255 1208 se
1276 1179 1348 1216 ipso,
1375 1181 1402 1207 et
1430 1177 1582 1207 secundum
1610 1177 1684 1215 quod
1705 1180 1746 1206 est
1774 1176 1801 1204 in
1823 1175 1902 1210 Filio,
1930 1178 1957 1204 ct
1978 1183 2076 1204 secun-

1225 1227 1293 1255 dum
1314 1226 1388 1263 quod
1409 1228 1451 1254 est
1471 1225 1498 1253 in
1524 1225 1628 1262 Spiritu
1659 1227 1761 1253 sancto.
1782 1240 1818 1244 —
1840 1223 1970 1252 Similiter
1994 1231 2076 1260 opor-

1227 1277 1280 1308 tet,
1303 1272 1376 1310 quod
1397 1273 1432 1301 sit
1453 1272 1533 1306 ordo,
1555 1272 1603 1309 qui
1629 1271 1793 1308 respondeat
1813 1270 1895 1304 Filio,
1923 1269 2076 1299 secundum

1226 1321 1301 1358 quod
1322 1324 1363 1349 est
1384 1320 1412 1348 in
1434 1320 1528 1354 Patre,
1543 1323 1570 1348 et
1585 1319 1737 1348 secundum
1753 1318 1826 1356 quod
1841 1321 1882 1347 est
1902 1317 1930 1346 in
1952 1325 1980 1346 se
2002 1317 2076 1354 ipso,

1227 1371 1254 1397 et
1275 1368 1428 1397 secundum
1450 1367 1523 1404 quod
1545 1370 1586 1395 est
1601 1367 1627 1395 in
1650 1366 1754 1403 Spiritu
1772 1368 1874 1394 sancto.
1899 1365 1929 1393 Et
1950 1364 2020 1393 idem
2036 1367 2077 1393 est

1227 1416 1260 1445 de
1282 1415 1386 1452 Spiritu
1408 1418 1509 1443 sancto.
1532 1414 1578 1443 llle
1599 1414 1672 1442 enim
1698 1413 1738 1442 sol
1760 1413 1811 1442 sibi
1841 1413 1970 1449 proximo
1992 1412 2077 1440 simil*

1227 1462 1292 1491 lime
1313 1465 1340 1490 et
1361 1460 1571 1498 expressissime
1592 1460 1734 1497 imprimit.

1308 1510 1352 1538 320.
1376 1508 1450 1537 Ordo
1465 1508 1555 1537 Patri
1572 1507 1754 1544 respondens,
1770 1506 1923 1536 secundum
1946 1505 2021 1543 quod
2036 1507 2077 1534 est
2087 1512 2217 1531 Continuatur.

1229 1557 1257 1585 in
1288 1564 1317 1585 se
1338 1556 1410 1593 ipso,
1442 1558 1483 1584 est
1503 1555 1571 1584 ordo
1599 1555 1796 1589 Thronorum3
1818 1553 1886 1582 ordo
1907 1553 2077 1590 respondens

1230 1603 1318 1637 Patri,
1340 1603 1492 1631 seeundum
1514 1602 1588 1640 quod
1609 1605 1650 1631 est
1671 1601 1698 1630 in
1720 1601 1800 1635 Filio,
1822 1603 1863 1630 est
1883 1600 1951 1629 ordo
1973 1600 2079 1628 Cheru-

1229 1651 1302 1684 bim;
1324 1650 1392 1678 ordo
1414 1649 1583 1686 respondens
1604 1649 1692 1682 Patri,
1715 1648 1867 1677 secundum
1890 1647 1965 1685 quod
1986 1650 2027 1676 est
2051 1646 2079 1675 in

1230 1697 1334 1735 Spiritu
1357 1699 1463 1730 sancto,
1485 1699 1526 1725 est
1545 1696 1613 1725 ordo
1635 1695 1787 1733 Seraphim.
1811 1711 1847 1715 —
1869 1694 1944 1723 Ordo
1966 1702 2079 1731 respon-

1230 1745 1298 1774 dens
1319 1744 1408 1778 Filio,
1438 1743 1589 1772 secundum
1615 1743 1689 1780 quod
1718 1747 1759 1772 est
1780 1743 1808 1771 in
1829 1743 1921 1776 Patre,
1950 1745 1991 1771 est
2012 1741 2080 1770 ordo

1230 1792 1468 1825 Dominationum,
1490 1791 1570 1819 cuius
1591 1794 1633 1819 est
1653 1791 1799 1827 imperare
1807 1800 1817 1824 ;
1838 1789 1991 1819 secundum
2006 1788 2081 1826 quod

1231 1840 1314 1868 Filius
1335 1842 1377 1868 est
1398 1839 1424 1867 in
1447 1846 1475 1867 se
1497 1838 1571 1874 ipso,
1593 1840 1634 1866 est
1658 1837 1725 1866 ordo
1746 1837 1904 1871 Virtutum;
1927 1836 2080 1865 secundum

1231 1887 1305 1925 quod
1326 1890 1368 1915 est
1389 1886 1472 1914 Filius
1493 1885 1520 1914 in
1542 1885 1647 1922 Spiritu
1668 1888 1774 1918 sancto,
1803 1888 1845 1914 est
1871 1884 1939 1913 ordo
1961 1884 2079 1912 Potesta—

1232 1938 1301 1963 tum.
1327 1950 1363 1955 —
1389 1933 1464 1962 Ordo
1492 1931 1661 1969 respondens
1682 1931 1810 1968 Spiritai
1836 1935 1954 1965 sancto,
1982 1938 2079 1959 secun-

1232 1982 1297 2010 dum
1320 1981 1394 2019 quod
1416 1984 1457 2009 est
1478 1980 1504 2008 in
1528 1980 1619 2013 Patre,
1641 1981 1682 2008 est
1702 1978 1770 2007 ordo
1791 1978 2016 2015 Principatuum;
2038 1985 2082 2006 sev

1232 2029 1354 2058 cundum
1376 2028 1448 2065 quod
1471 2031 1512 2056 est
1533 2027 1560 2055 in
1582 2026 1661 2060 Filio,
1683 2029 1724 2055 est
1744 2026 1812 2054 ordo
1833 2025 2079 2062 Δ11131131111010111111,

1233 2084 1353 2113 quorum
1382 2078 1423 2104 est
1448 2077 1551 2103 secreta
1582 2073 1726 2106 reuelarc,·
1754 2072 1906 2101 secundum
1938 2071 2012 2109 quod
2040 2075 2090 2100 est*

1208 2127 1211 2128 ’
1233 2123 1352 2160 Spiritus
1374 2125 1486 2151 sanctus
1508 2122 1535 2150 in
1556 2129 1584 2150 se
1606 2121 1680 2157 ipso,
1702 2123 1743 2149 est
1763 2119 1831 2148 ordo
1852 2119 2026 2156 Angelorum.
2044 2135 2079 2140 —

1234 2171 1265 2199 Et
1296 2170 1419 2203 dicebat,
1448 2169 1522 2206 quod
1554 2168 1637 2197 semel
1668 2166 1828 2196 conferebat
1854 2174 1918 2195 cum
1949 2174 2020 2199 uno,
2048 2166 2081 2194 de
2094 2173 2122 2203 ng
2136 2173 2207 2200 Amin

1234 2226 1289 2255 quo
1310 2217 1407 2246 ordine
1429 2216 1525 2245 fuisset
1545 2215 1662 2244 Gabriel.
1679 2215 1711 2243 Et
1732 2214 1839 2243 dicebat
1860 2214 1920 2247 ille,
1935 2213 2009 2250 quod
2031 2213 2082 2241 sibi
2102 2197 2196 2215 ‘mmm'

1234 2265 1387 2293 revelatmn
1410 2264 1512 2297 fuerat,
1534 2262 1608 2300 quod
1630 2265 1689 2291 erat
1709 2261 1743 2290 de
1764 2261 1854 2290 media
1874 2260 2031 2289 hierarchia
2055 2263 2082 2288 et

1234 2312 1267 2341 (10
1288 2312 1378 2340 medio
1399 2311 1507 2345 ordine,
1530 2310 1633 2339 scilicet
1654 2309 1804 2337 Virtutum.
1826 2325 1865 2329 —
1886 2308 1917 2336 Et
1939 2308 1990 2336 hoc
2012 2307 2083 2335 vide-

1236 2363 1281 2388 tur
1303 2359 1382 2387 valde
1403 2365 1573 2395 congruum,
1599 2359 1630 2385 ut
1651 2356 1696 2385 ille
1717 2356 1765 2393 qui
1794 2358 1854 2384 erat
1874 2355 1990 2383 nuntius
2018 2362 2082 2382 con-

1235 2405 1367 2443 ceptionis
1388 2404 1444 2433 Filii
1461 2404 1521 2438 Dei,
1537 2404 1570 2432 de
1592 2403 1637 2432 illo
1651 2403 1748 2431 ordine
1769 2402 1940 2435 mitteretur,
1955 2401 2002 2438 qui
2018 2401 2083 2429 Filio

1234 2453 1440 2490 appropriatur.
1468 2452 1548 2485 ltem,
1577 2451 1643 2488 quia
1669 2453 1729 2479 erat
1749 2450 1864 2478 nuntius
1893 2449 2047 2478 Mediatoris
2061 2449 2081 2482 θ,

1235 2508 1390 2536 congruum
1413 2500 1477 2533 fuit,
1499 2502 1530 2528 ut
1551 2499 1584 2527 de
1605 2498 1695 2527 medio
1715 2497 1811 2526 ordine
1833 2496 1999 2525 mitteretur.
2029 2496 2082 2523 Hoc

1235 2548 1340 2576 dictum
1360 2550 1402 2575 est
1422 2546 1575 2575 secundum
1594 2544 1824 2582 probabilitatem.
1841 2542 1915 2572 Unde
1936 2542 2017 2571 etiam
2032 2542 2083 2570 Ga—

400 2744 407 2757 ¹
426 2745 469 2767 Cir.
487 2744 591 2771 Dioms.,
609 2743 637 2765 ile
654 2743 748 2764 Caelest.
766 2741 882 2763 llierarcli.
899 2746 918 2761 c.
938 2740 957 2762 4.
975 2740 986 2751 ³
1005 2741 1026 2762 ΕΞ.
1043 2747 1107 2769 seqq.

400 2783 409 2796 ²
427 2785 458 2806 De
475 2783 569 2806 Caelest.
587 2782 714 2807 llierarrh.v
732 2787 751 2803 c.
764 2780 784 2802 3.
797 2782 810 2808 ‘5
828 2780 846 2801 l.
862 2779 905 2802 Ct'r.
919 2780 941 2801 ll.
954 2780 1014 2801 Seni.
1031 2779 1054 2801 d.
1071 2780 1092 2801 9.
1110 2780 1181 2802 Prae-

338 2825 432 2850 notatd,
451 2822 490 2845 ulii
507 2822 575 2844 etiam
593 2823 736 2848 exponuntur
755 2819 831 2847 plura,
849 2824 907 2846 quae
925 2818 1017 2839 inferius
1034 2817 1180 2845 exhihentur,

340 2862 472 2891 praesertim
486 2862 514 2884 de
527 2860 600 2883 trihus
613 2859 745 2882 hierarchiis
756 2863 882 2885 eurumque
899 2857 1040 2879 ordinatione
1053 2860 1074 2879 et
1085 2856 1181 2879 actibus.

339 2915 369 2919 -
386 2901 507 2929 Explicatio
524 2899 624 2927 Dionysii
641 2898 784 2921 continuatur
802 2897 823 2919 in
840 2903 862 2918 n.
882 2896 916 2917 is.

402 2940 411 2952 ³
429 2941 490 2963 Sicut
508 2946 548 2961 nec
566 2938 686 2961 creationis
702 2940 735 2959 est
755 2936 854 2963 creatio,
872 2936 911 2958 cfr.
929 2936 952 2957 ll.
970 2936 1030 2957 Sent.
1047 2936 1069 2957 d.
1090 2936 1108 2957 1.
1126 2942 1148 2963 p.
1167 2936 1181 2957 1.

340 2987 361 3003 a.
378 2981 400 3002 3.
416 2986 439 3008 q.
456 2980 477 3001 2.
495 2978 523 3000 ad
542 2978 563 3000 5.

1300 2737 1309 2750 ⁴
1327 2739 1386 2760 loun.
1405 2738 1445 2764 16,
1464 2738 1492 2759 28
1504 2746 1508 2759 z
1522 2736 1584 2759 Exixi
1601 2743 1613 2758 a
1631 2736 1696 2758 Patre
1713 2737 1735 2757 01
1752 2734 1805 2756 veni
1822 2734 1844 2756 in
1862 2732 2083 2761 ninii(lu1n;iteru1n

1237 2777 1341 2806 relinquo
1359 2777 1471 2799 mundum
1489 2779 1511 2798 et
1528 2776 1589 2798 vado
1606 2775 1635 2797 ad
1652 2775 1749 2797 Patrem.

1300 2815 1310 2828 ⁶
1327 2817 1350 2838 ln
1367 2816 1383 2838 E
1400 2815 1437 2837 hic
1454 2815 1546 2837 additur
1568 2819 1599 2837 ex
1621 2812 1829 2843 supercaelestium
1850 2812 1989 2841 aspectuum
2011 2808 2083 2832 011110-

1238 2857 1299 2883 tata*
1316 2856 1356 2877 cfr.
1374 2855 1433 2876 infra
1448 2861 1469 2876 11.
1485 2855 1522 2876 31.
1540 2857 1561 2876 01
1578 2853 1650 2876 collat.
1668 2853 1706 2875 22.
1723 2859 1745 2874 n.
1765 2852 1785 2874 i.

1300 2892 1310 2906 ⁰
1328 2894 1397 2922 Epist.
1414 2894 1428 2915 1.
1445 2893 1504 2915 Τ1111.
1528 2894 1554 2921 2,
1566 2893 1600 2915 5;
1618 2892 1727 2914 Mediator
1752 2891 1792 2913 Dei
1816 2893 1838 2912 et
1863 2889 1995 2917 hominum,
2013 2889 2083 2910 homo

1238 2934 1341 2957 Christus
1358 2934 1427 2955 lesus.
1445 2945 1475 2949 —·
1492 2932 1535 2955 Csr.
1553 2933 1577 2954 111
1603 2933 1663 2954 Sent.
1680 2931 1703 2954 d.
1721 2932 1742 2953 2.
1759 2929 1815 2952 dub.
1834 2928 1859 2955 i,
1872 2928 1913 2951 ubi
1929 2929 1951 2951 in
1969 2925 2084 2950 111100101-

1238 2975 1287 3001 tur,
1303 2972 1431 2995 Gabrielem
1450 2971 1517 2994 fuisse
1535 2972 1563 2993 de
1580 2971 1660 2993 ordine
1678 2968 1891 2998 Archanqelorum.
