2285 3398
692 318 1035 364 QUAESTIONES
1071 318 1389 356 DISPUTATAE

257 468 394 533 DE
454 443 1127 535 PERFECTIONE
1152 540 1156 545 ,
1186 470 1823 539 EVANGELICA

243 1038 371 1068 Volentes
383 1038 391 1054 ¹
414 1039 488 1069 circa
508 1032 693 1078 evangelicam
707 1039 901 1078 perfectionem
914 1039 1007 1077 aliqua

165 1084 310 1123 indagare,
332 1086 423 1123 primo
442 1086 591 1116 exordium
612 1086 798 1125 inquisitionis
824 1089 933 1115 nostrae
960 1087 1007 1116 s'u-

164 1132 296 1161 mendum
318 1136 359 1162 est
379 1133 414 1162 ab
435 1133 597 1163 humilitate.

243 1179 274 1209 Et
295 1180 384 1217 primo
405 1189 573 1218 quaeramus
593 1181 627 1210 de
647 1181 706 1219 ipsa
726 1183 855 1218 tanquam
875 1180 909 1209 de
924 1180 1008 1210 totius

1063 1040 1238 1077 perfectionis
1259 1041 1357 1071 radice.

1143 1088 1282 1122 Secundo,
1304 1089 1337 1118 de
1358 1092 1527 1126 paupertate.

1143 1134 1250 1169 Terti0‚
1271 1134 1305 1164 de
1326 1136 1500 1165 continentia.

1143 1181 1263 1217 Quarto,
1284 1181 1318 1211 de
1338 1181 1499 1211 obedientia.

874 1327 1132 1368 QUAESTIO
1165 1329 1187 1361 I.

412 1436 451 1466 De
472 1434 633 1465 humilitate
652 1435 749 1474 quoad
768 1438 868 1464 actum
889 1435 999 1473 ipsius,
1021 1438 1123 1465 utrum
1143 1435 1249 1465 scilicet
1269 1436 1448 1466 christianae
1465 1436 1651 1475 perfectionis

737 1486 776 1516 sit
794 1495 824 1515 se
844 1486 943 1524 ipsum
963 1486 1105 1525 vilificare
1121 1496 1179 1525 pro
1202 1486 1324 1532 Christo.

242 1635 272 1664 Et
293 1634 422 1672 quoniam
441 1635 553 1664 habitus
567 1634 742 1672 cognoscitur
756 1642 806 1672 per
819 1637 898 1664 actus
909 1635 929 1668 ²,
945 1634 1005 1664 ideo

164 1682 353 1721 quaerendum
384 1685 426 1711 est
455 1682 489 1711 de
516 1682 671 1711 humilitate
698 1684 833 1720 quantum
854 1682 889 1711 ad
912 1686 1003 1711 actum

162 1730 256 1768 ipsius.
279 1730 325 1759 Est
346 1729 430 1767 igitur
451 1729 591 1767 quaestio,
612 1732 709 1758 utrum
730 1729 895 1759 christianae
916 1730 1006 1767 perfe-

163 1777 261 1807 ctionis
281 1777 315 1807 sit
337 1785 366 1806 se
387 1777 478 1814 ipsum
506 1776 639 1805 vilificare
669 1784 720 1813 pro
740 1775 857 1805 Christo.
879 1777 911 1805 Et
932 1776 1006 1814 quod

161 1825 212 1860 sic,
233 1824 400 1854 ostenditur:

242 1873 265 1900 1.
288 1871 380 1900 Primo
402 1870 577 1899 auctoritate
597 1870 692 1907 ipsius
714 1869 840 1905 Christi,
862 1870 909 1907 qui
940 1870 1005 1899 dicit

21 1918 291 1948 immenaMatthaei
312 1918 419 1947 decimo
439 1916 573 1946 octavo⁸:
595 1916 663 1946 Nisi
681 1917 813 1946 conversi
837 1916 955 1955 fueritis
981 1922 1005 1946 ει

161 1965 331 2005 efficiamini
351 1965 429 1994 sicut
439 1963 579 2002 parvuli,
593 1972 652 1993 mm
665 1963 814 1993 intrabitis
831 1964 864 1993 i‘n
883 1973 1006 2003 reqnum

163 2013 329 2047 melorum,-
350 2012 398 2041 sed
419 2020 448 2041 se
468 2012 559 2049 ipsum
584 2011 749 2049 parvificare
780 2019 834 2040 non
861 2014 903 2041 est
932 2012 1007 2041 aliud

164 2068 248 2097 quam
279 2060 329 2089 sibi
362 2059 493 2089 vilescere
513 2062 541 2089 et
560 2059 596 2088 ab
615 2058 676 2088 aliis
696 2058 777 2088 vilem
798 2067 828 2088 se
848 2062 1007 2097 reputatum

167 2106 252 2135 velle:
274 2114 340 2143 ergo
360 2109 411 2135 etc.

245 2154 271 2182 9.
294 2153 377 2187 Item,
399 2153 526 2182 Matthaei
542 2153 710 2190 vigesimo⁴:
727 2153 785 2190 Qui
796 2153 919 2183 voluerit
933 2153 1008 2198 inter

164 2210 216 2230 vos
233 2200 354 2239 primus
374 2208 433 2229 esse
462 2200 517 2229 erit
542 2204 632 2229 vester
657 2208 777 2235 πωπω
801 2201 849 2230 sed
868 2201 958 2231 facere
978 2209 1008 2231 se

167 2249 259 2287 ipsum
281 2255 396 2277 servum
416 2246 550 2281 aliorum,
570 2246 623 2275 hoc
643 2249 684 2276 est
704 2255 733 2276 se
759 2247 850 2285 ipsum
877 2248 1008 2278 vilificare

167 2296 342 2326 vilificatione
362 2294 551 2333 permaxima:
573 2301 639 2331 ergo
659 2296 710 2323 etc.

209 2373 216 2374 ἶ
245 2343 271 2373 3.
294 2344 378 2378 ltem,
399 2343 488 2372 Lucae
508 2341 616 2371 decimo
629 2340 781 2378 septimo⁶:
798 2341 871 2371 Cum
883 2341 1009 2380 feceritis

167 2390 281 2424 omnia,
295 2398 370 2428 quae
380 2393 536 2428 praecepta
549 2391 619 2417 sunt
630 2387 724 2423 vobis,
739 2388 838 2418 dicite:
852 2389 931 2418 servi
943 2389 1009 2418 inu-

168 2436 230 2466 tiles
249 2444 371 2470 smnus,-
392 2436 439 2466 sed
459 2436 507 2474 qui
535 2438 610 2465 recte
640 2434 743 2474 aliquid
774 2435 839 2465 dicit
869 2436 929 2466 vult
959 2436 1009 2466 sibi

168 2482 258 2518 credi,
279 2485 307 2512 et
328 2482 428 2518 credit,
449 2491 546 2514 verum
566 2491 625 2513 esse
639 2483 714 2521 quod
726 2483 806 2513 dicit:
821 2491 887 2521 ergo
900 2483 934 2513 ad
948 2483 1009 2519 hoc,

231 2665 239 2679 ²
259 2667 324 2690 Hanc
340 2666 501 2696 quaestionem
513 2664 639 2688 sumsimus
650 2670 677 2687 ex
689 2665 806 2690 codicibus
817 2668 834 2690 E
842 2667 861 2690 D
869 2668 885 2691 I.
896 2669 1009 2698 Respectu

172 2706 224 2729 cod.
240 2706 248 2729 I
264 2709 384 2734 notamus,
401 2705 466 2735 quod
483 2705 505 2728 in
523 2705 574 2733 ipso
590 2704 728 2733 plerumque
738 2706 822 2734 scripta
837 2713 885 2730 non
896 2711 949 2731 sunt
964 2709 1008 2732 nisi

168 2744 236 2769 initia
252 2745 358 2768 locorum
374 2751 394 2768 s.
411 2745 555 2774 Scripturae;
572 2743 658 2767 deinde
678 2743 742 2772 quod
766 2751 811 2767 non
835 2752 887 2769 raro
903 2748 1009 2777 syllogis-

169 2790 262 2808 morum
279 2785 438 2808 conelusionoe
454 2784 549 2813 omittit,
561 2783 703 2807 substituens
713 2785 801 2807 tantum
811 2791 867 2815 erqo
877 2788 927 2816 etc„
944 2789 1009 2817 quod

170 2823 193 2846 in
210 2825 278 2847 solut.
294 2823 379 2847 obieci.
394 2823 467 2846 verba
484 2823 643 2846 obiectionum'
658 2829 705 2846 non
720 2823 814 2851 repetit,
825 2824 866 2848 sed
877 2825 1008 2855 simpliciter

169 2862 234 2885 dicit:
250 2862 283 2886 ad
300 2861 321 2886 Ι.
337 2862 478 2892 dicendum5
495 2862 604 2891 demum,
615 2862 680 2892 quod
697 2862 812 2886 interdum
823 2863 891 2887 etiam
903 2865 945 2888 aliu
957 2871 1009 2889 con-

168 2902 259 2924 trahere
275 2902 312 2924 vel
329 2904 421 2925 mutare
436 2902 501 2925 solet.
516 2902 582 2925 Unde
599 2903 646 2925 fere
663 2903 794 2925 constanter
810 2903 929 2932 sequimur
945 2911 1008 2933 egre-

169 2940 233 2969 gium
251 2944 273 2964 et
289 2941 452 2971 perantiquum
469 2941 573 2965 codicem
589 2942 614 2970 E,
631 2941 667 2965 cui
685 2942 737 2972 sere,
748 2942 842 2965 omnino
858 2944 965 2968 com-enit
980 2945 1007 2975 D,

168 2980 210 3003 nisi
228 2980 292 3009 quod
310 2981 347 3003 hic
363 2981 443 3010 plures
459 2980 544 3003 librarii
561 2986 651 3004 errorae
667 2980 760 3005 habeat.

1060 1635 1135 1673 quod
1156 1629 1256 1673 aliquis
1277 1636 1312 1665 sit
1333 1636 1472 1673 perfectus
1492 1636 1644 1675 discipulus
1663 1638 1780 1674 Christi,
1796 1647 1907 1669 necesse

1060 1685 1117 1717 est,
1138 1683 1213 1720 quod
1232 1691 1262 1712 se
1290 1683 1372 1712 vilem
1394 1686 1504 1721 reputet
1532 1687 1559 1713 et
1586 1684 1660 1722 quod
1690 1685 1752 1715 talis
1783 1686 1847 1715 velit
1872 1687 1906 1716 ab

1060 1730 1120 1759 aliis
1141 1730 1273 1768 reputari.

1142 1777 1169 1805 [ι.
1192 1777 1275 1812 Item,
1297 1777 1385 1806 Lucae
1407 1777 1539 1815 vigesimo
1560 1778 1717 1808 secundo⁶:
1740 1780 1798 1816 Qui
1810 1780 1907 1810 maior

1061 1827 1102 1853 est
1121 1824 1154 1852 in
1174 1823 1254 1853 vobis
1284 1824 1339 1862 fiat
1368 1825 1443 1854 sicut
1475 1826 1589 1861 minor,
1610 1830 1637 1856 et
1653 1826 1706 1866 qui
1734 1836 1906 1865 praecessor

1060 1874 1116 1906 est,
1140 1872 1217 1901 sicut
1245 1872 1448 1908 ministratum
1468 1873 1515 1903 sed
1546 1874 1569 1903 si
1590 1874 1722 1904 minimus
1746 1875 1848 1905 faceret
1878 1883 1907 1905 se

1062 1918 1133 1947 sicut
1155 1919 1325 1954 maximum,
1346 1923 1418 1949 esset
1439 1929 1547 1950 summa
1566 1922 1679 1951 ambitio
1692 1925 1720 1951 et
1733 1922 1826 1952 elatio:
1842 1930 1908 1960 ergo

1062 1973 1077 1994 e
1100 1973 1249 2000 converSO‚
1270 1974 1333 1995 cum
1354 1967 1442 1996 maior
1463 1967 1494 1997 fit
1513 1968 1604 1997 minor
1618 1972 1645 1998 et
1659 1977 1819 2006 praecessor
1837 1970 1908 1999 sieut

1064 2011 1251 2047 ministrator,
1266 2013 1319 2042 erit
1333 2021 1442 2043 summa
1461 2014 1549 2051 ipsius
1569 2015 1700 2051 abiecti03
1715 2019 1742 2045 et
1756 2016 1808 2046 hoc
1829 2017 1910 2047 debet

1063 2059 1124 2088 fieri
1145 2059 1298 2088 secundum
1319 2053 1509 2098 evangelicam
1526 2061 1693 2091 doctrinam:
1715 2071 1781 2101 ergo
1802 2067 1852 2093 etc.

1143 2108 1168 2135 5.
1191 2107 1273 2143 Item,
1295 2107 1402 2138 Ioannis
1421 2108 1648 2139 decimotertlo⁷:
1674 2110 1727 2139 Vos
1740 2111 1850 2140 vocatis
1864 2120 1908 2141 me

1062 2154 1203 2192 magis-ter
1216 2158 1241 2184 et
1254 2155 1369 2185 domine
1383 2159 1444 2192 etc„
1459 2164 1549 2195 usque
1566 2157 1619 2186 ibi:
1639 2157 1740 2187 lavare
1755 2159 1857 2196 pedes;
1871 2167 1908 2188 ex

1063 2201 1115 2231 hac
1135 2202 1298 2232 auctoritate
1320 2203 1528 2234 ratiocinatione
1549 2204 1700 2243 colligitur,
1715 2205 1789 2243 quod
1807 2205 1908 2235 Christi

1049 2248 1216 2287 discipulus
1236 2250 1342 2280 ratione
1370 2251 1494 2289 magistri
1516 2252 1649 2282 inclinare
1669 2260 1698 2281 se
1718 2252 1799 2282 debet
1818 2261 1908 2291 usque

1063 2296 1097 2325 ad
1119 2296 1316 2326 humiliationis
1336 2301 1363 2327 et
1383 2298 1651 2337 abiectionis'genus
1671 2303 1838 2329 extremum.

1127 2345 1170 2372 «6.
1193 2344 1274 2378 Item,
1296 2345 1330 2374 ad
1352 2346 1539 2383 Philippenses
1553 2347 1710 2377 secund0⁸z
1729 2347 1790 2376 Hoc
1810 2348 1908 2376 sentite

1065 2390 1097 2420 in
1116 2390 1213 2426 vobis,
1234 2392 1313 2430 quod
1332 2395 1358 2421 et
1387 2392 1419 2421 in
1451 2392 1565 2422 Christo
1586 2394 1668 2429 Iesu,
1696 2394 1749 2433 qui
1777 2403 1844 2422 eum
1876 2394 1908 2423 in

1064 2436 1165 2476 forma
1185 2440 1253 2473 etc.;
1275 2439 1322 2468 sed
1353 2440 1530 2477 semetipsum
1561 2440 1719 2475 exinanire,
1745 2441 1813 2469 nihil
1833 2441 1908 2470 aliud

1064 2487 1107 2514 est
1127 2493 1212 2523 quam
1233 2494 1262 2515 se
1283 2486 1374 2524 ipsum
1395 2487 1541 2516 vilificare:
1563 2487 1585 2516 si
1607 2487 1691 2525 igitur
1718 2487 1858 2517 Christum
1879 2488 1907 2517 in

1126 2668 1137 2683 ¹
1153 2670 1200 2694 cnr.
1215 2670 1315 2699 Ariston„
1331 2671 1355 2694 ll.
1373 2671 1402 2694 de
1418 2671 1513 2700 Anima,
1531 2674 1584 2695 text.
1601 2672 1638 2694 33.
1655 2671 1685 2700 (c.
1703 2671 1734 2701 4.)
1752 2674 1774 2694 et
1795 2671 1819 2694 ll.
1835 2671 1906 2695 Ethic.

1065 2715 1086 2732 c.
1103 2709 1125 2732 4.
1142 2715 1192 2739 seq.
1523 2706 1528 2712 '

1126 2746 1136 2761 ⁸
1154 2748 1219 2772 Vers.
1237 2749 1259 2772 3.
1274 2761 1306 2766 -
1322 2749 1418 2773 Inferius
1434 2756 1478 2778 pro
1494 2751 1631 2780 reputatum
1647 2750 1655 2772 I
1671 2749 1786 2780 reputari.

1126 2785 1137 2800 ⁴
1153 2788 1220 2811 Vers.
1236 2787 1274 2811 27.

1127 2825 1137 2839 ⁶
1153 2827 1220 2850 Vers.
1238 2827 1275 2850 io.
1290 2839 1322 2845 —
1338 2828 1416 2851 Finem
1433 2834 1484 2857 urg.
1499 2829 1508 2851 1
1524 2828 1557 2851 sic
1573 2827 1677 2851 exhibet:
1689 2828 1752 2859 quod
1767 2828 1822 2852 velit
1837 2827 1906 2852 vilem

1064 2865 1156 2896 (vitm)
1173 2865 1203 2890 ab
1219 2865 1273 2895 alisii
1289 2866 1408 2897 reputari.

1126 2904 1138 2919 ⁶
1154 2906 1220 2930 Vers.
1237 2906 1275 2929 26.
1666 2905 1675 2920 ⁷
1693 2908 1759 2931 Vei-s.
1778 2908 1814 2931 «¹3.
1830 2911 1851 2930 et
1870 2907 1906 2930 44.

1128 2943 1138 2958 ⁸
1155 2946 1222 2969 Vers.
1233 2945 1255 2969 5.
1266 2952 1345 2975 παφα
1363 2946 1411 2969 Hoc
1427 2946 1489 2969 enim
1506 2947 1588 2970 sentite
1604 2949 1647 2970 etc.
1657 2959 1689 2964 —
1700 2947 1722 2970 ln
1740 2947 1786 2970 fine
1800 2953 1851 2981 arg.
1863 2952 1905 2975 pro

1063 2984 1108 3010 εἰ...
1125 2984 1258 3010 debemus...
1274 2985 1423 3016 evangelicae
1439 2986 1446 3009 l
1462 2991 1541 3010 cum...
1558 2985 1708 3010 debeamus...
1724 2985 1874 3010 christianae.
