2285 3398
374 120 410 148 56
1018 119 1242 155 QUAESTIONES
1263 119 1463 147 DlSPUTATAE

369 197 460 225 sime:
482 196 636 230 altissime,
659 197 723 233 quia
744 204 759 224 a
784 197 878 231 nullo;
906 197 1052 233 piissime,
1078 197 1144 233 quia
1171 204 1214 224 ce-

370 247 428 271 tera
442 243 477 271 ab
491 243 557 279 ipso.
576 243 605 270 Et
620 243 647 270 in
664 243 714 271 1100
729 242 895 271 concordant
909 242 1069 276 Christiani,
1085 242 1174 270 ludaei
1189 246 1216 270 et

241 289 496 323 commu-Saraceni
511 292 538 317 et
552 289 633 317 etiam
649 288 787 317 baeretici.
803 289 881 325 Quod
896 292 988 317 autem
1003 289 1076 317 Deus
1091 288 1176 324 possit
1190 290 1217 316 et

277 322 303 339 ²¹³
317 321 334 340 ¹⁸
372 336 437 364 velit
458 336 508 364 sibi
530 335 683 372 producere
697 336 839 372 aequalem
853 339 881 364 et
895 335 1171 369 consubstantialem,
1186 338 1217 362 ut

372 382 537 410 aeternalem
553 381 652 410 habeat
666 381 801 410 dilectum
815 384 843 410 et
857 382 1044 410 condilectum
1057 381 1065 395 ¹
1077 392 1086 414 ;
1101 384 1127 409 et
1143 380 1216 417 (11100

372 429 423 457 hoc
446 428 556 465 quidem
578 428 611 457 de
632 428 691 465 ipso
712 428 768 457 Deo
790 429 891 457 sentire
906 429 941 457 sit
955 428 1056 457 sentire
1078 427 1217 455 altissime

373 478 399 503 et
416 475 548 512 piissime
563 491 599 495 —
615 475 693 512 quia,
715 475 737 504 si
760 475 893 509 sentitur,
909 475 983 511 quod
1005 475 1056 502 hoc
1077 481 1131 501 non
1149 482 1216 510 pos-

372 522 424 555 sa,
456 530 510 550 non
542 522 660 550 sentitur
689 521 722 550 de
753 522 809 550 Deo
841 521 980 549 altissime
991 531 1000 553 ;
1029 521 1050 549 si
1082 520 1215 553 sentitur,

372 568 445 605 quod
465 568 556 605 possit
576 572 603 597 et
623 577 682 596 nou
703 568 781 601 velit,
804 576 858 596 non
880 568 997 596 sentitur
1018 567 1051 595 de
1072 567 1128 595 Deo
1143 566 1216 603 piis-

372 615 443 644 sime
465 632 499 635 —
523 615 612 652 quod,
634 615 761 652 inquam,
784 615 821 643 ita
843 615 877 643 sit
898 618 924 643 et
946 614 983 642 ita
1000 614 1150 647 sentiatur,
1166 613 1218 641 1100

328 670 330 672 ·
373 670 427 690 000
448 662 531 690 dictat
553 662 648 690 lumen
669 662 794 690 inclitum
816 669 864 697 per
886 669 930 695 se,
952 661 999 689 sed
1021 660 1117 688 lumen
1138 658 1217 696 iufu-

373 717 456 742 sum,
478 716 514 737 ex
535 717 591 745 (1110
618 716 680 737 cum
710 708 817 736 lumine
845 708 935 736 indito
963 707 1115 743 colligitur,
1144 706 1217 743 quod

373 756 406 784 de
427 756 483 784 Deo
504 756 675 784 sentiendum
704 758 760 789 est,
782 755 856 792 (1000
881 758 993 792 generet
1013 757 1040 782 01
1062 754 1147 791 spiret
1168 753 1218 782 sihi

350 832 354 838 ,
373 802 549 838 coaequalem
570 805 597 830 et
618 801 893 835 consubstantialem,
908 804 940 829 ut
954 800 1088 829 sentiatur
1109 799 1142 828 de
1164 799 1219 827 Deo

374 849 513 877 altissime
533 852 559 877 et
571 849 719 885 piissime,·
733 851 760 876 et
775 848 827 876 hoc
841 847 874 876 de
889 845 949 876 Deo'
959 847 1061 876 sentire
1075 849 1117 876 est
1131 847 1218 875 Deum

372 896 493 924 maxime
514 895 712 928 honorificare,
734 895 860 923 venerari
882 897 909 923 et
930 894 1028 923 colere.
1058 894 1089 921 Et
1109 896 1148 922 ex*
1168 893 1219 922 hoc

373 945 502 978 apparet,
524 941 661 978 quomodo
682 941 749 970 fides
770 941 910 969 Trinitatis
924 944 951 969 et
965 940 1173 969 fundamentum
1193 942 1219 968 et

374 988 453 1016 radix
469 991 509 1017 est
520 988 603 1016 divini
618 988 714 1016 cultus
728 990 754 1016 et
770 988 853 1016 totius
864 986 1043 1016 christianae
1057 986 1214 1024 reliyiouis.

451 1035 492 1063 Ex
514 1035 564 1064 hac
586 1038 679 1063 autem
701 1035 807 1069 radice,
836 1043 891 1072 qua
919 1034 1073 1068 credimus,
1102 1034 1135 1063 de
1163 1034 1218 1062 Deo

246 1090 365 1131 eonrqueu-
373 1090 431 1111 esse
453 1082 625 1111 sentiendum
647 1082 787 1110 altissime
807 1085 834 1111 et
852 1082 1000 1119 piissime,
1029 1090 1060 1110 ac
1088 1090 1137 1118 per
1166 1081 1218 1109 1100

279 1115 305 1132 ²¹³
331 1127 335 1131 ’
373 1129 463 1166 ipsum
484 1137 543 1158 esse
571 1129 675 1158 trinum
697 1132 724 1158 et
745 1137 848 1162 unum,
870 1131 1070 1165 consequenter
1093 1128 1218 1161 elicitur,

232 1183 361 1224 ngtnogaere-
373 1176 447 1213 quod
468 1176 636 1204 credendum
657 1179 713 1210 est,
728 1176 816 1204 Deum
831 1183 891 1204 esse
909 1179 1066 1203 creatorem
1082 1175 1218 1208 omnium,

275 1211 298 1225 en
325 1219 330 1224 '
370 1222 537 1259 punitorem
558 1222 710 1255 malorum,
734 1221 935 1249 retributorem
963 1221 1099 1249 bonorum
1128 1224 1154 1249 et
1177 1229 1219 1248 rc-

374 1268 526 1296 levatorem
553 1268 727 1296 miserorum.
757 1268 826 1303 Quia
853 1268 925 1296 011101
954 1267 1131 1301 altissimus,
1160 1266 1220 1295 ideo

373 1315 451 1343 decet
472 1314 531 1343 01113
552 1314 710 1351 «lignitatem
733 1314 821 1342 facere
848 1322 959 1352 mayua
986 1317 1013 1342 et
1041 1314 1128 1341 iusta.
1151 1313 1220 1350 Quia

374 1369 440 1390 vero
457 1361 628 1398 piissimus,
651 1361 728 1389 decet
749 1361 809 1389 eius
829 1361 988 1398 dignitatem
1011 1361 1152 1398 respicere
1167 1358 1219 1388 liu—

373 1409 478 1437 milia²
500 1411 526 1437 et
549 1408 675 1436 relevare
692 1407 843 1445 prolapsa.
867 1408 898 1436 Et
920 1408 983 1436 111110
998 1411 1052 1441 031,
1067 1407 1141 1444 quod
1160 1414 1219 1435 cre—

373 1456 464 1484 dimus
485 1463 548 1484 eum
571 1455 761 1483 incarnatum
781 1457 808 1482 et
827 1463 951 1491 passum
972 1462 1023 1491 pro
1041 1461 1149 1482 summa
1164 1453 1220 1490 pie-

374 1506 437 1537 tate,
449 1502 653 1531 iudicaturum
666 1501 773 1530 tandem
785 1501 880 1529 orbem
893 1504 1032 1529 terrarum
1048 1509 1098 1537 pro
1113 1508 1221 1528 summa

374 1550 516 1578 altitudine
537 1553 564 1578 et
584 1549 729 1586 aequitate.

452 1597 491 1625 Ex
513 1596 592 1625 dictis
613 1596 697 1633 igitur
718 1595 871 1632 colligitur,
893 1602 964 1631 quae
985 1594 1020 1623 sit
1042 1594 1131 1622 radix
1159 1593 1220 1621 fidei

267 1651 361 1676 Epilogus·
374 1643 555 1676 christianae,
578 1649 649 1678 quae
671 1641 725 1670 sint
745 1641 805 1669 eius
820 1640 998 1674 testimonia,
1014 1643 1040 1668 et
1055 1647 1125 1676 quae
1140 1639 1221 1667 etiam

376 1691 429 1720 sint
450 1690 484 1718 ab
506 1690 564 1726 ipsa
585 1687 752 1720 credibilia,
775 1690 801 1716 et
822 1687 896 1724 quod
914 1687 1097 1724 principium
1118 1690 1143 1715 et
1157 1686 1221 1723 pri-

376 1745 457 1765 mum
478 1735 601 1764 omnium
623 1734 810 1768 credibilium,
832 1741 903 1771 quae
924 1734 1027 1762 faciunt
1048 1733 1081 1761 ad
1097 1733 1221 1761 divinum

375 1784 496 1816 cultum,
518 1785 559 1810 est
580 1781 708 1814 credere,
731 1781 818 1809 Deum
836 1789 896 1809 esse
911 1781 1014 1809 trinum
1030 1783 1057 1809 01
1072 1788 1167 1808 1111010.
1185 1796 1220 1800 -

234 1837 365 1856 coronarium.
376 1830 407 1858 Et
428 1829 493 1866 quia
514 1836 639 1857 summus
660 1831 686 1856 et
707 1828 846 1856 maximus
868 1828 958 1856 cultor
979 1827 1102 1855 0111011101
1117 1826 1169 1854 suit
1184 1827 1221 1855 Ie-

376 1884 424 1905 sus
444 1875 584 1908 Christus,
606 1875 666 1904 ideo
687 1875 743 1912 ipse
766 1875 855 1911 primo
876 1874 970 1908 iussit,
993 1874 1045 1902 hoc
1067 1873 1221 1902 101011110-

378 1923 436 1952 cide
457 1926 483 1951 et
503 1925 597 1959 aperte
624 1921 775 1959 praedicari
804 1929 853 1958 per
883 1924 970 1949 totum
999 1920 1150 1953 mundum,
1173 1927 1222 1956 per

378 1970 429 1998 hoc
450 1969 603 2005 astringens
624 1969 768 1997 universos
789 1968 822 1996 ad
847 1967 914 1996 illud
942 1967 1118 1996 credendum.
1149 1965 1222 1994 Unde

378 2024 441 2044 cum
462 2018 524 2043 ante
545 2015 604 2043 01113
624 2014 771 2043 adventum
792 2023 846 2043 non
868 2016 1030 2042 tenerentur
1050 2013 1084 2041 ad
1110 2012 1222 2041 creden*

378 2063 443 2091 dum
465 2061 624 2090 Trinitatem
646 2061 696 2090 nisi
719 2061 869 2098 in'zplicite,
892 2061 944 2089 iam
966 2068 1039 2089 nunc
1069 2063 1130 2097 post
1159 2058 1222 2087 novi

378 2107 531 2138 testamenti
554 2108 737 2144 vulgationem
761 2111 888 2136 tenentur
909 2115 1003 2136 omnes
1024 2107 1057 2135 ad
1079 2107 1152 2135 illam
1173 2113 1222 2133 ex—

378 2155 469 2192 plicite
500 2155 686 2187 credendum,
717 2157 748 2182 01
779 2154 831 2182 iam
863 2162 916 2187 11011
948 2157 1055 2182 tantum
1086 2153 1121 2182 sit
1156 2151 1223 2180 illud

379 2202 523 2235 credibile,
545 2201 610 2238 quia
631 2201 754 2238 (liginum
774 2200 861 2234 credi,
883 2201 925 2229 vel
947 2208 1111 2238 conyruum
1125 2207 1161 2227 ex
1183 2201 1222 2226 te-

380 2248 507 2277 stimonio
528 2251 686 2280 creaturae,
708 2254 806 2275 verum
827 2247 907 2275 etiam
929 2247 1055 2275 debitum
1069 2254 1119 2283 per
1133 2245 1222 2274 divul-

381 2295 516 2332 gationem
536 2294 659 2323 veritatis
684 2293 869 2329 evangelicae,
891 2293 971 2322 001113
998 2292 1119 2330 vulgatio
1147 2292 1222 2328 prin-

381 2342 482 2378 cipium
504 2341 600 2369 habuit
620 2348 636 2368 a
656 2340 810 2373 salvatore,
826 2340 896 2368 sicut
910 2340 1011 2368 dicitur
1032 2339 1066 2368 ad
1087 2339 1223 2368 Hebraeos

381 2387 537 2421 secundo³‚
559 2387 607 2415 ubi
628 2386 743 2423 loquens
764 2386 907 2422 Apostolus
933 2386 967 2415 00
994 2386 1047 2414 fide
1075 2385 1224 2414 christiana

381 2435 419 2463 ait
441 2434 493 2462 sic:
518 2433 590 2462 Cum
612 2433 729 2461 initium
751 2432 903 2469 accepisset
923 2432 1065 2460 enarrari
1087 2440 1141 2468 per
1169 2431 1224 2459 Do-

1272 196 1386 224 minum
1408 196 1444 224 ab
1465 197 1505 224 eis
1533 197 1584 234 qui
1611 198 1787 232 audieruut,
1809 199 1840 227 iu
1865 207 1917 227 uos
1944 199 2119 235 confirmata

1272 246 1313 270 est
1332 242 1426 279 siquis
1447 247 1472 271 et
1490 244 1631 280 portentis
1658 248 1683 272 et
1710 245 1805 273 variis
1830 245 1988 273 virtutibus
2009 249 2035 274 et
2055 245 2119 282 Spi-

1272 289 1350 316 ritus
1369 290 1465 318 sancti
1491 290 1745 318 distributionibus
1772 292 1932 319 secuudum
1959 301 2046 320 suam
2075 301 2119 320 vo—

1274 334 1421 363 lautatem.

1351 381 1376 409 Si
1398 390 1464 419 ergo
1485 383 1645 420 quaeritur:
1668 382 1735 419 quid
1756 386 1848 411 movet
1868 383 1902 412 ad
1923 384 1991 412 illud
2005 384 2118 413 creden-
2132 391 2257 419 0119500111-

1271 428 1354 461 dum,
1376 431 1471 457 utrum
1493 429 1618 458 videlicet
1641 429 1815 465 Scriptura,
1838 430 1881 458 vel
1895 430 2060 464 miracula,
2076 431 2119 459 vel
2156 415 2192 456 ill:
2206 415 2257 434 ⁸⁰¹*

1271 474 1388 511 qratia,
1410 475 1466 504 sive
1491 476 1550 512 ipsa
1572 476 1679 504 veritas
1700 476 1843 504 aeterna?
1864 476 2026 511 dicendum,
2048 477 2121 514 quod

1269 521 1474 558 principaliter
1494 530 1610 550 movens
1630 522 1664 550 ad
1686 522 1737 550 hoc
1762 526 1804 551 est
1831 523 1897 560 ipsa
1925 523 2118 558 illuminatio,
2155 531 2258 558 natium,-

1272 574 1343 604 quae
1364 567 1509 596 inchoatur
1530 568 1557 596 in
1580 568 1688 597 lumine
1710 568 1800 596 inclito
1821 571 1848 597 et
1869 572 2077 598 consummatur
2092 569 2119 597 in
2132 559 2259 601 {Regnum-

1274 613 1381 642 lumine
1403 613 1518 651 inluso,
1544 624 1614 653 quae
1642 616 1754 652 quidem
1780 615 1857 650 facit,
1879 624 1929 645 nos
1950 625 2003 644 non
2032 616 2121 645 solum

1274 660 1344 693 alte,
1368 668 1464 689 verum
1485 662 1566 690 etiam
1584 663 1632 698 pie
1653 662 1755 690 sentire
1775 662 1809 690 de
1830 662 1900 697 De0;
1923 666 1949 691 et
1970 663 2038 696 hoc,
2057 662 2122 699 quia

1273 706 1436 735 illuminatio
1458 708 1579 743 procedit
1600 709 1634 737 ab
1656 709 1715 745 ipso
1737 708 1841 737 lumine
1855 711 1983 743 aeterno,
1998 709 2025 737 in
2041 709 2122 737 cuius

1275 753 1442 791 obsequium
1463 758 1595 783 nostrum
1616 755 1746 792 captivat
1767 755 1974 789 intellectum&
1997 755 2122 792 01001111-

1276 800 1379 834 vando,
1400 800 1467 828 dum
1488 801 1578 837 ipsum
1599 801 1710 830 subiicit
1732 802 1802 835 De0,
1825 802 1888 830 colit
1916 805 1943 830 et
1972 805 2121 831 veneratur
2161 796 2167 801 ⁸

1275 849 1302 875 et
1323 846 1412 875 reddit
1433 847 1551 876 habilem
1572 848 1605 876 ad
1626 848 1794 876 credendum
1816 856 2007 885 quaecumque
2028 848 2062 877 ad
2083 849 2123 877 01-

1276 893 1371 921 vinum
1393 894 1526 922 honorem
1547 897 1573 923 et
1594 895 1699 923 cultum
1722 897 1860 931 spectant,
1882 895 1931 923 etsi
1957 895 2011 923 sint
2039 902 2124 931 supra

1276 940 1409 968 rationem
1424 943 1554 969 nostram.
1570 941 1623 969 Hoc
1638 944 1711 978 patet
1726 949 1776 977 per
1794 941 2009 977 experientiam,
2025 941 2046 969 si
2061 941 2124 977 quis

1276 990 1403 1015 recurrat
1424 986 1457 1025 ad
1482 994 1548 1015 suae
1572 988 1671 1016 mentis
1695 995 1803 1016 arcana.
1821 1003 1856 1007 —
1872 987 2013 1016 Moventia
2031 990 2123 1016 autem
2133 994 2275 1021 0311011110-

1276 1033 1347 1062 sicut
1362 1034 1609 1062 adminiculantia
1620 1037 1647 1063 et
1661 1034 1780 1071 quodam
1795 1034 1876 1062 modo
1891 1034 2048 1063 inducentia
2061 1034 2122 1071 plu·
2147 1023 2274 1065 33151ιέἶῖ0ὲῖ

1276 1080 1346 1108 rima
1366 1083 1445 1109 sunt:
1461 1081 1526 1117 quia
1539 1084 1651 1109 movent
1665 1081 1824 1117 Scripturae
1839 1081 1994 1109 testimonia
2007 1081 2123 1110 authen·
2149 1067 2219 1083 vente*
2274 1076 2275 1080 ’

1276 1127 1344 1161 tica,
1365 1131 1475 1156 movent
1497 1128 1660 1156 Sanctorum
1686 1128 1814 1164 exempla
1841 1131 1867 1156 et
1895 1128 2043 1164 martyria,
2064 1136 2121 1156 mo-

1277 1173 1511 1205 ventffDoetorum
1532 1177 1695 1210 argumenta
1709 1177 1736 1202 et
1751 1174 1838 1210 ipsius
1852 1174 2016 1203 universalis
2035 1174 2124 1203 Eccle-

1277 1219 1332 1248 siae
1353 1220 1503 1253 sententia,
1525 1224 1636 1249 movent
1651 1223 1678 1248 01
1693 1220 1751 1257 ipsa
1765 1221 1899 1249 miracula
1917 1221 2123 1258 irrefragabilia.

1277 1266 1351 1295 Unde
1374 1266 1540 1301 RichanluS,
1563 1267 1589 1295 in
1612 1267 1702 1303 primo
1723 1267 1794 1295 libro
1821 1267 1855 1295 de
1883 1267 2030 1301 Trinitate,
2052 1268 2124 1303 capi-

1277 1313 1335 1340 tulo
1350 1312 1484 1340 secundo:
1505 1324 1518 1337 «
1530 1312 1601 1341 Nihil
1616 1312 1786 1341 constantius
1801 1315 1941 1346 tenemus,
1956 1321 2039 1349 quam
2051 1313 2125 1349 quod

1276 1359 1330 1387 fide
1350 1360 1598 1396 appreliendimus;
1621 1363 1686 1388 sunt
1711 1367 1830 1396 namque
1858 1359 1984 1388 Patribus
2012 1359 2125 1388 caelitus

1277 1406 1398 1434 revelata
1418 1409 1444 1435 et
1466 1410 1520 1434 tam
1542 1407 1637 1435 multis
1658 1415 1742 1444 quam
1763 1406 1885 1444 magnis,
1909 1409 1962 1434 tam
1990 1406 2068 1434 miris
2090 1406 2124 1434 si—

1277 1453 1337 1489 gnis
1358 1453 1400 1481 vel
1422 1453 1552 1490 prodigiis
1573 1453 1705 1482 divinitus
1726 1454 1902 1487 confirmata,
1924 1456 1956 1481 ut
1977 1452 2068 1490 gravis
2086 1453 2125 1481 vi-

1277 1500 1375 1528 deatur
1396 1508 1454 1528 esse
1475 1500 1627 1529 dementiae
1649 1501 1675 1528 in
1698 1501 1741 1529 1113
1763 1501 1805 1528 vel
1826 1500 2030 1537 aliquantulum
2045 1500 2137 1528 dubi--

1279 1549 1345 1574 tare.
1378 1546 1525 1574 Innumera
1555 1546 1647 1583 itaque
1678 1547 1812 1575 miracula
1842 1550 1869 1574 et
1890 1547 1957 1581 alia,
1979 1555 2050 1584 quae
2071 1554 2126 1575 non

1278 1591 1328 1619 nisi
1351 1592 1482 1620 divinitus
1504 1592 1562 1620 lieri
1586 1595 1715 1628 possunt,
1738 1593 1764 1620 in
1794 1593 1952 1621 huiusmodi
1981 1593 2062 1621 fidem
2087 1593 2125 1621 fa-

1279 1638 1355 1666 ciunt
1376 1640 1403 1666 et
1422 1637 1549 1666 dubitare
1570 1646 1624 1666 non
1639 1638 1741 1667 sinunt.
1758 1638 1865 1666 Utimur
1880 1638 1973 1675 itaque
1987 1639 2015 1666 in
2029 1646 2125 1667 eorum

1278 1684 1451 1713 attestatione
1473 1692 1522 1712 seu
1542 1685 1624 1713 etiam
1645 1685 1852 1713 confirmatione
1874 1685 1958 1722 signis
1978 1693 2030 1722 pro
2043 1693 2125 1721 argu-

1278 1731 1393 1765 mentis,
1415 1731 1546 1768 prodigiis
1566 1739 1617 1768 pro
1638 1731 1843 1768 experimentis.
1870 1732 1976 1760 Utinam
2004 1731 2125 1760 attende-

1279 1781 1341 1807 rent
1356 1778 1462 1812 ludaei,
1477 1778 1649 1807 attenderent
1664 1778 1777 1815 pagani,
1792 1786 1855 1806 cum
1870 1781 1974 1815 quanta
1988 1778 2126 1807 conscien-

1279 1825 1332 1853 tiae
1353 1825 1500 1854 securitate
1521 1833 1572 1861 pro
1597 1825 1648 1853 hac
1676 1828 1754 1861 parte
1781 1825 1815 1853 ad
1842 1825 1965 1853 divinum
1994 1825 2125 1853 iudicium

1279 1871 1432 1908 poterimus
1452 1871 1596 1900 accedere!
1619 1872 1713 1900 Nonne
1734 1879 1797 1900 cum
1812 1872 1886 1900 omni
1902 1872 2002 1900 fiducia
2016 1872 2072 1900 Deo
2085 1871 2125 1900 di—

1279 1926 1342 1947 cere
1363 1926 1525 1955 possumus:
1548 1918 1678 1952 Domine,
1700 1918 1721 1946 si
1744 1926 1823 1946 error
1845 1921 1902 1953 est,
1924 1926 1939 1947 a
1967 1921 1993 1947 te
2020 1918 2125 1955 decepti

1279 1973 1391 1998 sumus;
1413 1973 1476 1993 nam
1497 1965 1549 1993 ista
1570 1965 1597 1993 in
1618 1965 1696 1993 nobis
1724 1965 1806 1993 tantis
1833 1965 1918 2002 signis
1945 1968 1971 1994 et
1996 1965 2126 2002 prodigiis

1279 2012 1441 2041 confirmata
1461 2015 1526 2041 3001
1546 2014 1573 2040 01
1595 2012 1710 2046 talibus,
1732 2020 1803 2048 quae
1824 2020 1879 2040 non
1894 2012 1945 2051 nisi
1960 2020 2010 2049 per
2025 2015 2051 2041 te
2066 2012 2124 2041 fieri

1280 2062 1402 2095 possunt.
1425 2059 1504 2087 Certe
1525 2067 1541 2087 a
1561 2066 1684 2087 summae
1705 2059 1856 2087 sanctitatis
1877 2059 1944 2087 viris
1965 2061 2029 2087 sunt
2048 2058 2126 2087 nobis

1280 2105 1380 2133 tradita
1400 2108 1427 2134 et
1448 2113 1511 2133 cum
1533 2113 1641 2134 summa
1661 2107 1688 2133 et
1702 2105 1861 2133 authentica
1874 2105 2047 2134 attestatione
2062 2113 2125 2141 pro-

1280 2151 1358 2185 bata,
1379 2154 1405 2179 te
1427 2151 1486 2187 ipso
1507 2153 1675 2187 cooperante
1699 2154 1724 2178 et
1750 2158 1910 2178 sermonem
1937 2149 2126 2186 confirmante

1279 2197 1460 2235 sequentibus
1480 2197 1573 2234 siquis
1584 2197 1595 2213 ⁵
1606 2209 1632 2225 ».
1656 2213 1692 2217 —
1714 2197 1745 2225 Et
1765 2204 1815 2235 per
1830 2196 1882 2224 hoe
1896 2199 1971 2232 patet
1985 2196 2126 2232 responsio
2138 2201 2167 2228 Αᾷ
2181 2207 2220 2225 ari·
2235 2201 2264 2220 ¹³-
2284 2185 2285 2202 ³

1280 2244 1313 2272 ad
1335 2244 1380 2272 illa
1400 2247 1535 2281 quatuor,
1557 2251 1628 2280 quae
1650 2244 1747 2272 ultimo
1767 2243 1989 2279 quaerebantur:
2004 2242 2070 2279 quid
2084 2245 2125 2271 est
2149 2230 2266 2290 ξξξιῗεῗῗιῗῖ

1281 2291 1348 2319 11100
1369 2290 1443 2328 quod
1465 2290 1571 2319 fidelem
1593 2293 1684 2319 movet
1704 2289 1738 2318 ad
1759 2288 1942 2323 credendum,
1966 2289 2051 2318 Deum
2066 2297 2125 2318 esse
2149 2277 2188 2291 ω’

1281 2337 1385 2365 trinum
1406 2340 1433 2365 et
1454 2339 1562 2365 unum?
1771 2362 1777 2366 ,

1362 2385 1385 2412 1.
1408 2383 1445 2411 Ad
1466 2383 1533 2411 illud
1554 2391 1620 2420 ergo
1645 2382 1719 2420 quod
1750 2375 1839 2418 primo
1870 2381 2014 2410 obiicitur:
2045 2387 2255 2429 0100οὼ1110ιέ0»-

1281 2430 1361 2464 illud,
1376 2430 1456 2458 cuius
1471 2430 1641 2458 contrarium
1661 2429 1744 2457 dictat
1764 2427 1852 2456 omnis
1867 2428 1937 2456 ratio
1951 2431 2018 2462 etc.;
2033 2428 2124 2457 dicen-
2143 2415 2184 2434 ⁹⁰⁵¹
2204 2415 2252 2429 ’ω’

445 2612 453 2625 ²
471 2613 517 2635 cfr.
534 2614 549 2635 1.
567 2613 627 2634 Sent.
645 2613 667 2634 d.
686 2613 706 2634 2.
724 2618 747 2640 q.
765 2612 786 2638 4,
804 2612 918 2639 Breriloq.
935 2612 950 2633 l.
967 2618 987 2633 c.
1006 2612 1025 2634 4.

445 2650 453 2663 ²
471 2652 553 2673 Psalm.
576 2651 629 2677 ¹37,
651 2651 677 2672 6:
701 2651 813 2679 Quoniam
836 2651 939 2672 excelsus
960 2651 1071 2673 Dominus
1093 2654 1114 2672 et
1131 2649 1225 2678 humilia

384 2691 476 2718 respicit
493 2694 514 2712 et
532 2691 574 2712 alta
593 2696 605 2711 a
623 2691 691 2717 longo
709 2689 834 2716 cognoscit.
851 2701 881 2705 —
893 2688 935 2710 Pro
954 2688 1089 2717 diquitalem
1106 2689 1177 2711 ABG
1194 2687 1225 2710 di-

384 2730 531 2758 qnationem,
550 2729 589 2757 qui
607 2729 675 2750 etiam
693 2729 808 2756 aliquanto
826 2727 919 2749 inferius
937 2726 1225 2756 substituuntpromulqa-

384 2767 469 2790 tionem
488 2774 530 2795 pro
549 2766 713 2795 rulyntionem.

446 2804 455 2817 ³
484 2806 548 2827 Vei-s.
574 2806 594 2827 3.
620 2811 668 2833 seq.
695 2805 791 2832 Vulgata
816 2804 867 2825 voci
893 2803 967 2832 siquis
997 2804 1120 2831 praemittit
1149 2805 1224 2826 conte-

383 2845 460 2868 stante
478 2844 531 2866 Deo.

447 2881 456 2893 ⁴¹
474 2882 602 2909 nuspa-itur
619 2882 642 2903 ll.
659 2881 711 2904 Cor.
734 2882 770 2907 10,
789 2881 872 2907 ;“1’;(-1’1.
895 2887 964 2908 supra
988 2886 1041 2908 pag.
1064 2881 1105 2907 52,
1129 2884 1180 2902 nota
1203 2881 1225 2902 7.

1282 2610 1355 2637 Supra
1374 2616 1416 2637 pro
1433 2609 1488 2636 hoc,
1507 2608 1563 2638 quia
1580 2608 1679 2630 ABGH
1696 2607 1751 2634 hoc,
1771 2606 1844 2636 quod,
1862 2607 1881 2629 D
1898 2606 1966 2634 haec,
1985 2606 2054 2636 quod.
2071 2607 2125 2629 Inse-

1281 2648 1328 2670 rius
1346 2654 1388 2675 pro
1405 2647 1467 2671 sicut
1483 2648 1500 2669 Α
1510 2647 1526 2668 Β
1536 2647 1553 2668 E
1568 2646 1624 2669 sive.

1344 2685 1353 2697 ⁵
1371 2687 1438 2709 Marc.
1459 2687 1498 2712 16,
1515 2685 1553 2706 20.
1564 2696 1595 2700 —
1607 2685 1629 2706 ln
1648 2684 1725 2706 verbis
1741 2684 1847 2706 Richardi
1866 2686 1938 2706 textus
1956 2683 2072 2711 originalis
2089 2689 2124 2713 ye-

1281 2731 1326 2748 mis
1344 2732 1386 2753 pm
1403 2725 1484 2754 qy-apis
1507 2726 1550 2758 (iffi
1567 2727 1583 2749 F
1606 2728 1628 2746 et
1645 2724 1661 2745 B
1682 2730 1695 2745 a
1716 2723 1816 2745 secunda
1840 2728 1922 2749 manu,
1940 2722 1976 2744 alii
1999 2722 2120 2752 gravius),

1280 2763 1373 2787 utinam
1390 2765 1605 2795 animadverterent
1613 2762 1706 2793 papam*
1721 2768 1763 2790 pro
1775 2760 1922 2785 attenderent
1931 2761 2025 2790 payani
2040 2763 2124 2784 010071-

1281 2802 1375 2832 fidentia
1399 2804 1444 2826 Deo
1467 2803 1543 2826 dicere
1561 2802 1694 2833 poterimus
1711 2807 1753 2829 pro
1774 2799 1861 2831 fiducia
1880 2800 1926 2822 Deo
1948 2799 2027 2823 dicere
2040 2805 2123 2829 possu-

1281 2848 1343 2864 mus.
1366 2842 1408 2864 Pro
1431 2842 1608 2872 confirmatione
1630 2836 1704 2863 DG'H
1721 2839 1891 2870 affirmatione,
1914 2839 1929 2861 F
1946 2837 2124 2869 confirmatione

1282 2880 1318 2904 vel
1335 2880 1498 2910 affirmatione.
