2285 3398
815 168 846 195 lN
868 159 1087 195 {tEXAEMERON
1108 165 1271 194 COLLATlO
1293 168 1346 195 XV.

206 244 307 278 turris,
336 252 408 280 quae
437 247 561 281 tangeret
589 245 716 279 caeluin;
742 245 768 272 in
797 252 853 281 quo
881 243 1052 280 intelligitur,

204 290 278 328 quod
300 290 481 319 antichristus
502 291 555 319 erit
576 290 821 327 superbissimus,
851 290 888 318 ita
916 293 947 318 ut
968 289 1053 317 caetol-

205 338 286 366 latur
306 346 395 375 super
416 346 514 371 omne,
537 338 614 375 quod
635 337 745 365 (licitur
767 337 852 366 Dea-5:

284 384 310 413 3.
334 385 361 412 ln
384 384 465 413 tertio
486 384 634 420 mysterio,
649 384 753 413 scilicet
767 384 928 412 vocationis=
944 383 985 411 vel
1000 383 1054 411 ele-

100 437 191 455 Tertium-
205 432 304 460 ctionis
326 432 470 464 Patra-m,
494 431 619 467 signatur
635 439 683 467 per
702 431 781 465 Dan;
804 434 830 459 et
851 430 936 467 aliqui
959 429 1055 458 volunt

204 478 312 512 dicore,
333 478 408 515 quod
429 478 462 506 ad
486 478 605 506 litteram
628 478 681 506 erit
709 478 742 506 de
769 478 843 506 tribu
866 478 932 506 Dan.
954 477 1053 505 Utrum

204 528 297 553 autem
319 525 356 553 ita
377 525 426 559 sit,
450 533 502 553 non
532 524 664 553 auderem
693 525 848 558 allii-marm
877 527 997 552 attamen
1027 523 1053 551 in

205 572 384 608 Apocalypsi¹
409 571 499 600 tribus
520 571 577 599 Dan
604 579 657 599 non
687 571 820 607 signatur.
850 571 889 599 Dc
917 571 969 599 isto
996 570 1053 598 Dan

204 618 306 647 dicitur
329 619 355 646 in
377 618 493 647 Genesi:
517 618 585 645 Fiat
609 618 675 645 Dan
697 618 811 646 colaber
833 618 864 646 in
884 618 951 651 via,
974 625 1054 645 cera-

204 670 259 693 ..s-{cs
283 666 311 693 in
333 665 454 698 semita,
483 664 530 701 qui
553 664 696 693 abscondit
717 673 745 693 sc
769 665 794 693 in
817 665 929 698 sabulo,
953 668 983 692 ut
1011 672 1054 692 ca-

205 712 261 748 piat
288 720 353 740 aves
381 712 454 740 circa
482 719 511 739 se
540 712 680 745 volantes;
710 712 784 740 etin
808 712 859 740 hoc
883 711 1054 744 ostenditur,

205 759 277 795 quod
300 759 353 787 erit
374 758 678 795 fraudulentis-simas.
700 758 803 787 Mordet
818 761 910 786 autem
928 757 1055 795 anyalas

204 814 361 843 eqnorwn,
386 809 416 833 ut
437 805 525 833 cadat
546 813 683 833 ascensor
704 805 767 833 eius
790 809 960 833 reo-onemo.
990 804 1055 832 Cer-

205 855 263 880 tum
285 855 342 885 est,
368 852 441 888 quod
470 859 519 888 per
548 860 654 889 equam
682 852 854 888 significatur
883 850 1054 888 praedicator

205 899 342 933 veritatis,
363 907 412 936 per
426 898 571 935 anyulanz
592 898 764 935 significatur
786 898 917 934 perfectio
939 905 1055 934 cvange-

206 945 271 979 lica,
294 954 377 982 qnam
399 945 579 973 antichristus
601 944 782 981 impugnabit.
806 945 900 981 Equus
921 944 1010 978 enim,
1032 945 1053 972 si

205 1000 258 1020 non
281 992 364 1020 habet
385 992 516 1020 fixionem
538 992 674 1028 ungulae,
698 992 765 1020 nihil
785 991 863 1019 valet.
888 991 982 1027 loseph
1006 991 1054 1027 igi-

205 1042 251 1067 tur
273 1042 332 1067 crat
353 1047 416 1067 cum
439 1038 502 1067 filiis
523 1038 702 1072 ancillarum,
725 1038 771 1075 qni
795 1037 978 1066 vendiderunt
999 1037 1054 1065 sra-

205 1089 274 1114 trem
296 1094 398 1119 suum;
418 1086 475 1114 Dan
490 1088 583 1114 autem
598 1085 799 1122 primogenitus
813 1084 865 1112 suit
879 1084 1052 1112 ancillarum.

282 1133 309 1161 li.
333 1133 360 1161 ln
376 1136 476 1170 quarto
498 1132 630 1168 mysterio
640 1155 647 1165 ,
662 1132 765 1160 scilicet
779 1130 897 1159 laamas
910 1131 1002 1167 Leqis,
1017 1131 1053 1158 si-

95 1185 189 1208 euartum-
202 1184 304 1217 gnatur
326 1188 375 1217 per
393 1179 518 1208 Balaam
530 1180 557 1213 2,
573 1179 621 1216 qui
636 1179 711 1208 dedit
725 1178 875 1215 pessimum
890 1177 1052 1210 consilium,

203 1227 250 1264 qui
273 1227 324 1255 fuit
346 1227 504 1260 idololatra,
526 1229 553 1255 et
581 1226 644 1254 licet
672 1225 758 1254 multa
780 1225 851 1253 bona
871 1224 991 1257 diceret,
1014 1227 1052 1251 ta-

203 1282 266 1302 men
288 1282 351 1314 aras
371 1273 532 1302 aedificabat
553 1276 580 1301 et
601 1272 719 1309 auguria
734 1271 893 1309 quaerebat.
912 1271 942 1299 Et
957 1271 984 1299 in
1000 1271 1051 1299 hoc

204 1321 384 1358 significatur,
406 1320 480 1357 quod
505 1320 557 1349 erit
582 1320 729 1357 pessima-5
750 1318 907 1347 idololatra
928 1321 955 1347 et
976 1319 1052 1346 invo-

203 1372 278 1396 cator
299 1368 465 1396 daemonum
480 1378 485 1399 ;
508 1367 535 1395 in
551 1367 680 1395 Daniele:
703 1366 793 1394 Deam
808 1369 905 1393 autem
922 1365 1052 1393 Maozint

205 1415 235 1442 in
256 1415 315 1443 loco
336 1423 390 1442 sao
413 1413 607 1442 venerabitur.

282 1462 306 1489 ,5
330 1461 358 1489 In
380 1461 477 1497 quinto
497 1459 644 1496 mysterio,
664 1459 767 1487 scilicet
779 1459 989 1496 prostrationis
1004 1458 1052 1487 ho-

66 1513 155 1554 qunttum
169 1515 188 1531 et
201 1508 306 1541 stiunt,
322 1508 446 1544 signatur
461 1515 511 1543 per
526 1505 630 1534 Achan
641 1506 661 1540 ³,
676 1505 724 1543 qui
740 1506 850 1534 furatus
864 1506 917 1534 fuit
931 1506 965 1534 de
978 1514 1053 1534 ana-

88 1541 169 1555 mm'
202 1554 322 1583 themate
343 1557 370 1583 et
391 1551 519 1582 mortuus
540 1556 581 1582 est
602 1553 881 1587 excomnninicatus;
903 1556 931 1582 et
952 1553 979 1581 in
1002 1553 1053 1582 hoc

201 1602 387 1638 significatur,
409 1600 483 1638 quod
502 1600 555 1629 erit
570 1600 770 1628 avarissimus
785 1604 812 1628 et
826 1600 1051 1637 rapacissimus.

201 1665 237 1669 —
253 1649 279 1676 ln
299 1651 379 1677 sexto
401 1648 549 1685 mysterio,
565 1647 668 1677 scilicet
690 1647 904 1676 constitutionis
925 1647 967 1675 vel
989 1656 1052 1684 pro-

201 1695 329 1724 motionis
362 1695 512 1728 iadicam,
540 1695 666 1732 signatur
697 1702 748 1731 per
778 1692 975 1728 Abtmeteclffi,
1004 1694 1052 1730 qui

201 1742 375 1779 septuaginta
396 1742 496 1770 fratres
517 1741 646 1769 meliores
668 1748 696 1769 se
718 1740 870 1773 interfecit3
893 1742 920 1768 et
949 1740 975 1768 in
1001 1740 1053 1768 hoc

201 1788 381 1826 significatur,
404 1788 479 1825 quod
499 1788 552 1816 erit
574 1787 803 1815 crudelissimus.

280 1836 306 1864 6.
329 1835 356 1863 ln
379 1835 495 1871 septimo
516 1833 663 1870 mysterio,
686 1833 789 1862 scilicet
810 1833 989 1861 inunctionis
1010 1842 1053 1861 re-

58 1886 287 1929 Sflggffiffie²9um›
310 1882 435 1919 signatur
456 1889 506 1918 per
531 1880 646 1909 Goliam
674 1883 827 1909 armatum
838 1881 859 1914 ⁵,
882 1880 930 1917 qui
951 1888 1054 1917 expro-

170 1924 174 1928 ’
201 1929 299 1958 brabat
327 1928 483 1965 agminibus
511 1927 633 1955 filiorum
655 1927 745 1955 lsrael.
768 1927 825 1955 Erit
845 1927 917 1955 enim
938 1927 1054 1964 nzayni-

200 1975 275 2012 ficas
303 1975 329 2003 in
359 1974 563 2007 exterioribus,
588 1974 719 2011 loquetur
745 1974 827 2002 etiam
856 1974 1055 2011 blasphemiam

201 2024 298 2050 contra
319 2021 452 2057 populum
478 2020 534 2048 Dei.
555 2036 592 2040 —
613 2020 639 2048 [n
664 2023 761 2049 octavo
784 2020 930 2057 mysterio,
952 2020 1055 2049 scilicet

201 2067 386 2096 revelationis
407 2065 641 2103 Prophetarum,
664 2066 789 2103 signatur
810 2074 860 2103 per
881 2076 976 2104 regent
1001 2067 1054 2095 im-

266 2248 273 2260 ¹
291 2248 348 2276 Cap.
364 2245 390 2275 7,
410 2248 431 2270 4.
448 2254 514 2276 seqq.
532 2247 606 2273 Beda,
624 2247 639 2269 l.
656 2247 774 2275 Explanat.
791 2248 862 2275 Apoc.
880 2247 906 2275 7,
925 2248 951 2270 5:
963 2247 1051 2271 Conve-

202 2289 292 2311 nienter
309 2291 331 2311 et
348 2294 360 2310 a
378 2288 433 2310 luda
451 2288 554 2314 inchoat,
571 2292 597 2308 ex
615 2292 661 2315 qua
678 2286 737 2309 tribu
756 2289 820 2309 ortus
836 2289 871 2309 est
882 2287 995 2310 Dominus
1011 2294 1051 2310 no-

203 2331 260 2355 ster,
277 2330 299 2350 ct
316 2328 364 2350 Dan
382 2326 548 2355 praetermisit,
566 2332 593 2348 ex
609 2332 656 2354 quo
674 2325 756 2348 dicitur
778 2317 925 2349 antichristus
946 2333 996 2349 csse
1012 2333 1050 2349 na·

203 2368 314 2394 sciturus,
332 2366 391 2389 sicut
407 2366 519 2394 scriptum
537 2368 571 2387 est
587 2364 662 2395 [Gen.
679 2365 721 2393 49,
740 2365 806 2396 t7.]:
824 2366 872 2389 Fiat
888 2367 938 2389 Dan
954 2366 1050 2389 coluber

204 2407 226 2429 in
249 2407 285 2428 ria
307 2409 351 2428 etc.
372 2405 419 2428 Csr.
441 2406 550 2433 August„
571 2405 614 2434 Qq.
638 2405 661 2427 in
682 2405 747 2428 losue
764 2412 788 2434 q.
805 2406 852 2428 22:
870 2406 1050 2433 Verumtamen,

203 2452 257 2468 cum
274 2445 342 2467 lacob
364 2445 423 2467 tilios
445 2450 500 2467 suos
522 2443 681 2472 benediceret,
699 2445 750 2467 talia
768 2445 823 2467 dixit
839 2445 869 2468 de
886 2445 928 2467 isto
946 2446 1008 2473 Dan,
1026 2449 1051 2468 ut

204 2485 233 2507 de
250 2485 299 2513 ipsa
318 2483 377 2506 tribu
403 2484 544 2506 existimetur
569 2486 741 2507 exsurrecturus
767 2484 920 2507 antichristus.
945 2485 1050 2512 Hieron„

204 2523 309 2545 Hebraic.
332 2523 424 2551 Quat-st.
447 2522 469 2544 in
490 2522 547 2544 Gen.
564 2522 607 2549 49,
625 2522 662 2544 16.
679 2527 745 2552 seqq.
762 2524 823 2545 hunc
840 2523 916 2545 locum
934 2523 998 2545 aliter
1015 2529 1050 2545 ex-

204 2563 281 2591 ponit,
299 2564 321 2584 et
338 2561 430 2588 isidor.,
447 2560 579 2584 Comment.
595 2561 645 2583 sive
662 2561 753 2589 Quaest.
772 2561 795 2583 in
811 2562 868 2583 Gen.
885 2567 906 2583 c.
921 2562 957 2584 31.
975 2568 999 2584 n.
1013 2562 1051 2584 35.

204 2606 278 2629 seqq„
295 2601 365 2622 relata
388 2599 508 2627 opinione,
527 2599 657 2622 secundum
679 2606 750 2628 quam
772 2600 919 2622 antichristus
941 2607 968 2622 ex
990 2600 1051 2623 tribu

204 2639 254 2661 Dan
271 2638 300 2660 sit
316 2637 457 2665 nasciturus,
475 2637 593 2665 adiungit:
611 2637 652 2659 Alii
670 2637 699 2660 de
721 2638 788 2665 iuda,
806 2644 818 2660 a
835 2645 883 2667 quo
904 2639 1001 2661 traditus
1018 2642 1052 2661 est

204 2677 321 2703 Christos,
339 2677 395 2698 haec
413 2676 497 2704 scripta
520 2676 670 2703 pronuntiant
686 2678 729 2699 etc.
743 2677 785 2699 Alii
802 2683 858 2699 vero
876 2678 934 2700 hanc
952 2679 1052 2706 prophe-

205 2717 260 2738 tiam
283 2715 312 2737 ad
335 2715 494 2737 antichristum
517 2707 662 2737 transferunt.
678 2727 709 2732 -—-
725 2716 782 2738 Gen.
800 2716 842 2743 35,
859 2716 898 2739 25.
920 2723 987 2745 seq.:
1004 2717 1051 2739 Filii

205 2753 273 2775 Belae
290 2753 385 2775 ancillae
407 2753 526 2775 Rachelis:
545 2753 634 2778 Danet
650 2754 767 2782 Nephtali;
784 2754 822 2776 filii
839 2755 939 2783 zelphae
956 2756 1052 2778 ancillae

206 2792 273 2814 Liae:
291 2792 341 2814 Gad
358 2795 380 2814 et
397 2792 461 2814 Aser.

268 2830 277 2843 ⁸
295 2830 341 2853 Csr.
359 2832 425 2853 Num.
442 2837 463 2854 c.
480 2831 561 2854 22-24.
578 2832 637 2855 Vide
658 2832 766 2861 Origen.,
783 2833 808 2856 in>
828 2834 895 2857 Num.
917 2835 997 2857 homil.
1015 2835 1052 2857 13,

206 2876 283 2899 seqq.,
300 2872 322 2892 et
338 2870 449 2897 Atigust.,
460 2870 502 2899 Qq.
516 2870 539 2892 in
557 2871 623 2893 Num.
633 2864 664 2900 ’ῳ
681 2871 719 2894 47.
735 2878 801 2901 seqq.
812 2884 843 2889 —
860 2873 954 2895 inferius
971 2874 1052 2901 allega-

206 2913 243 2931 tur
260 2909 317 2931 Dan.
335 2908 371 2936 11,
389 2909 426 2931 38.
443 2908 488 2931 Ctr.
506 2909 598 2931 Hieron.
617 2910 639 2931 in
657 2911 719 2932 hunc
736 2911 821 2934 locum.

272 2946 276 2949 ”
296 2947 354 2970 Vide
371 2947 437 2969 losue
453 2947 480 2974 7,
499 2948 519 2970 1.
536 2954 603 2977 seqq.

1905 167 1960 195 399

1108 244 1262 279 pallentem
1274 245 1295 277 ⁰,
1317 245 1383 280 quia
1404 245 1471 272 sciet
1494 248 1657 281 argumenta
1686 248 1713 273 et
1742 245 1861 273 rationes
1890 244 1963 272 ultra

1112 289 1264 317 humanum
1287 290 1415 323 modum,
1431 290 1497 326 quia
1510 291 1563 319 crit
1578 290 1736 328 intelliyem*
1751 290 1963 327 propositiones

1110 337 1138 363 et
1159 335 1369 364 astutissimas.
1865 370 1868 371 .

1191 383 1216 410 7.
1232 383 1258 410 ln
1274 390 1346 411 nono
1361 383 1508 420 mysterio,
1524 384 1627 412 scilicet
1641 383 1870 412 restaurationis
1878 383 1962 420 prin-
1977 390 2049 423 uuam
2062 393 2080 408 οι

1111 429 1226 466 cipum,
1249 429 1375 465 signatur
1397 437 1445 466 per
1468 429 1684 464 Antae'ocltam⁷‚
1699 429 1747 467 qui
1762 429 1962 465 interpretatur
1982 413 2083 432 “mmm

1110 476 1258 505 silentiam
1284 477 1491 513 paupertatis,
1524 476 1570 513 qui
1599 476 1740 505 destruxit
1769 483 1864 504 omnes
1892 474 1963 512 [eyes

1113 522 1319 555 universaliter,
1349 522 1442 550 volens
1470 531 1553 550 unam
1576 522 1681 555 sacere3
1703 522 1750 559 qui
1776 522 1837 550 illos
1858 523 1962 558 septem

1111 570 1212 598 fratres
1233 569 1378 598 interfecit.
1400 569 1473 597 Fecit
1493 569 1575 598 etiam
1598 570 1671 606 quod
1688 569 1782 597 nullus
1795 576 1881 597 ausus
1895 567 1962 601 suit,

1111 616 1214 645 scilicet
1242 616 1386 644 destruere
1415 616 1501 653 legem
1524 617 1705 645 ludaeorum
1727 632 1763 636 -
1786 624 1884 644 verum
1905 619 1963 649 est,

1111 663 1185 700 quod
1208 664 1290 691 Amen
1312 663 1457 692 attentavit
1476 664 1603 702 ‘ludaeos
1630 663 1814 700 dis-perdere,
1840 662 1887 691 sed
1908 670 1963 690 non

1112 710 1267 747 praevaluit
1287 727 1325 730 —
1347 710 1373 739 in
1395 719 1452 747 quo
1472 710 1658 747 significatur,
1680 710 1753 747 quod
1776 710 1829 738 crit
1849 710 1963 738 destru-

1111 762 1173 787 ctor
1195 758 1263 798 lepis·
1285 757 1458 794 evangelicae
1472 761 1499 786 et
1513 758 1619 787 occisor
1634 757 1863 786 Christianorum.
1879 773 1919 778 -—
1933 756 1961 785 In

1111 805 1217 834 decimo
1238 805 1386 842 mysterio,
1401 805 1504 834 scilicet
1519 805 1724 842 redemptionis
1745 804 1910 838 hominum,
1925 804 1961 833 si-

1111 855 1212 889 gnatur
1240 860 1290 889 per
1319 852 1427 880 ludam
1452 852 1633 889 proditorem
1645 852 1664 880 Β.
1695 852 1751 880 Erit
1778 852 1851 881 enim
1878 850 1961 879 mali-

1110 899 1280 936 quissimus.

1190 946 1216 974 8.
1233 946 1261 973 ln
1276 945 1408 982 mysterio
1423 945 1583 979 undecimo,
1599 945 1703 974 scilicet
1716 944 1883 983 diffusionis
1894 944 1962 974 cha-
1972 951 2095 994 gfqoucgffoqzin

1111 992 1287 1026 risinatum,
1303 993 1429 1030 signatur
1452 1000 1501 1029 per
1517 992 1662 1021 Simonem
1683 1001 1806 1029 massam
1817 992 1837 1026 ⁹,
1852 992 1900 1029 qui
1914 1000 1962 1020 vo-
1975 1004 2032 1017 mum.

1112 1038 1162 1066 luit
1190 1046 1282 1066 emere
1304 1038 1436 1074 Spiritum
1467 1041 1593 1066 sanctum
1619 1042 1645 1067 et
1673 1038 1699 1066 in
1729 1039 1816 1066 altum
1841 1038 1963 1067 ascendit

1110 1088 1137 1113 ct
1159 1087 1253 1121 postea
1274 1084 1387 1118 cecidit,
1409 1085 1457 1121 qui
1479 1084 1627 1113 daemones
1648 1085 1792 1113 invocavit.
1816 1085 1873 1113 Erit
1888 1085 1961 1113 enim

1109 1131 1370 1165 mendacissima-5,
1392 1135 1424 1160 ut
1445 1135 1537 1160 veniat
1558 1132 1585 1159 in
1601 1131 1685 1168 signis
1699 1135 1726 1159 et
1741 1131 1872 1168 prodigiis
1886 1139 1962 1160 men-

1109 1178 1232 1206 dacibus.
1254 1195 1293 1198 -—
1315 1178 1342 1205 ln
1364 1178 1497 1214 mysterio
1517 1178 1696 1211 duodecimO,
1722 1178 1825 1206 scilicet
1850 1187 1962 1206 resera-

1110 1224 1197 1252 tionis
1216 1224 1464 1261 Sestiptararunz,
1479 1224 1605 1261 signatur
1627 1232 1676 1260 per
1698 1224 1819 1252 bestiam
1844 1224 1963 1263 aoy-ssa-

1110 1271 1164 1299 lenz
1184 1271 1242 1300 sive
1263 1270 1456 1299 ascendentem
1471 1270 1505 1299 de
1520 1270 1619 1307 abysso
1632 1271 1671 1304 ¹⁰,
1693 1279 1765 1308 quae
1785 1272 1877 1300 omnia
1898 1270 1963 1300 con-

1109 1318 1207 1346 culcat.
1236 1317 1294 1346 Erit
1321 1317 1393 1346 enim
1423 1321 1646 1345 consummatus
1674 1318 1705 1346 in
1733 1318 1814 1347 omni
1837 1318 1962 1347 malitia.

1109 1364 1223 1393 Habebit
1251 1364 1324 1393 enim
1349 1368 1455 1401 septem
1480 1364 1596 1401 capita,
1618 1364 1645 1393 id
1674 1368 1715 1393 est
1743 1365 1835 1393 omnia
1861 1373 1963 1402 genera

1110 1411 1231 1440 tentandi
1253 1415 1280 1439 et
1301 1419 1398 1440 omnes
1419 1411 1529 1444 modos,
1556 1419 1629 1440 nunc
1658 1419 1708 1448 per
1736 1411 1860 1446 divitias,
1888 1420 1963 1441 nunc

1109 1466 1159 1495 per
1181 1458 1248 1487 salsa
1270 1458 1421 1492 miracula,
1444 1466 1517 1486 nunc
1539 1466 1589 1494 per
1618 1461 1723 1487 metum
1751 1462 1801 1487 etc.
1831 1459 1906 1488 Unde
1934 1459 1961 1487 in

1110 1505 1174 1534 lob:
1198 1505 1325 1543 Stringit
1345 1505 1474 1533 caudam
1501 1505 1590 1543 (lilasi
1617 1505 1754 1539 cedrum,
1781 1505 1847 1542 quia
1874 1506 1901 1534 in
1930 1514 1962 1535 eo

1110 1552 1308 1581 conflabuntur
1328 1559 1424 1580 omnes
1444 1551 1582 1585 malitiae,
1611 1555 1637 1580 et
1665 1552 1737 1580 sicut
1762 1552 1889 1581 Christus
1916 1553 1962 1581 ha-

1110 1599 1171 1628 buit
1185 1598 1277 1627 omnia
1299 1598 1481 1632 charismata,
1504 1601 1535 1626 ut
1556 1601 1656 1627 natura
1677 1601 1800 1627 assumta
1814 1599 1904 1635 potuit
1917 1608 1961 1628 ac-

1110 1647 1218 1682 cipere;
1241 1646 1279 1674 sic
1301 1645 1346 1674 ille
1366 1653 1461 1673 omnes
1482 1645 1600 1673 malitias
1622 1645 1742 1674 habebit.

1189 1693 1214 1720 9.
1238 1692 1281 1720 Sic
1303 1691 1387 1728 igitur
1409 1691 1554 1728 Scriptura
1574 1686 1696 1728 explicat
1717 1692 1849 1728 paulatim
1865 1700 1961 1729 proce·
1974 1700 2071 1724 Epilogus.

1109 1738 1214 1772 dendo,
1237 1738 1376 1775 quomodo
1397 1738 1579 1767 antichristus
1600 1738 1653 1766 erit
1674 1738 1765 1775 primo
1786 1738 1961 1767 immundis-

1109 1786 1204 1814 simas
1232 1788 1283 1814 etc.
1312 1785 1387 1814 Unde
1415 1786 1496 1814 iuxta
1524 1785 1637 1823 azynum
1664 1786 1742 1814 vitae
1768 1788 1828 1815 erat
1849 1786 1962 1823 lignum

1109 1833 1247 1861 scientiae
1268 1832 1335 1861 boni
1349 1836 1375 1861 et
1387 1832 1462 1861 mali
1472 1834 1495 1849 ¹¹
1509 1843 1519 1866 ,·
1540 1833 1606 1870 quia
1627 1833 1678 1862 iste
1692 1833 1836 1870 promittet
1850 1833 1922 1862 bona
1935 1836 1962 1862 et

1110 1880 1186 1908 dabit
1199 1880 1278 1908 mala.
1291 1879 1367 1909 Unde
1378 1879 1514 1908 efficietur
1525 1888 1652 1917 serpens,
1664 1880 1756 1909 draco
1770 1883 1798 1909 et
1812 1880 1910 1909 bestia.
1925 1897 1961 1901 —

1111 1927 1139 1955 ln
1159 1927 1290 1955 omnibus
1315 1927 1373 1955 istis
1401 1926 1541 1963 mysteriis
1562 1926 1806 1964 correspondentia
1826 1930 1868 1955 est
1889 1927 1962 1955 Patri

1110 1977 1138 2002 et
1165 1974 1230 2002 Filio
1256 1977 1283 2002 et
1312 1973 1424 2010 Spiritui
1457 1977 1568 2007 sancto,
1596 1974 1662 2011 quia
1690 1974 1809 2002 Trinitas
1839 1974 1962 2003 maxime

1109 2021 1191 2050 debet
1215 2021 1353 2058 refulgere
1377 2021 1405 2049 in
1428 2020 1558 2049 omnibus
1585 2021 1717 2057 operibus
1739 2021 1839 2049 horum
1861 2024 1962 2057 myste-

1111 2075 1226 2096 riorum.

1170 2247 1180 2260 ⁴
1197 2249 1230 2271 De
1251 2254 1298 2277 quo
1321 2249 1392 2271 lodic.
1410 2249 1437 2275 9,-
1455 2249 1477 2271 ¹1.
1497 2254 1563 2277 seqq.
1580 2248 1627 2271 Csr.
1648 2247 1741 2276 isidor„
1758 2248 1889 2272 Comment.
1910 2249 1960 2271 sive

1108 2288 1202 2316 Quaest.
1220 2288 1243 2309 in
1260 2287 1331 2310 ludic.
1347 2293 1367 2310 c.
1385 2288 1405 2310 6.
1424 2294 1448 2310 n.
1465 2288 1487 2310 3.
1504 2293 1572 2316 seqq.

1170 2324 1180 2338 ⁶
1197 2325 1244 2349 Csr.
1260 2326 1275 2348 1.
1292 2326 1350 2354 Reg.
1368 2326 1410 2353 47,
1429 2326 1450 2348 4.
1468 2332 1534 2354 seqq.
1552 2321 1617 2348 Vide
1631 2326 1703 2354 Apoc.
1722 2327 1763 2353 13,
1782 2326 1803 2348 1.
1820 2332 1899 2355 seqq.‚
1918 2325 1959 2348 ubi

1109 2365 1138 2387 de
1155 2364 1227 2387 bestia
1244 2364 1421 2393 blasphemante
1438 2365 1512 2387 Deum
1530 2367 1553 2387 et
1570 2365 1673 2387 Sanctos.

1170 2402 1181 2416 ⁶
1197 2404 1255 2426 Dan.
1268 2404 1295 2431 8,
1307 2404 1349 2426 23:
1362 2405 1388 2427 Et
1400 2407 1453 2432 post
1464 2409 1563 2432 regnum
1576 2403 1670 2431 eorum,
1682 2409 1735 2426 cum
1749 2404 1864 2426 creverint
1880 2404 1960 2432 iniqui-

1110 2446 1180 2471 tates,
1197 2446 1323 2471 consurget
1334 2449 1374 2466 rex
1386 2443 1511 2471 impudens
1529 2443 1585 2465 facie
1602 2445 1624 2465 et
1640 2442 1770 2470 intelligens
1781 2442 1959 2470 propositiones.

1171 2482 1180 2495 ⁷
1198 2483 1258 2506 Vide
1275 2483 1289 2506 l.
1307 2482 1411 2506 Machab.
1430 2483 1451 2511 vl,
1469 2483 1511 2506 43:
1528 2483 1555 2505 Et
1571 2483 1663 2511 scripsit
1687 2488 1726 2505 rex
1748 2482 1874 2505 Antiochus
1895 2483 1959 2505 omni

1108 2529 1182 2551 regno
1199 2529 1255 2550 suo,
1273 2525 1297 2545 ut
1313 2526 1374 2545 esset
1390 2523 1466 2545 omnis
1484 2520 1675 2550 populus'unus,
1692 2524 1715 2544 et
1735 2522 1874 2551 relinqueret
1891 2528 1960 2544 unus-

1107 2563 1208 2592 quisque
1225 2563 1300 2590 legem
1319 2568 1398 2590 suam,
1416 2558 1472 2584 ibid.
1490 2562 1513 2584 ll.
1530 2561 1557 2588 7,
1571 2562 1593 2584 1.
1605 2561 1634 2583 de
1646 2561 1803 2583 intersectione
1815 2564 1904 2589 septem
1917 2561 1959 2583 sra-

1109 2605 1178 2624 trum.
1186 2613 1218 2617 —
1226 2601 1307 2623 Glossa
1318 2600 1444 2624 ordinaria
1458 2600 1543 2629 (sumta
1554 2606 1582 2622 ex
1594 2599 1700 2629 Rabano)
1713 2600 1734 2621 in
1746 2599 1762 2622 1.
1771 2598 1875 2622 Machab.
1886 2600 1907 2626 1,
1917 2599 1958 2622 63;

1109 2641 1272 2668 iuterpretatur
1299 2642 1376 2662 autem
1405 2640 1531 2662 Antiochus
1555 2638 1706 2668 paupertatis
1732 2637 1862 2668 silentium.
1878 2650 1909 2655 -
1926 2638 1959 2660 De

1109 2679 1182 2701 Aman
1200 2679 1241 2701 cfr.
1259 2679 1339 2701 Esther
1355 2684 1375 2701 c.
1393 2679 1415 2701 3.
1432 2683 1497 2707 seqq.

1172 2716 1181 2730 ³
1198 2717 1245 2741 Cir.
1261 2718 1339 2741 Matth.
1356 2718 1399 2745 26,
1419 2717 1456 2740 14.
1472 2724 1537 2746 seqq.

1172 2754 1182 2768 ⁹
1199 2757 1232 2779 De
1248 2763 1296 2786 quo
1313 2756 1361 2779 Act.
1379 2757 1406 2782 8,
1424 2756 1446 2778 9.
1463 2762 1530 2785 seqq.
1551 2756 1584 2778 De
1606 2756 1656 2778 eius
1678 2761 1775 2777 ascensu
1798 2758 1821 2777 et
1842 2760 1898 2777 casu
1916 2756 1958 2777 cfr.

1109 2789 1234 2823 Clementss,
1251 2795 1288 2818 Vl.
1304 2795 1426 2818 Constitut.
1443 2795 1562 2823 apostolic.
1580 2794 1648 2824 (inter
1665 2800 1736 2822 opera
1753 2793 1886 2822 Clementis)
1899 2799 1918 2815 c.
1932 2794 1957 2820 9;

1109 2834 1205 2866 Arnob„
1214 2835 1238 2857 11.
1247 2834 1360 2857 adversus
1369 2834 1460 2861 Gentes,
1470 2840 1490 2856 c.
1500 2834 1528 2856 12
1536 2842 1542 2861 ;
1551 2833 1710 2861 Ambros.,lV.
1719 2833 1854 2855 Hexaem.c.
1862 2832 1884 2854 8.
1891 2838 1913 2854 n.
1920 2832 1958 2854 33.

1174 2871 1193 2885 ¹⁰
1206 2863 1284 2901 Apoc.
1296 2873 1333 2900 vlt,
1344 2873 1366 2896 7.
1379 2872 1436 2895 ibid.
1449 2873 1491 2900 13,
1504 2873 1512 2894 1
1525 2880 1530 2894 :
1547 2873 1574 2894 Et
1590 2872 1637 2894 vidi
1650 2871 1680 2894 de
1691 2872 1748 2894 mari
1766 2870 1862 2893 bestiam
1881 2875 1957 2892 ascen-

1110 2912 1216 2938 dentem,
1228 2911 1351 2934 habentem
1364 2912 1439 2939 capita
1451 2914 1540 2939 septem
1552 2914 1596 2933 etc.
1605 2923 1635 2928 —
1646 2912 1699 2939 Seq.
1708 2911 1772 2933 locus
1782 2911 1816 2932 est
1824 2908 1864 2931 lob
1874 2908 1910 2935 40,
1922 2908 1957 2930 1-2.

1174 2949 1192 2963 ¹¹
1210 2951 1268 2973 Gen.
1284 2952 1311 2978 2,
1329 2951 1350 2973 9.
