2285 3398
807 171 838 200 ΙΝ
860 163 1080 199 ΙΙΕΧΑΕΜΕΗΟΝ
1101 168 1264 198 COLLATlO
1287 171 1324 199 111,

182 248 355 285 Eyredietur
376 247 410 276 ‹te
431 248 532 277 radice
555 249 644 283 lesse,
670 253 694 277 et
714 249 769 278 erit
794 249 909 278 iat-tilia
930 248 1032 286 cinqu—

180 294 241 323 lam
263 295 430 324 intimorum
450 296 529 329 eius:
549 305 608 324 stum
628 296 790 325 sec-umam
810 296 950 325 vis-ionem
964 303 1032 324 ocu-

181 342 277 371 lorum
299 342 443 371 imticabtc
462 351 553 381 neque
572 343 734 372 secunaum
755 343 893 371 auditum
907 343 1032 371 auriam.

180 393 292 426 amuel.
327 389 397 426 Ergo
429 390 490 418 talis
521 393 563 418 est
592 390 680 424 Deus,
703 390 784 427 quia,
806 390 827 419 si
850 393 922 419 esset
943 398 1032 426 purus

52 442 166 461 Nomadum.
181 437 279 470 homo,
296 445 348 465 nou
365 439 456 473 posset
477 436 599 466 iudicare
615 437 666 466 nisi
682 445 731 474 per
747 440 837 466 testes,
854 453 890 458 -
906 437 943 465 Ad
960 436 1031 466 istud

181 483 313 512 iudicium
335 484 497 513 referuntur
517 484 610 512 omnia
624 484 725 513 iudicia
739 484 914 521 Sei·ipturac;
930 487 957 512 et
972 483 1032 512 ideo

40 530 282 564 uomenpntdicitur
301 531 438 568 princeps
457 531 550 568 pacis.
573 531 649 559 Unde
663 531 745 560 abeo
766 534 878 560 manant
893 531 1032 569 praemia

63 565 165 607 ρὲῗιῗῖῗέῗιὲ-
181 578 269 606 iuxta.
284 595 318 598 -
336 578 386 606 lste
397 586 464 614 ergo
477 578 573 606 Davitl
584 577 667 606 habet
681 578 806 612 elavem,
822 578 874 616 qai
887 578 993 614 aperit,
1008 580 1032 606 et

181 632 264 652 nemo
285 624 411 658 clauda,-
432 624 561 659 clandit,
583 628 608 652 et
639 633 722 653 mmo
743 625 839 662 aperit
855 626 872 652 ¹.
896 625 928 653 Et
949 624 1033 653 clavis

183 671 234 699 ista
255 674 296 699 est
316 671 490 708 'iitystet’iztm
511 671 638 699 unionis.

263 719 308 746 22.
331 718 423 747 Tertia
444 718 528 747 clavis
549 721 590 746 est
606 718 761 747 intellectus
783 718 866 747 Verbi
878 718 1033 755 inspirati,

81 771 127 790 Pars
140 771 169 789 1¹¹-
184 773 233 801 per
255 765 327 802 quod
350 765 443 793 onmia
475 765 651 799 revelantur;
674 774 728 793 non
756 765 829 794 enim
852 766 882 793 fit
903 765 1034 794 revelatio

50 818 171 846 ,heiligen—
185 813 235 841 nisi
258 821 308 849 per
330 813 452 841 Verbum
474 812 646 849 inspiratum.
669 813 763 841 Daniel
780 813 916 841 intellexit
930 820 1035 841 sermo-

41 844 70 884 ss'sat
78 846 171 884 ῗῃῐῗὲἓω
184 867 255 888 nem.
281 860 469 897 lratvllzffentffl.
489 860 564 889 enim
578 868 649 896 opus
663 863 705 889 est
720 860 746 888 in
763 860 874 889 visione.
891 860 945 888 Nisi
961 860 1034 888 enim

185 907 301 935 verbum
317 911 395 936 sonet
409 907 435 935 in
451 915 519 936 aure
533 906 637 941 cordis,
653 907 783 944 splendor
798 907 888 936 luceat
902 907 928 935 in
941 907 1034 940 oculo⁷

184 961 269 990 vapor
283 956 310 982 et
325 954 461 982 emanatio
474 953 670 990 omnipotentis
691 954 726 982 sit
741 954 767 982 in
783 953 898 987 olfacto,
913 953 1036 981 suavitas

185 1001 211 1029 in
240 1004 339 1038 gustu,
361 1000 567 1037 sempiternitas
598 1001 710 1037 impleat
738 1001 875 1034 animuum
908 1008 962 1028 uon
994 1003 1035 1029 est

185 1047 267 1075 homo
294 1051 376 1084 aptus
407 1047 441 1076 ad
472 1047 663 1084 intelligendas
685 1047 811 1076 visiones.
841 1046 892 1075 Sed
921 1047 1036 1075 Danieli

184 1094 260 1122 (ledit
297 1095 373 1123 Deam
408 1093 627 1132 intelligentiam
662 1094 794 1123 omnium
828 1093 976 1122 visionum
1011 1096 1036 1121 et

184 1141 366 1169 sommiorum
379 1141 398 1169 ²².
421 1141 472 1170 Per
492 1140 580 1178 quid?
603 1141 652 1170 Per
674 1141 797 1170 Verbum
820 1140 994 1177 inspiratum.

264 1189 309 1217 23.
333 1189 407 1217 Visio
428 1192 520 1217 autem
542 1192 583 1217 est
604 1189 724 1226 triplex,
745 1191 777 1217 ut
791 1188 976 1217 eomnuiniter
994 1187 1035 1216 di-

73 1240 126 1283 νῑῗῐο
139 1240 171 1259 tri·
183 1235 256 1263 citur
268 1235 294 1263 ³:
317 1235 497 1272 corporatis,
520 1235 719 1273 imayinaria,
734 1234 942 1264 intellectualis.
958 1234 1035 1263 Duae

88 1269 138 1289 βω
183 1282 289 1319 primae
310 1282 379 1311 nihil
401 1282 492 1311 valent
513 1282 571 1311 sine
601 1283 689 1311 tertia.
713 1282 787 1311 Unde
816 1289 915 1318 parum
949 1281 1036 1310 valuit

183 1329 334 1358 Balthasari
357 1329 426 1358 visio
446 1330 599 1366 corporalis
620 1330 647 1358 iu
670 1329 774 1357 visione
797 1336 911 1363 manus,
936 1332 963 1357 et
984 1328 1035 1356 Na-

182 1376 395 1405 buchodonosor
427 1377 495 1405 visio
526 1376 688 1413 imaginaria
719 1378 826 1404 statuae
856 1383 975 1410 aureae,
1008 1379 1035 1404 et

183 1423 316 1452 Pharaoni
339 1424 407 1453 visio
429 1424 455 1452 iu
477 1424 560 1461 spicis
581 1426 608 1452 et
630 1423 733 1457 bobus,
755 1422 803 1451 sed
818 1422 922 1451 Danieli
946 1426 973 1451 et
996 1423 1035 1451 lo-

182 1471 258 1507 seph.
282 1471 377 1508 loseph
400 1470 548 1507 respondet
571 1470 675 1503 loanni,
698 1469 793 1498 Daniel
815 1470 907 1498 Paulo.

262 1518 308 1546 24.
332 1518 442 1546 Praeter
463 1517 513 1546 lias
533 1520 575 1545 est
606 1517 675 1545 visio
706 1517 874 1553 sextuplex,
896 1525 968 1554 quae
992 1525 1034 1546 re—

40 1570 90 1590 Modi
113 1571 124 1589 ⁶
144 1571 171 1589 vi·
183 1565 298 1602 spondet
319 1565 451 1602 operibus
472 1572 521 1593 sex
543 1564 666 1598 dierum;
682 1564 786 1601 quibus
800 1564 898 1593 minor
913 1564 1035 1593 mundus

50 1599 169 1637 ῗῖἷῗέἓοῗὲἓῖ
182 1611 213 1640 fit
234 1611 387 1648 perfectus,
409 1611 481 1640 sieut
501 1611 600 1640 mator
621 1611 743 1640 mundus
765 1619 816 1640 sex
836 1611 935 1640 diebus
946 1613 966 1640 ⁴.
990 1612 1035 1640 Est

52 1644 115 1661 ΜΝ
184 1658 251 1687 visio
273 1658 468 1695 intelligentiae
486 1667 541 1695 per
561 1662 705 1687 naturam.
726 1659 852 1693 imlitae,
868 1662 895 1687 et
910 1659 979 1688 visio
994 1659 1034 1688 in-

184 1706 348 1742 telligentiae
373 1714 427 1743 per
454 1705 541 1743 fidem
568 1706 751 1741 salamitae,
770 1715 824 1744 per
846 1707 1033 1744 Seriptztram

182 1753 331 1788 eraclitae,
344 1757 399 1790 pet·
420 1753 686 1790 contemplationem
707 1762 882 1791 suspensae,
895 1762 950 1791 per
964 1762 1035 1791 pro-

180 1798 310 1837 phetiam
331 1799 513 1834 illustratae,
532 1808 586 1837 per
606 1804 728 1837 raptum
753 1801 785 1829 in
814 1801 907 1829 Deam
934 1800 1035 1829 absor-

179 1851 256 1884 ptae.
279 1847 316 1875 Ad
339 1847 388 1876 has
410 1847 538 1884 sequitur
560 1847 628 1875 visio
646 1847 763 1884 septima
776 1847 884 1876 animae
898 1847 1035 1885 glorifica-

184 1898 242 1929 tae,
264 1902 334 1932 quas
354 1902 451 1923 omnes
473 1894 570 1922 habuit
585 1894 694 1923 Paulus.
712 1910 748 1915 -
764 1894 870 1923 Primae
884 1894 955 1923 duae
970 1898 1036 1924 sunt

183 1942 354 1976 multorum,
375 1941 446 1970 duae
468 1941 537 1970 aliae
558 1949 728 1978 paucorum,
749 1941 801 1970 hae
829 1942 944 1971 ultimae
963 1942 1035 1971 duae

183 1989 417 2026 paucissimorum
429 1989 449 2017 ⁵.

263 2037 308 2064 25.
331 2036 381 2064 Per
402 2036 521 2073 primam
544 2035 721 2073 intelligitur,
736 2035 769 2064 ad
791 2036 858 2073 quid
881 2039 970 2073 potest
984 2045 1034 2066 ex-

40 2089 170 2138 Deprfflssiss‘?
183 2083 256 2112 tendi
278 2086 374 2112 nostra
394 2082 574 2120 intelligentia
594 2082 628 2111 de
649 2090 686 2111 se.
708 2082 779 2111 llaec
799 2083 963 2121 intelligitur
984 2091 1034 2121 per

64 2137 151 2156 nemum.
183 2131 301 2168 primam
316 2129 404 2163 diem,
420 2130 447 2158 in
463 2138 519 2167 qua
531 2128 614 2167 faeta
629 2133 669 2158 est
680 2129 731 2158 lum
743 2130 770 2164 ⁰;
784 2130 857 2159 unde
872 2130 898 2159 in
914 2131 1033 2160 Psalmo:

184 2177 341 2215 Siynatam
362 2181 402 2206 est
422 2180 512 2214 'saper
532 2185 585 2205 nos
604 2176 701 2205 lamen
713 2177 813 2206 vultus
827 2177 888 2212 lui,
904 2177 1032 2215 Domine.

184 2225 247 2253 Sine
268 2225 320 2253 isto
342 2224 446 2253 lumine
466 2224 553 2253 indito
574 2223 642 2252 nihil
664 2223 747 2253 habet
761 2224 859 2258 homo,
882 2232 932 2254 nec
950 2224 1032 2254 fidem

184 2280 235 2301 nec
256 2272 372 2309 gratiam
394 2279 445 2300 nec
466 2271 559 2300 lumen
581 2271 745 2308 sapientiae;
767 2274 795 2300 et
808 2271 869 2300 ideo
889 2271 978 2301 divisa
991 2274 1033 2301 est

184 2319 265 2348 etiam
289 2319 338 2348 lux
360 2327 376 2347 a
398 2318 528 2347 tenebris.

248 2464 255 2478 ¹
274 2467 346 2494 Apoc.
366 2466 392 2492 3,
409 2464 439 2487 7:
457 2465 501 2493 Qui
518 2463 588 2487 habet
605 2465 695 2487 elavem
712 2465 799 2494 David,
815 2466 855 2495 qui
873 2466 947 2495 aperit
964 2469 1007 2489 etc.

247 2504 256 2517 ²
275 2505 332 2527 Dan.
354 2505 375 2532 1,
397 2504 434 2526 17.
450 2516 482 2521 -
499 2504 611 2532 Superius
633 2504 754 2532 respicitur
777 2505 830 2534 Sap.
847 2505 871 2533 7,
888 2505 936 2528 25:
955 2506 1035 2534 Vapor

185 2549 219 2568 est
235 2546 297 2568 enim
316 2543 453 2574 [sapientia]
472 2543 563 2566 virtutis
579 2543 620 2565 Dei
638 2546 660 2566 et
676 2544 790 2567 emanatio
806 2545 923 2574 quaedam
940 2548 976 2568 est
992 2546 1035 2568 cla-

184 2585 256 2608 ritatis
272 2583 438 2612 omnipotentis
454 2583 494 2605 Dei
512 2583 611 2606 sincera.

248 2622 257 2636 Β
275 2623 409 2646 Secundum
426 2622 537 2650 August,
549 2622 597 2644 Xll.
608 2622 638 2645 de
654 2622 712 2645 Gen.
729 2622 758 2645 ad
771 2622 802 2645 lit.
816 2628 837 2646 c.
849 2623 870 2646 6.
882 2629 906 2646 n.
919 2623 957 2646 15.
968 2629 1035 2652 seqq.

185 2663 231 2686 Cfr.
248 2669 318 2691 supra
335 2668 391 2690 pag.
408 2661 466 2688 260,
483 2663 537 2683 nota
557 2661 578 2684 1.
594 2673 626 2678 -
642 2661 739 2684 Inferius
754 2662 877 2691 respicitur
893 2663 949 2685 Dan.
968 2663 995 2690 5,
1012 2663 1034 2685 6.

185 2709 266 2732 seqq.;
285 2701 341 2725 ibid.
358 2702 384 2729 2,
402 2701 440 2723 31.
457 2706 523 2729 seqq.
540 2703 563 2723 et
578 2701 635 2723 Gen.
653 2701 696 2729 41,
714 2702 735 2724 1.
752 2707 818 2731 seqq.

248 2740 258 2754 ⁴
275 2741 322 2764 Cfr.
338 2740 454 2768 Breviloq.
472 2746 495 2767 p.
514 2740 536 2762 11.
554 2745 575 2762 e.
592 2740 622 2767 2,
639 2739 782 2762 ltinerarium
800 2741 884 2764 mentis
901 2741 924 2763 in
946 2742 1034 2769 Deum,

186 2788 205 2804 ‹·.
224 2782 245 2804 l.
262 2788 286 2804 n.
303 2781 324 2803 5.
342 2783 365 2803 et
381 2786 401 2803 c.
412 2780 434 2802 Τ.
447 2786 469 2802 n.
483 2780 507 2807 r13
520 2779 550 2801 de
561 2779 659 2803 Reduci.
671 2780 754 2803 artium
769 2780 798 2803 ad
810 2781 965 2809 theologiam,
976 2787 1001 2804 n.
1012 2781 1035 2804 7.

249 2819 258 2832 ⁵
275 2821 331 2843 Istae
348 2826 387 2842 sex
404 2819 505 2841 visiones
523 2821 577 2840 sunt
592 2821 769 2847 argumentum,
786 2820 851 2848 quod
868 2820 890 2842 in
908 2826 974 2849 seqq.
991 2821 1035 2842 col-

186 2859 310 2883 lationibus
332 2861 449 2882 tractatur.
466 2858 498 2880 De
516 2858 590 2886 prima
613 2858 689 2886 agitur
706 2859 729 2881 in
746 2859 798 2882 coll.
815 2859 868 2887 4-7;
885 2859 915 2882 de
931 2860 1034 2882 secunda

187 2900 209 2922 in
227 2899 278 2921 coll.
297 2899 365 2925 8-123
377 2898 406 2920 de
418 2898 482 2920 tertia
501 2898 524 2919 in
541 2897 591 2920 coll.
605 2897 675 2920 13-19
682 2906 688 2925 5
701 2897 730 2920 de
747 2899 828 2926 quarta
845 2898 868 2920 in
886 2899 937 2921 coll.
955 2899 1034 2922 20-23.

188 2938 302 2961 Tractatio
320 2937 413 2966 quintae
425 2939 447 2959 et
458 2939 535 2959 sextae
551 2936 648 2958 visionis
665 2936 742 2958 deficit
759 2935 790 2958 ob
806 2936 920 2959 rationem
932 2940 1033 2960 notatam

187 2978 209 3000 in
228 2976 385 3000 additamento
402 2975 431 2997 ad
449 2975 562 2998 ultimam.

1879 172 1935 201 31⁸7

1168 248 1214 276 26.
1239 249 1363 277 Secunda
1378 249 1541 286 intelligitur
1557 257 1606 286 per
1621 251 1769 279 secundam
1784 250 1873 284 diem,
1890 250 1936 279 ubi
1951 255 1978 274 De
1988 255 2077 274 secunda-

1089 296 1191 324 factum
1213 299 1254 324 est
1275 296 1495 333 firmamentum
1516 297 1548 324 ln
1568 297 1662 325 medio
1674 297 1692 326 ⁷.
1710 297 1763 326 lloe
1779 298 1937 326 firmamen-

1089 344 1148 370 tum
1170 345 1211 370 est
1233 342 1300 371 tides
1320 346 1347 371 et
1368 343 1465 371 dividit
1496 352 1592 381 aquas·
1623 343 1660 372 ab
1681 344 1776 382 aquis.
1799 344 1875 373 Fides
1896 348 1937 372 est

1088 388 1166 425 origo
1180 389 1329 425 sapientiae
1344 394 1371 418 et
1385 390 1463 427 origo
1478 391 1620 425 scientiae,
1636 391 1693 420 sive
1708 391 1742 420 sit
1756 391 1789 420 de
1804 391 1937 425 aeterni&

1089 434 1146 463 sive
1171 435 1204 463 de
1231 436 1445 472 temmrahbus,
1474 437 1531 465 sive
1562 438 1690 473 scientia,
1717 438 1774 467 sive
1805 438 1938 475 sapientia

1089 489 1142 510 non
1165 481 1322 511 discordant
1343 491 1359 511 a
1381 483 1441 512 lide.

1168 530 1214 557 27.
1237 529 1329 557 Tertia
1343 530 1506 567 intelligitur
1521 539 1570 568 per
1586 532 1693 560 tertiani
1708 533 1796 567 diem,
1813 534 1859 562 ubi
1875 541 1939 562 con-
1952 536 1980 555 ΒΘ
1993 536 2055 555 ῑθῐῑῑῦ·

1090 578 1218 613 gregatae
1240 580 1305 604 sunt
1325 585 1429 614 aquae,
1450 581 1477 605 et
1498 579 1627 615 apparuit
1648 580 1738 608 arida
1749 580 1768 608 ²³.
1792 581 1884 609 Terra
1898 584 1939 610 est

1091 623 1234 660 Scriptura
1256 623 1360 652 habens
1374 624 1567 661 intelligentias
1582 626 1754 662 spirituales,
1771 628 1940 656 hierarchias

1090 670 1227 707 angelicas
1257 673 1283 698 et
1313 670 1433 706 divinas,
1464 680 1535 708 quae
1561 673 1725 703 mirabiliter
1756 675 1897 711 expositae
1925 684 1938 703 a

1091 717 1197 746 Sanctis
1218 717 1371 754 pullulant;
1393 721 1419 747 et
1442 719 1467 746 iu
1491 719 1534 747 his
1549 720 1712 756 producitur
1733 720 1822 750 herba
1842 722 1941 750 virens

1091 768 1118 793 et
1146 764 1227 802 liqna
1246 765 1394 802 paradisi.
1427 765 1526 794 Caveat
1555 770 1645 795 tamen
1678 769 1796 805 quisque
1824 778 1840 797 a
1869 769 1941 806 ligno

1092 812 1259 841 curiositatis
1280 813 1424 842 scientiae.

1172 860 1217 888 28.
1240 860 1344 896 Quarta
1374 860 1536 897 intelligitur
1568 861 1594 890 in
1623 870 1706 898 opere
1734 866 1849 900 quartae
1871 863 1939 898 diei,
1954 865 1981 884 De
1994 866 2068 889 quarta.

1093 906 1139 935 ubi
1162 906 1279 935 dicitur:
1305 908 1391 936 Fiant
1413 907 1579 937 luminaria
1589 908 1610 943 ⁹,
1633 909 1737 938 scilicet
1756 910 1801 939 sol
1820 914 1847 939 et
1868 911 1941 939 lima

1092 956 1119 981 et
1139 953 1243 982 stellae.
1267 954 1318 990 Qui
1341 962 1394 983 non
1411 955 1492 983 hahet
1507 956 1765 993 contemplationem
1780 957 1871 987 adhue
1887 966 1939 986 non

1094 999 1177 1028 habet
1197 1004 1391 1030 ornamentum
1412 1001 1477 1029 solis
1507 1005 1534 1030 et
1566 1002 1647 1031 lunae
1668 1006 1695 1031 et
1717 1003 1868 1032 stellarum.
1891 1005 1942 1040 Ap-

1093 1054 1191 1082 parere
1212 1051 1305 1076 autem
1326 1048 1407 1077 debet
1429 1048 1534 1077 iiiult'er
1548 1049 1658 1078 amicta
1672 1049 1746 1084 sote,
1761 1054 1786 1079 et
1801 1050 1873 1079 lima
1887 1050 1941 1079 sub

1090 1092 1214 1129 pedibus
1234 1094 1314 1128 etus,
1336 1098 1361 1123 et
1382 1095 1412 1123 in
1434 1096 1528 1132 capite
1558 1096 1621 1124 etas
1652 1105 1762 1125 corona
1789 1098 1939 1126 duodecim

1092 1139 1244 1168 stellarum
1254 1163 1262 1174 ,
1285 1144 1316 1168 ut
1334 1136 1372 1169 ‘sit
1392 1142 1587 1178 contemplatio
1600 1143 1819 1180 supercaelestis
1834 1144 1941 1173 hierar·
1953 1147 2084 1194 ngffigfaffin·

1093 1186 1171 1214 chiae
1187 1186 1213 1214 in
1229 1187 1302 1221 sole,
1317 1187 1503 1216 tvabeaelestts
1518 1189 1544 1217 in
1560 1188 1645 1223 tuna,
1661 1190 1789 1219 caelestis
1804 1191 1829 1219 in
1845 1191 1940 1220 stellis.
2067 1184 2071 1189 ’

1100 1233 1181 1261 Time
1200 1233 1310 1262 videbis
1331 1238 1357 1263 et
1376 1234 1497 1272 afflues,
1519 1239 1544 1263 et
1565 1236 1728 1265 mirabitur
1755 1241 1779 1266 et
1808 1238 1943 1268 dilatabi-

1093 1283 1208 1308 tarem·
1227 1284 1311 1309 titiam
1324 1281 1357 1315 ¹⁰,
1379 1282 1445 1319 quia
1467 1282 1493 1310 in
1516 1284 1747 1320 contemplatione
1768 1285 1942 1321 admiratio,

1092 1326 1244 1361 dilatatio,
1266 1327 1421 1362 alienatio,
1444 1328 1579 1366 rel'eetim
1600 1330 1689 1359 unde:
1713 1330 1903 1360 Comecterimt
1920 1336 1944 1361 et

1092 1373 1231 1402 viderunt
1253 1374 1342 1403 Deum
1366 1375 1468 1404 lsrael.

1172 1422 1218 1449 29.
1241 1422 1341 1458 Quinta
1363 1425 1405 1451 est
1417 1431 1471 1459 per
1482 1423 1668 1461 prophetiam
1684 1425 1849 1455 illustratae
1864 1427 1942 1456 inlel-
1956 1428 1982 1448 De
1995 1429 2068 1453 quinta·

1093 1467 1233 1504 ligentiae‚
1255 1468 1347 1497 adhue
1367 1469 1449 1498 altior
1478 1471 1651 1507 praemissis,
1674 1476 1705 1501 ut
1727 1473 1817 1502 videat
1838 1475 1944 1503 rontin-

1092 1515 1184 1552 gentia
1205 1515 1400 1550 infallibiliter,
1423 1517 1497 1554 quod
1526 1517 1556 1546 fit
1587 1519 1706 1555 quodam
1729 1520 1841 1550 visionis
1862 1522 1942 1550 modo

1093 1562 1202 1599 speciali
1225 1562 1253 1591 in
1274 1563 1387 1599 speculo
1417 1567 1538 1593 aeterno.
1561 1564 1674 1594 Certum
1696 1569 1737 1595 est
1758 1567 1847 1601 enim,
1869 1568 1941 1605 quod

1092 1616 1155 1637 cuni
1187 1609 1348 1646 contingens
1379 1610 1414 1638 sit
1445 1611 1578 1640 mutabile
1610 1615 1636 1641 et
1668 1613 1812 1648 variabile,
1844 1615 1942 1652 quodsi

1093 1656 1229 1693 Propheta
1252 1656 1324 1685 videt
1346 1657 1523 1686 infallibiliter
1554 1662 1581 1687 et
1601 1660 1847 1696 certitudinalitcr‚
1868 1662 1942 1699 quod

1093 1712 1145 1732 nou
1163 1696 1236 1732 videt
1251 1704 1301 1732 nisi
1316 1704 1343 1732 iu
1358 1705 1474 1733 veritate
1486 1705 1628 1734 infallibili.
1641 1723 1677 1728 —
1687 1708 1761 1737 Unde
1776 1709 1885 1738 difficile
1900 1713 1940 1739 est
1967 1711 2084 1738 .⁰¹¹¹¹⁰·¹¹‘³⁸

1091 1750 1276 1780 determinare
1297 1751 1331 1780 de
1353 1751 1426 1786 istis,
1448 1755 1475 1781 et
1497 1760 1546 1789 per
1568 1753 1638 1782 idem
1661 1754 1792 1789 solvitur,
1814 1756 1885 1785 sicut
1906 1757 1940 1786 de
1954 1739 2085 1777 effgffiflssffie‘

1092 1798 1273 1835 praescientia
1294 1798 1355 1827 Dei:
1378 1799 1428 1827 hoc
1451 1799 1524 1828 videt
1551 1800 1686 1838 Propheta
1707 1801 1851 1831 futurum:
1873 1811 1940 1841 ergo

1092 1846 1215 1881 eveniet;
1244 1846 1296 1875 hoc
1328 1846 1402 1875 videt
1433 1846 1522 1876 Deus:
1545 1855 1611 1885 ergo
1642 1849 1761 1879 eveniet:
1784 1850 1850 1886 quia
1872 1851 1939 1879 visio

1092 1893 1140 1922 Dei
1156 1901 1209 1921 non
1225 1893 1297 1922 cadit
1313 1893 1339 1921 in
1355 1894 1546 1931 praeteritum,
1562 1894 1609 1923 sed
1623 1896 1819 1932 praesentiam
1833 1896 1941 1926 dlvinae

1093 1940 1206 1969 visionis
1226 1948 1290 1969 cum
1312 1944 1459 1970 connotato
1481 1942 1625 1979 temporali
1645 1942 1724 1978 dicit,
1740 1943 1813 1981 quod
1828 1944 1940 1981 quidem

1092 1991 1277 2017 connotatum
1293 1989 1454 2025 contingens
1468 1992 1509 2018 est
1523 1990 1566 2018 vel
1581 1993 1754 2019 connotatur.
1767 2008 1805 2012 —
1817 1992 1886 2020 Haec
1900 1992 1941 2020 in-
1955 1992 1999 2012 ⁰³2⁵
2010 1994 2082 2018 quima-

1093 2034 1226 2072 telligitur
1258 2035 1285 2064 in
1316 2043 1400 2072 opere
1428 2036 1541 2073 quintae
1561 2036 1631 2072 diei,
1653 2037 1680 2066 in
1706 2046 1762 2076 qua
1794 2038 1855 2066 facti
1877 2041 1942 2067 sunt

1091 2082 1181 2119 pisces
1194 2081 1228 2111 (le
1242 2082 1322 2119 aquis
1336 2085 1364 2112 et
1376 2091 1442 2112 aves
1454 2084 1486 2111 ¹¹.
1502 2083 1552 2112 Per
1566 2092 1671 2121 pennas
1685 2085 1758 2114 enim
1774 2088 1801 2114 et
1816 2085 1942 2114 multitu-

1091 2128 1182 2158 dinem
1203 2129 1365 2166 plumarum
1386 2133 1413 2159 et
1434 2131 1550 2167 spiritus
1571 2131 1661 2160 fertur
1681 2132 1771 2161 anima
1795 2133 1821 2161 iu
1843 2133 1940 2162 Deum.

1170 2176 1216 2205 30.
1238 2177 1323 2206 Sexta
1342 2180 1385 2206 est
1405 2178 1474 2207 visio
1495 2179 1691 2216 intelligentiae
1706 2188 1761 2217 per
1775 2184 1895 2218 raptum
1910 2181 1941 2208 in.
1954 2180 1982 2200 ⁰2
1994 2183 2054 2201 θεώ.

1092 2224 1183 2253 Deum
1215 2223 1378 2262 absorptae.
1410 2225 1448 2253 Ad
1478 2225 1636 2255 Corinthios
1647 2226 1687 2255 ¹²:
1712 2227 1778 2256 Seio
1799 2226 1942 2256 homiuem

1090 2275 1157 2301 ante
1177 2279 1271 2300 annos
1292 2273 1529 2311 quatuordeeim,
1550 2273 1609 2302 sive
1623 2274 1655 2302 in
1669 2281 1806 2311 corpore,
1821 2275 1881 2303 Sive
1894 2284 1941 2303 ex-

1090 2322 1139 2347 tra
1160 2327 1285 2356 corpas,
1306 2319 1419 2352 neseio,
1443 2320 1519 2349 Deus
1539 2321 1610 2355 seit,
1625 2325 1747 2358 raptum
1762 2321 1938 2351 huiusmodi.

1154 2465 1164 2479 θ
1181 2467 1238 2490 Gen.
1255 2467 1277 2494 1,
1289 2467 1353 2489 3.-
1365 2467 1419 2496 Seq.
1436 2467 1500 2489 lorus
1517 2470 1551 2489 est
1567 2467 1603 2490 ΡΞ.
1621 2467 1647 2495 le,
1663 2467 1687 2490 7.
1703 2480 1734 2484 —
1753 2468 1848 2490 Inferius
1868 2468 1938 2496 respi-

1091 2506 1150 2529 citur
1166 2506 1224 2529 Gen.
1241 2507 1268 2534 l,
1286 2506 1315 2529 4:
1333 2507 1360 2529 Et
1376 2506 1455 2529 divisit
1472 2507 1547 2529 lucem
1565 2513 1577 2529 a
1595 2506 1704 2529 tenebris.

1154 2543 1163 2557 '¹
1181 2545 1239 2568 Gen.
1256 2546 1283 2573 1,
1300 2546 1327 2573 6,
1347 2544 1388 2568 ubi
1411 2546 1479 2568 etiam
1502 2552 1552 2575 seq.
1572 2547 1644 2569 locus.
1660 2558 1692 2563 —
1707 2546 1797 2569 Deinde
1819 2546 1940 2574 respicitur

1091 2586 1202 2613 August,
1225 2585 1272 2608 Xll.
1294 2585 1324 2607 de
1347 2585 1411 2608 Trin.
1433 2591 1453 2608 r.
1476 2585 1497 2608 4.
1520 2592 1543 2608 n.
1566 2586 1609 2613 2‘2,
1626 2585 1666 2608 ubi
1683 2585 1798 2615 sapientia
1816 2585 1940 2613 deputatur

1092 2624 1203 2652 aeternis,
1220 2623 1319 2648 scientia
1336 2624 1511 2653 temporalibus.

1155 2661 1165 2675 Β
1181 2664 1239 2686 Gen.
1256 2664 1277 2690 1,
1292 2663 1314 2686 9.
1331 2662 1388 2687 ibid.
1405 2670 1429 2686 v.
1441 2664 1482 2686 1οῑ
1501 2665 1526 2686 Et
1544 2664 1635 2686 vocarit
1653 2664 1713 2686 Deus
1730 2663 1832 2691 aridam,
1846 2666 1940 2685 terram.

1091 2702 1239 2725 —Subinde
1261 2703 1383 2731 respicitur
1405 2710 1428 2726 v.
1453 2704 1489 2726 11.
1513 2702 1552 2732 (de
1574 2702 1645 2725 herba
1667 2703 1765 2731 virente)
1789 2705 1811 2725 et
1833 2708 1853 2724 r.
1873 2703 1899 2729 2,
1918 2702 1940 2725 9.

1094 2741 1133 2771 (de
1151 2741 1220 2769 lignis
1237 2741 1362 2772 paradisi).

1154 2779 1165 2793 ⁹
1182 2781 1239 2804 Gen.
1257 2782 1278 2809 1,
1296 2781 1376 2804 14.-
1389 2782 1442 2810 Seq.
1460 2782 1523 2804 locus
1540 2784 1574 2803 est
1591 2782 1663 2808 Apoe.
1681 2781 1722 2808 12,
1745 2781 1762 2802 l.

1155 2818 1175 2833 ¹⁰
1192 2821 1242 2843 lsai.
1259 2821 1297 2848 60,
1314 2821 1337 2843 5.
1347 2833 1379 2838 —
1391 2822 1445 2850 Seq.
1462 2821 1526 2843 locus
1537 2822 1571 2842 est
1583 2820 1654 2842 Exod.
1671 2819 1714 2847 24,
1727 2819 1735 2841 1
1746 2819 1750 2840 l
1762 2826 1766 2840 :
1780 2818 1939 2846 Videruntque

1092 2860 1166 2882 Deum
1184 2862 1206 2882 et
1222 2860 1375 2882 comederunt
1392 2866 1419 2882 ac
1436 2859 1552 2882 biberunt.

1155 2897 1173 2911 ¹¹
1192 2899 1250 2921 Gen.
1267 2900 1288 2927 1,
1305 2900 1385 2922 20-23.
1396 2911 1428 2916 —
1439 2900 1472 2921 De
1489 2898 1639 2926 praescientia
1653 2899 1692 2920 Dei
1705 2899 1746 2920 rsr.
1758 2898 1772 2920 1.
1787 2898 1849 2920 Sent.
1865 2897 1888 2919 d.
1901 2898 1940 2920 38.

1091 2944 1113 2960 a.
1130 2939 1152 2960 2.
1169 2944 1193 2967 q.
1211 2939 1233 2961 1.
1249 2943 1312 2967 seq„
1329 2938 1354 2961 d.
1370 2939 1408 2961 39.
1425 2945 1446 2961 a.
1464 2939 1485 2961 2.
1502 2944 1526 2966 q.
1543 2939 1565 2961 3.
1581 2941 1604 2960 et
1620 2938 1643 2960 d.
1661 2937 1698 2960 10.
1715 2944 1735 2960 a.
1753 2939 1775 2960 2.
1793 2944 1815 2966 q.
1833 2938 1855 2959 1.
1872 2943 1922 2965 seq.

1155 2975 1174 2989 ²²
1192 2977 1262 3005 Epist.
1279 2977 1304 3000 il.
1321 2984 1341 3000 C.
1360 2978 1401 3005 12,
1419 2978 1448 3000 2:
1467 2978 1518 3000 Scio
1536 2978 1653 3000 hominem
1673 2978 1693 2999 in
1712 2977 1801 3000 Christo
1819 2980 1870 2998 ante
1888 2980 1931 2998 ete.
