2285 3398
85 509 156 529 Tertia.

30 1165 99 1192 Figura
108 1165 151 1192 Yir-

25 1194 76 1212 ginis
89 1194 155 1213 prima.

42 1635 97 1653 Aliae
111 1635 154 1658 figu-

79 1663 118 1677 rae.

729 191 771 219 DF.
794 191 890 219 110le
912 191 1055 219 SI’IRITUS
1077 192 1101 219 S.
1123 192 1283 221 COLLATIO
1305 194 1346 221 w.

170 268 286 297 audiunt
302 269 417 297 verbum
434 269 478 298 Dei
495 272 520 297 et
537 269 650 305 implent
666 268 739 297 illud,
757 269 823 303 Eva,
840 273 1010 306 transgressa

171 315 327 344 mandatum
352 315 411 350 Dei,
430 315 569 344 destruxit
589 316 718 350 domum,
734 324 815 353 quam
840 317 911 345 Deus
933 315 1009 344 nobis

170 362 344 398 praeparavit
358 362 390 391 ad
406 363 538 396 salutom;
555 362 601 391 scd
617 362 715 391 mulier
730 363 837 399 sapiens
859 362 1011 391 aedificavit

169 408 280 436 domum
303 410 329 437 ct
351 408 488 445 reparavit
509 409 624 437 salutem
647 412 777 437 nostram.

247 456 273 483 8.
296 456 387 484 Tertio
409 455 522 492 protulit
544 455 662 492 pretium
686 456 750 484 illud
768 456 849 493 Virgo
871 456 1010 485 benedicta

173 505 202 530 ut
223 502 300 530 sortis
330 504 357 531 ct
378 504 471 531 sancta
501 502 642 530 sanctitate
675 502 878 531 bmwvoteutiae
899 502 1008 539 plenae.

170 549 243 577 [Indo
264 549 372 577 Gabriel
404 548 520 585 Angelus
551 548 621 577 dixit
642 549 703 577 ri¹z
737 549 889 578 Benedicta
920 552 951 577 tu
978 549 1010 577 in

170 595 341 624 mutieribus
361 598 411 624 etc.
435 595 564 632 Spiritus
584 599 704 623 sanctus
724 596 902 633 superveniet
924 596 955 624 in
975 599 1008 630 te,

169 645 193 671 rt
215 643 309 671 virtus
324 642 467 671 siccissima·
480 642 662 671 obumbrabit
684 643 741 671 tibi.
759 644 878 682 Ideoque
895 647 919 672 et
934 643 1010 681 quod

170 693 305 718 ›mevam-
319 698 353 718 ωε
368 693 392 718 te
405 692 540 717 sanetum
563 689 712 718 uocabitur
735 690 828 719 Filius
843 690 902 719 Dei.
918 691 1009 727 Augu-

169 737 405 774 st.51111s:spIritus
426 738 536 765 sanctus
557 744 633 765 amor
655 740 710 771 est,
729 741 756 766 et
774 745 942 775 quamquam
963 737 1009 766 de-

170 788 215 812 tur
236 792 299 813 cnm
313 783 391 812 donis
411 783 483 816 suis,
505 791 559 811 non
574 787 615 812 est
635 784 751 819 donum,
773 793 858 822 aquo
879 793 932 814 non
948 793 1010 822 pos-

169 831 203 859 sit
223 830 361 867 separari,
382 829 433 859 nisi
454 829 557 858 donum
579 831 688 860 amoris.
710 832 778 860 Cum
801 835 907 861 ceterae
922 832 1009 861 virtu-

169 881 209 906 les
230 884 391 906 comumnes
418 876 471 905 sint
499 876 577 906 bonis
598 880 625 906 et
650 878 743 912 malis;
771 879 880 908 dilecti0
908 879 954 908 Dei
983 881 1010 908 et

170 924 289 960 proximi
318 924 431 961 propria
457 926 498 952 est
525 924 603 953 bonis
630 928 657 954 et
688 925 754 962 piis;
783 925 842 963 ipsa
869 926 926 955 sola
953 928 1009 960 est,

168 979 239 1008 quae
261 970 419 1000 sanctificat.
442 970 611 1008 Supervenit
632 972 762 1009 Spiritus
782 977 916 1007 sanctus,
944 973 1009 1010 quia

168 1017 278 1046 additur
308 1025 386 1046 amor
416 1017 520 1051 amori,
551 1021 583 1047 ut
613 1022 700 1048 metas
730 1019 848 1048 aliorum
870 1022 1010 1049 transcen-

168 1064 253 1093 deret.
274 1064 349 1093 Unde
369 1064 434 1093 dicit
455 1064 530 1101 Hugo
546 1065 571 1093 ²:
599 1077 612 1091 «
626 1066 696 1102 Quia
715 1073 792 1094 amor
813 1065 860 1094 Dei
876 1065 903 1094 in
918 1068 1009 1094 mente

171 1111 289 1149 Virginis
319 1111 495 1149 singulariter
529 1112 662 1147 ardebat,
693 1112 752 1141 ideo
784 1111 809 1139 in
842 1119 924 1140 carne
958 1112 1009 1140 rni-

170 1158 266 1187 rabilia
287 1158 402 1187 faciebat
416 1170 442 1187 ».
458 1175 497 1179 -—
510 1158 617 1188 Dicitur
638 1160 665 1188 in
688 1158 798 1187 Exodo:
816 1158 898 1193 Quod
915 1157 1009 1186 rubus

170 1204 291 1233 ardebat
305 1208 331 1233 et
343 1213 401 1234 non
422 1205 655 1241 comburebatur,
671 1206 697 1235 id
711 1208 763 1240 est,
778 1205 861 1242 Virgo
874 1204 1008 1242 gloriosa,

169 1252 264 1281 Filium
286 1252 334 1281 Dei
365 1255 392 1281 et
417 1253 506 1282 lucem
537 1253 692 1290 proferens,
723 1261 772 1290 per
803 1252 893 1289 ignem
924 1250 1009 1280 divini

168 1299 270 1328 amoris
301 1299 389 1328 lucem
421 1299 523 1329 mundo
552 1300 626 1329 dedit
653 1303 681 1330 et
707 1301 838 1335 corrupta
865 1306 920 1327 non
948 1297 1007 1327 suit.

169 1348 250 1376 Amor
276 1347 397 1376 caritatiS
423 1355 440 1376 a
466 1347 644 1385 corruptione
665 1348 815 1377 conservat.
836 1345 958 1383 Ideoque
984 1348 1010 1373 et

169 1394 247 1432 quod
265 1398 403 1423 nascetur
428 1403 462 1423 eae
483 1398 517 1429 te,
538 1402 588 1431 per
608 1401 728 1423 amorem
754 1392 890 1421 illibatum
911 1395 938 1421 et
958 1391 1009 1421 im—

169 1441 323 1478 pollutum,
337 1441 489 1470 vocabitur
503 1441 598 1470 Filius
621 1440 678 1469 Dei.
695 1439 770 1468 Sicut
790 1446 826 1467 ex
849 1446 942 1467 amore
956 1438 1009 1467 viri

169 1496 233 1517 cum
255 1488 370 1517 muliere
391 1488 514 1517 nascitur
539 1487 613 1516 filius
633 1485 765 1519 carnalis;
795 1485 832 1513 ita
858 1493 895 1514 ex
916 1493 1009 1515 amore

169 1535 288 1573 Virginis
307 1543 371 1564 cum
392 1535 448 1563 Deo
468 1537 550 1562 natus
570 1536 611 1562 est
632 1532 679 1562 Dei
701 1532 792 1561 Filius.

246 1582 271 1610 9.
294 1581 345 1610 Sed
358 1580 507 1618 praecessit
527 1580 617 1617 figura
640 1578 668 1608 in
689 1579 762 1608 rubo
786 1583 812 1608 et
832 1579 910 1617 i9ne,
926 1588 1010 1617 quam

168 1628 233 1657 vidit
248 1629 363 1664 Moyses;
379 1627 468 1664 figura
482 1627 508 1655 in
530 1627 618 1664 virya
632 1630 657 1655 et
672 1626 744 1663 flore
759 1627 862 1655 Aaron
873 1627 899 1660 ³‚·
920 1627 1011 1664 figura

168 1675 196 1703 In
215 1674 314 1703 vellere
334 1677 358 1702 et
383 1682 449 1702 rore
469 1673 616 1708 Gedeonis;
638 1675 666 1702 et
689 1673 838 1710 praecessit
865 1674 956 1711 figura
983 1674 1010 1702 in

167 1720 240 1758 forti
265 1720 385 1749 muliere
406 1723 433 1749 et
453 1720 516 1749 eius
533 1720 641 1757 precib,
662 1728 745 1757 quam
775 1720 940 1749 desideravit
964 1721 1011 1749 Sa-

169 1769 275 1803 lomon;
304 1768 394 1806 figura
421 1768 448 1796 in
476 1767 588 1805 [emina
608 1770 636 1796 et
662 1767 740 1802 viro,
762 1768 828 1804 quia
855 1768 920 1797 dicit
942 1768 1011 1797 lere-

168 1816 273 1845 mias4:
296 1815 399 1844 Mulier
414 1814 608 1844 circumdabit
622 1814 729 1843 virum.
751 1815 820 1843 Illud
841 1818 929 1843 totum
947 1823 1011 1844 con-

169 1865 338 1892 summatum
359 1865 400 1891 est
420 1862 448 1891 in
470 1862 581 1899 Virgine
601 1861 727 1899 gloriosa.
750 1861 824 1890 Unde
839 1862 1010 1890 Bernardus:

174 1922 188 1936 α
202 1910 279 1947 Quod
294 1912 477 1939 monstratum
498 1912 539 1938 est
553 1909 635 1945 Moysi
658 1909 684 1937 in
700 1908 771 1937 rubo
792 1911 819 1937 et
834 1908 908 1946 igne,
923 1910 1011 1938 Aaron

171 1957 198 1986 in
209 1957 287 1994 vlrga
301 1959 327 1985 et
342 1956 423 1990 flore,
438 1956 555 1984 Gedeoni
568 1955 595 1984 in
606 1955 708 1984 vellere
725 1958 751 1984 et
766 1963 842 1989 1·0re;
855 1955 906 1984 hoc
917 1957 1011 1992 aperte

170 2003 305 2040 praevidit
319 2003 444 2032 Salomon
459 2003 485 2031 in
498 2002 559 2031 forti
575 2002 691 2031 muliere
705 2005 732 2031 et
746 2002 805 2031 eius
816 2002 916 2039 pretim
932 2010 1011 2039 aper-

170 2050 226 2079 tius
245 2050 400 2087 praecinuit
425 2049 552 2078 Ieremias
578 2049 612 2078 de
633 2049 733 2077 femma
753 2052 780 2078 et
801 2049 874 2083 vIr03
896 2049 1011 2086 apertis-

171 2097 238 2126 sime
266 2097 346 2126 Isaias
373 2096 522 2125 declaravit
548 2096 581 2125 de
609 2095 720 2132 Virgine
747 2098 775 2124 et
801 2096 861 2125 eius
888 2096 962 2125 filio:
984 2099 1012 2126 et

171 2144 279 2173 tandem
300 2144 428 2173 exhibuit
448 2144 555 2172 Gabriel
578 2143 717 2179 Virginem
738 2143 881 2172 salutando
895 2155 921 2171 ».

1849 197 1904 225 485

1146 271 1187 297 io,
1210 271 1371 307 'funguntur
1394 272 1437 300 liic
1459 272 1587 301 historiae
1620 273 1705 301 l'riina
1730 273 1840 301 historia
1864 278 1904 303 ost
1918 282 1962 300 nv«
1977 288 1993 308 Iti
2009 282 2037 300 m-

1066 316 1091 344 in
1122 317 1193 345 rubo
1214 321 1237 343 vt
1260 318 1333 355 ἕψω,
1355 318 1400 347 ubi
1430 319 1596 355 exprimitur
1625 320 1786 356 mysterium
1817 321 1904 348 inu-:ir-
1944 308 2007 324 'mm'

1066 364 1189 392 nationis.
1212 365 1335 394 Socunda
1358 366 1471 394 historia
1491 366 1572 395 estin
1587 367 1674 404 υίνῃαΥ
1696 368 1814 400 Aaron,
1835 375 1905 403 quae

1066 411 1187 446 praei-isa
1218 415 1244 440 et
1273 412 1343 441 sicca.
1376 413 1400 440 in
1430 413 1515 441 noctis
1544 414 1626 441 unius
1654 414 1741 450 spatio
1769 413 1905 447 fronduit,

1066 457 1159 485 fioruit
1183 461 1209 485 et
1234 459 1355 487 fructum
1377 459 1498 495 protulit.
1521 460 1541 487 T
1543 460 1613 488 crtia
1634 460 1747 488 historia
1761 462 1817 494 est,
1832 460 1905 496 quod

1065 505 1171 533 dode-on
1194 506 1270 541 petiit
1291 514 1307 534 a
1328 506 1457 540 Domino,
1479 506 1551 543 quod
1582 516 1630 535 ros
1658 507 1756 535 radens
1785 509 1858 535 totus
1879 507 1906 535 in

1068 552 1163 581 weltere
1190 556 1276 587 esset,
1300 556 1327 581 ct
1351 561 1415 581 area
1441 557 1595 582 remaneret
1622 555 1711 588 sicca;
1733 558 1760 583 et
1785 553 1906 590 Implevit

1066 600 1197 628 concham
1231 609 1301 629 rore.
1325 617 1360 621 —
1386 600 1449 629 Tria
1479 601 1531 629 alia
1552 602 1636 630 verba
1657 604 1722 630 sunt
1742 601 1906 635 Salomonis,

1067 646 1193 676 leremiae
1220 650 1246 676 et
1274 647 1364 675 Isaiae.
1387 647 1508 676 Verbum
1537 648 1687 676 Salomoms
1714 652 1754 677 est
1779 648 1812 676 de
1836 647 1908 684 sorti

1064 693 1185 722 muliere
1205 696 1232 722 et
1252 694 1312 722 eius
1333 694 1429 730 pretio.
1447 694 1568 722 Verbum
1587 692 1715 723 Ieremiae
1736 695 1768 723 de
1788 694 1908 723 muliere

1065 744 1091 769 et
1112 741 1195 769 viro.-
1222 740 1352 775 Nouum,
1381 741 1507 778 inquit⁵‚
1536 740 1625 778 saciet
1651 741 1793 770 Dominus
1820 750 1908 778 Super

1066 791 1197 821 terram‚·
1215 787 1320 816 mulier
1341 787 1535 816 circumdabit
1554 788 1661 817 virum.
1684 788 1805 818 Verbum
1827 789 1909 818 Isaiae
1928 821 1933 825 ,

1065 834 1098 863 de
1126 835 1241 872 Virgine
1261 838 1287 863 et
1306 835 1368 863 eius
1387 834 1467 871 silio:
1491 835 1575 869 Eece,
1591 835 1695 872 inquit,
1717 835 1802 873 Virqo
1816 835 1909 864 conci-

1063 882 1121 918 piet
1141 884 1166 910 et
1184 882 1282 918 pariet
1300 881 1413 918 filium,
1435 885 1461 910 et
1481 881 1632 910 vocabitur
1650 891 1752 911 nomen
1766 882 1827 911 eius
1843 883 1909 911 Em-

1065 928 1190 958 manuel.
1214 929 1250 957 Et
1270 927 1321 957 ltoc
1340 928 1420 958 vobis
1440 929 1556 966 signum
1579 933 1630 959 etc.

1146 976 1189 1004 11.
1215 975 1282 1011 Quis
1308 975 1386 1010 fecit,
1415 976 1489 1012 quod
1517 976 1599 1013 VIrgo
1624 976 1804 1013 conciperet?
1831 976 2049 1023 Certetsigniflcint

1065 1022 1184 1059 Spiritus
1213 1024 1340 1056 sanctus,
1368 1022 1415 1059 qui
1437 1025 1478 1051 est
1498 1030 1576 1051 amor
1595 1021 1727 1059 fervens,
1748 1022 1909 1060 secundus,
1922 1010 2052 1048 ιὲῗέιῗιῗιῖῗὲἶῖ

1065 1068 1250 1105 impollutus,
1269 1068 1381 1102 viriles,
1409 1068 1600 1105 incorruptus
1627 1072 1654 1098 et
1681 1069 1809 1106 deificus.
1831 1069 1909 1106 Quod

1065 1114 1100 1142 sit
1120 1121 1197 1142 amor
1217 1112 1348 1150 feruens,
1370 1113 1542 1150 significatur
1562 1115 1641 1143 nobis
1662 1115 1689 1143 in
1708 1115 1782 1143 rubo
1796 1119 1821 1143 et
1835 1115 1908 1152 iyne.

1065 1160 1143 1196 Quod
1157 1160 1192 1188 sit
1206 1167 1283 1188 amor
1303 1159 1464 1196 fecundus,
1480 1160 1650 1197 significatur
1664 1161 1693 1189 in
1706 1161 1794 1198 virya
1808 1162 1910 1195 Aaron,

1065 1213 1136 1242 quae
1156 1206 1184 1234 in
1203 1206 1291 1235 noctis
1305 1206 1393 1243 spatio
1406 1206 1544 1240 fronduit,
1558 1206 1654 1235 floruit
1668 1209 1695 1235 et
1709 1207 1831 1236 fructum
1846 1215 1911 1245 pro-

1065 1252 1136 1281 tulit.
1157 1252 1236 1289 Quod
1256 1252 1291 1281 sit
1312 1260 1390 1281 amor
1412 1252 1598 1290 impollutus,
1620 1254 1792 1291 significatur
1814 1254 1841 1283 in
1855 1254 1911 1283 vet-

1065 1298 1121 1327 lere
1141 1299 1292 1336 completo,
1314 1299 1380 1337 quia
1402 1307 1447 1329 ros
1468 1300 1557 1329 vellus
1583 1308 1638 1329 non
1666 1301 1835 1338 inquinavit,
1864 1301 1912 1330 sed

1064 1346 1215 1375 mundavit.
1237 1345 1316 1383 Quod
1330 1346 1366 1375 sit
1379 1354 1462 1388 amor
1478 1347 1591 1382 virilis,
1606 1347 1776 1385 significatur
1791 1348 1869 1378 nobis
1883 1348 1912 1378 in

1064 1392 1185 1422 muliere
1198 1396 1224 1422 et
1242 1393 1324 1428 viro,
1340 1394 1406 1431 quia
1418 1394 1525 1423 mulier
1542 1394 1734 1424 circumdedit
1747 1395 1863 1430 virum,
1884 1395 1912 1425 id

1065 1443 1106 1470 est
1120 1448 1156 1470 ex
1170 1440 1245 1470 omni
1266 1444 1345 1478 parte
1365 1441 1461 1471 cinxit.
1477 1442 1555 1478 Quod
1569 1442 1604 1471 sit
1618 1450 1696 1471 amor
1710 1442 1911 1480 incorruptus,

1066 1487 1237 1525 significatur
1258 1488 1337 1517 nobis
1357 1488 1385 1516 in
1412 1488 1542 1526 Virgine,
1564 1497 1640 1527 quae
1659 1489 1787 1526 concepit
1806 1489 1910 1526 fitium.

1066 1534 1143 1571 Quod
1165 1534 1200 1564 sit
1221 1543 1299 1564 amor
1320 1535 1450 1572 deificus,
1466 1536 1636 1573 significatur
1650 1536 1729 1565 nobis
1747 1536 1774 1565 in
1796 1537 1911 1574 Virgine

1063 1581 1197 1618 pariente
1219 1582 1318 1610 Deum.
1335 1598 1372 1603 —
1387 1582 1508 1611 Pretium
1529 1582 1597 1611 illud
1618 1583 1846 1619 pretIosissimum
1860 1586 1909 1612 est.

1067 1629 1181 1666 Propter
1202 1629 1254 1657 hoc
1274 1628 1340 1657 dicit
1360 1628 1482 1657 Isaias⁶:
1505 1629 1665 1658 Pretiosior
1686 1629 1741 1658 erit
1758 1629 1805 1658 vir
1823 1638 1909 1664 auro,

1067 1678 1091 1703 et
1115 1674 1199 1704 ltomo
1226 1675 1335 1704 mundo
1364 1674 1473 1704 obrizo.
1496 1675 1550 1704 Hoc
1576 1676 1641 1704 dicit
1661 1676 1695 1705 de
1716 1676 1839 1712 Christo,
1862 1676 1909 1714 qui

1067 1729 1116 1751 nos
1137 1722 1272 1758 pretiosos
1293 1722 1364 1751 fecit.

1148 1769 1191 1796 12.
1214 1767 1324 1802 Omnis,
1346 1768 1393 1806 qui
1415 1768 1475 1797 vult
1495 1776 1555 1797 esse
1578 1771 1704 1803 sanctus,
1726 1769 1807 1799 debet
1831 1770 1909 1807 sequi
1922 1777 2013 1819 irgjiannaa

1067 1815 1207 1852 Virginem
1234 1816 1381 1853 gloriosam
1409 1816 1436 1845 in
1464 1816 1606 1845 sanctitate
1630 1816 1791 1853 pudicitiae
1815 1817 1910 1846 ineor-
1954 1807 2000 1825 '¹⁰⁰'

1067 1865 1181 1899 ruptae,
1197 1861 1371 1892 obedientiae
1381 1866 1534 1900 promptae
1548 1865 1575 1892 et
1585 1863 1790 1892 beneuolentiae
1799 1864 1908 1901 plenae.

1068 1909 1099 1937 Et
1113 1909 1184 1938 sicut
1205 1909 1344 1946 sequendo
1366 1910 1504 1947 Virginem
1527 1910 1672 1947 gloriosam
1694 1910 1829 1939 efficimur
1847 1919 1910 1947 pre-

1067 1956 1129 1985 tiosi
1156 1958 1183 1985 et
1210 1957 1312 1991 sancti,
1343 1957 1380 1986 ita
1405 1957 1544 1995 sequendo
1572 1957 1653 1985 Evam
1681 1957 1818 1986 efficimur
1846 1958 2023 1987 maliuonam.

1067 2005 1095 2031 et
1121 2003 1196 2032 viles.
1226 2003 1300 2032 Unde
1325 2004 1352 2032 in
1374 2004 1568 2033 ProverbiiS⁷c
1593 2003 1724 2032 Pretium
1751 2005 1842 2033 scorti
1860 2005 1911 2033 vix

1067 2054 1108 2079 esc
1128 2050 1219 2079 unius
1231 2051 1342 2087 pani&
1362 2050 1467 2080 mulier
1482 2054 1577 2079 autmn
1592 2050 1652 2079 viri
1664 2051 1828 2088 ‚pretiosum
1846 2052 1911 2081 ani—

1066 2106 1146 2126 mam
1168 2097 1254 2134 capit.
1277 2098 1332 2126 Eva
1352 2098 1451 2131 stulta,
1472 2105 1523 2134 pro
1544 2105 1593 2126 esu
1620 2097 1704 2126 unius
1731 2098 1805 2134 pomi
1832 2102 1859 2128 te
1885 2102 1912 2129 et

1068 2144 1158 2173 virum
1187 2147 1268 2173 tuum
1293 2148 1320 2174 et
1346 2152 1441 2173 omnes
1462 2152 1511 2173 nos
1532 2144 1694 2173 vendidisti!
1717 2144 1739 2173 Ο
1760 2145 1798 2174 fili
1820 2146 1908 2176 Evae!

1921 560 1966 579 Tres
1980 559 1999 578 in
2009 565 2049 579 ier-

1965 583 2000 602 bis,

235 2284 242 2297 ¹
261 2286 315 2307 Luc.
333 2285 358 2312 l,
377 2284 453 2306 28-35.
470 2297 499 2300 —
517 2285 548 2306 De
566 2285 673 2307 sententIa
690 2286 787 2313 August.
805 2285 830 2314 (B
856 2286 939 2309 omittit
962 2287 1012 2310 Au-

172 2325 290 2355 gustinus>
317 2325 357 2346 cfr.
384 2324 483 2345 Enarrat.
509 2324 530 2345 in
550 2324 586 2346 ΡΞ.
603 2324 656 2346 ι103.
673 2330 740 2346 serm.
759 2325 779 2347 ’1.
798 2331 820 2347 n.
837 2326 866 2352 9;
885 2326 956 2348 Serm.
973 2326 1010 2348 95.

174 2371 197 2386 n.
213 2364 244 2391 7,
261 2364 284 2386 ll.
311 2364 340 2386 de
366 2362 466 2385 Diversis
491 2363 534 2391 Qq.
559 2363 587 2385 ad
613 2363 753 2391 Simplician.
775 2370 797 2392 q.
816 2364 836 2386 sl.
853 2371 876 2386 n.
893 2365 914 2386 8.
930 2371 1011 2394 seqq.;

173 2404 222 2426 XV.
240 2404 270 2426 de
287 2403 349 2425 Trin.
366 2408 385 2424 c.
407 2402 440 2423 lS.
452 2408 473 2423 n.
486 2401 523 2423 32.
534 2408 611 2430 seqq.,
623 2404 645 2423 et
656 2402 759 2430 Prosperi
771 2402 876 2431 Aquitani
888 2405 1012 2426 sententiae

172 2450 200 2466 ex
216 2444 312 2471 August.
330 2442 397 2471 (inter
414 2447 484 2469 opera
502 2442 606 2469 August.)
625 2447 646 2463 n.
663 2441 690 2463 7:
706 2442 800 2464 Dilectio
818 2443 858 2465 Dei
874 2445 896 2465 et
912 2444 1011 2471 proximi

174 2482 268 2510 propria
294 2484 315 2504 ot
340 2481 445 2509 specialis
462 2480 535 2502 virtus
551 2483 585 2502 est
602 2480 693 2508 piorum
710 2484 778 2510 atque
794 2483 941 2510 Sanctorum,
958 2489 1011 2505 cum

173 2523 263 2543 ceterae
279 2520 374 2552 virtutes
392 2522 413 2541 et
431 2518 496 2541 bonis
512 2521 534 2541 ct
555 2519 621 2541 malis
645 2519 733 2547 possint
748 2526 799 2542 esse
822 2527 965 2544 communes.
981 2534 1011 2539 -

173 2559 234 2581 Lihr.
251 2559 283 2581 Ill.
301 2559 363 2581 sent.
379 2559 402 2580 d.
420 2558 457 2580 27.
473 2563 493 2579 a.
515 2558 532 2579 1.
550 2564 573 2586 q.
592 2557 612 2579 t.
629 2560 651 2579 ct
661 2558 684 2580 d.
697 2557 733 2580 34.
745 2564 768 2585 p.
779 2559 802 2581 ll.
814 2565 835 2581 a.
850 2560 868 2582 l.
880 2566 903 2588 q.
916 2560 936 2582 t.
948 2560 977 2583 ad
991 2561 1011 2583 l.

174 2598 313 2625 ostenditur,
329 2598 393 2626 quod
411 2597 532 2626 aliquando
550 2596 648 2624 Spiritus
665 2597 687 2619 S.
703 2597 770 2620 datur
785 2605 838 2621 cum
864 2599 912 2622 suis
933 2600 1012 2627 donis,

173 2637 296 2665 aliquando
313 2643 367 2659 non.

236 2674 245 2688 ⁹
263 2677 286 2698 ln
302 2675 376 2698 libello
394 2676 423 2698 de
440 2676 464 2697 B.
481 2674 563 2697 Mariae
588 2675 729 2704 virginitate,
747 2683 766 2699 c.
783 2678 812 2699 2:
829 2678 885 2700 Nam
909 2678 963 2707 quia
988 2679 1012 2701 in

174 2715 257 2742 corde,
274 2721 321 2744 quo
338 2721 403 2737 amor
420 2714 517 2742 Spiritus
539 2714 610 2736 sancti
634 2714 778 2742 singular-Iter
793 2716 902 2744 ardebat,
918 2717 971 2739 ideo
988 2718 1011 2739 in

175 2759 244 2776 carne
261 2753 311 2776 eius
327 2754 400 2775 virtus
417 2753 513 2781 Spiritus
529 2752 601 2775 saneti
618 2752 729 2776 mirabilia
747 2754 851 2778 faciebat.
866 2768 898 2773 —
914 2757 967 2784 Seq.
983 2756 1012 2778 lo-

174 2799 215 2815 cus
232 2795 265 2814 est
282 2792 352 2814 Exod.
370 2792 396 2819 3,
414 2793 435 2814 2.
454 2792 520 2820 Quod
537 2797 577 2819 per
594 2790 681 2814 rubum
698 2793 765 2815 Maria
782 2794 905 2823 figuretur,
930 2795 1013 2817 docent

175 2832 272 2860 Gregor.
291 2832 367 2859 Nyss.,
379 2831 471 2859 MystIca
488 2829 643 2858 interpretatio
660 2831 720 2853 vitae
736 2832 806 2860 Moysi
825 2834 918 2862 (Migne,
930 2834 1011 2856 Patroi.

175 2870 255 2893 Graec.
266 2871 314 2892 Lat.
322 2872 377 2892 tom.
391 2869 427 2892 44.
439 2870 482 2892 col.
494 2870 561 2897 334);
575 2869 726 2898 Theodorei„
738 2871 780 2900 Qq.
792 2872 815 2894 In
828 2873 897 2895 Exod.
909 2873 922 2895 3
930 2889 935 2899 ‚
948 2872 1013 2894 inter-

175 2916 225 2938 rog.
243 2910 269 2937 ὃς
282 2909 418 2938 Eucherius,
431 2909 480 2931 libr.
497 2908 623 2931 Formular.
634 2909 757 2936 spiritualis
770 2911 941 2939 intelligentiae,
954 2917 973 2933 c.
986 2911 1012 2939 4,

176 2954 244 2977 quem
262 2948 365 2977 sequitur
376 2947 476 2975 Raban„
488 2947 550 2970 MX.
561 2947 590 2969 de
601 2947 725 2976 Universa,
736 2955 757 2972 c.
768 2949 794 2978 6;
805 2949 927 2977 Bernard.,
939 2950 1012 2972 serm.

176 2987 199 3009 in
224 2987 343 3009 Dominica
368 2987 425 3009 infra
445 2990 550 3009 octavam
575 2988 669 3008 assumt.
694 2987 717 3009 B.
734 2988 761 3010 M.
778 2989 806 3011 V.
823 2995 846 3011 n.
865 2988 886 3011 5.
904 2988 1012 3017 Gregor.,

1068 2288 1168 2310 xxvul.
1184 2288 1260 2310 Morai.
1277 2294 1295 2310 c.
1317 2288 1335 2309 l.
1353 2294 1375 2309 n.
1392 2287 1413 2308 8.
1430 2286 1543 2318 intelligit,
1556 2292 1597 2314 per
1609 2286 1684 2314 ipsum
1697 2287 1791 2315 figurari
1809 2289 1911 2311 incarna-

1068 2328 1152 2350 tionem
1171 2326 1265 2354 Christi,
1277 2327 1306 2349 de
1323 2332 1369 2355 quo
1386 2326 1439 2348 ride
1456 2332 1525 2353 supra
1543 2326 1567 2348 in
1584 2326 1692 2349 Hexaem.
1704 2328 1776 2350 collat.
1795 2329 1816 2351 3.
1834 2335 1855 2350 n.
1877 2329 1910 2351 13.

1067 2369 1089 2389 et
1107 2366 1181 2389 collat.
1201 2367 1234 2388 ll.
1252 2372 1276 2388 n.
1294 2366 1329 2388 45.

1130 2403 1140 2417 Β
1156 2405 1201 2428 Cir.
1217 2405 1283 2427 Num.
1303 2404 1342 2431 17,
1355 2404 1377 2426 3.
1394 2410 1470 2432 seqq.,
1482 2407 1503 2426 et
1514 2403 1583 2426 Hebr.
1600 2405 1628 2432 9,
1647 2405 1668 2427 4.
1680 2406 1753 2427 Serm.
1768 2406 1821 2429 245.
1833 2407 1856 2429 in
1867 2408 1910 2435 Ap-

1069 2444 1165 2472 pendice
1182 2446 1251 2466 scrin.
1268 2444 1363 2471 August.
1382 2442 1444 2471 (alias
1462 2443 1483 2465 3.
1500 2443 1528 2465 de
1546 2443 1669 2472 Tempore)
1690 2450 1714 2466 n.
1731 2445 1753 2467 5.
1770 2445 1908 2475 ostenditur,

1069 2484 1131 2512 quod
1149 2484 1214 2511 virga
1231 2484 1306 2505 Aaron
1328 2483 1448 2511 Deiparam
1466 2482 1583 2510 figuravit.
1599 2495 1629 2500 —-
1646 2483 1678 2506 De
1694 2484 1779 2506 vellere
1796 2484 1910 2508 Gedeonis

1068 2522 1122 2544 vide
1147 2522 1216 2544 ludio.
1234 2522 1259 2548 6,
1278 2521 1315 2543 37.
1340 2527 1404 2549 seqq.
1429 2523 1451 2542 et
1475 2521 1511 2543 ΡΞ.
1527 2521 1552 2543 Ἡ
1565 2540 1570 2550 ‚
1588 2522 1610 2544 6.
1626 2522 1731 2550 Origen.,
1749 2523 1831 2546 Homil.
1849 2524 1869 2546 8.
1887 2524 1909 2546 in

1068 2561 1139 2584 Iudic.
1156 2568 1178 2583 n.
1196 2561 1223 2588 4;
1240 2560 1345 2587 Hieron„
1363 2560 1433 2588 Epist.
1450 2561 1472 2582 9.
1488 2560 1518 2583 ad
1543 2561 1636 2583 Paulam
1661 2564 1683 2584 et
1707 2563 1854 2585 Eustochium
1880 2563 1909 2585 de

1069 2600 1208 2623 assumtione
1224 2599 1250 2621 Β.
1266 2599 1294 2621 Μ.
1310 2599 1339 2621 V.
1352 2599 1418 2623 (inter
1430 2605 1501 2627 opera
1513 2600 1613 2629 Hieron.)
1630 2607 1652 2623 n.
1670 2600 1696 2629 5;
1708 2601 1804 2629 August.
1821 2604 1843 2623 et
1859 2600 1909 2624 Cas-

1068 2639 1152 2662 siodor.
1169 2638 1192 2660 in
1210 2638 1246 2661 Ps.
1262 2638 1287 2660 74
1299 2657 1304 2666 ,
1316 2639 1339 2661 6.
1355 2639 1449 2667 docent,
1462 2645 1514 2662 rore
1530 2642 1552 2662 et
1569 2640 1652 2662 vellere
1668 2640 1791 2668 significari
1809 2640 1909 2663 incarna-

1068 2678 1136 2701 tionis
1153 2677 1235 2700 Christi
1249 2678 1384 2705 mysterium
1398 2678 1447 2706 (ros
1459 2678 1573 2707 Christus,
1586 2678 1660 2702 vellus
1671 2678 1757 2707 Maria).
1769 2679 1828 2702 Vide
1840 2680 1908 2702 etiam

1068 2716 1168 2743 Raban„
1180 2716 1279 2744 Allegor.
1292 2717 1314 2738 in
1332 2717 1355 2739 S.
1372 2718 1483 2745 scriptur.
1500 2717 1543 2740 sub
1560 2718 1691 2740 nominibus
1707 2717 1777 2747 virya
1793 2721 1815 2740 et
1826 2718 1908 2742 vellus.

1130 2754 1140 2767 ⁴
1156 2755 1211 2783 Cap.
1229 2756 1253 2778 3¹
1266 2774 1271 2783 ,
1283 2757 1325 2778 22:
1340 2757 1432 2779 Femina
1449 2756 1608 2780 circumdabit·
1617 2757 1701 2779 virum.
1717 2769 1748 2774 —
1765 2756 1840 2779 Verba
1857 2758 1909 2780 Ber-

1068 2795 1133 2818 nardi
1151 2796 1226 2816 sumta
1242 2797 1296 2817 sunt
1310 2801 1338 2818 ex
1355 2796 1438 2819 Homil.
1457 2797 1478 2818 2.
1495 2802 1564 2824 super
1584 2795 1672 2819 Missus
1689 2797 1723 2819 est
1738 2802 1760 2818 n.
1778 2796 1815 2818 tl.

1130 2831 1140 2844 ⁶
1158 2832 1213 2860 Cap.
1230 2833 1254 2855 3⁴1
1267 2850 1273 2860 ,
1285 2834 1330 2856 22:
1347 2833 1439 2857 Creavit
1454 2835 1566 2857 Dominus
1583 2840 1670 2856 novum
1687 2840 1756 2862 super
1774 2837 1865 2862 terram,
1878 2836 1908 2857 se-

1069 2873 1131 2895 mina
1155 2875 1198 2894 etc.
1223 2884 1254 2889 —
1279 2873 1331 2901 Seq.
1347 2873 1411 2896 locus
1428 2876 1461 2896 est
1477 2874 1525 2896 lsai.
1543 2873 1570 2902 7,
1590 2873 1633 2900 14;
1651 2873 1729 2896 tertius
1746 2874 1800 2896 Luc.
1818 2875 1844 2901 2,
1863 2874 1907 2895 ⁴2:

1069 2912 1095 2933 Et
1111 2912 1154 2933 hoc
1171 2910 1238 2933 vobis
1255 2911 1363 2939 signum:
1380 2912 1500 2934 Invenietis
1518 2912 1624 2935 iutantem
1642 2915 1685 2935 ew.

1130 2949 1140 2962 ⁵
1156 2949 1213 2978 Cap.
1230 2951 1270 2979 IS,
1289 2951 1325 2973 la.
1448 2981 1451 2984 ι

1131 2987 1140 3001 ⁷
1157 2989 1212 3017 Cap.
1229 2990 1255 3018 6,
1273 2990 1310 3012 26.
1328 3002 1359 3007 —
1376 2990 1428 3018 seq.
1446 2982 1510 3013 iocus
1527 2994 1560 3013 est
1577 2991 1654 3013 natm.
1671 2991 1712 3017 ie,
1730 2991 1768 3013 26.
