2285 3398
1031 395 1110 440 DE

290 560 733 635 REDUOTION
735 563 781 634 E
831 562 1143 635 ARTIUM
1191 562 1301 634 AD
1351 561 1854 635 THEOLOGIAM
1883 591 1884 594 ¹

275 1032 299 1059 1.
324 1031 414 1060 Omne
433 1031 537 1060 datum
558 1031 701 1068 optimum
719 1035 743 1060 et
758 1039 840 1060 omne
853 1030 964 1059 donum
974 1039 1042 1068 per-

107 1086 154 1106 rm
166 1087 179 1106 1.
192 1077 301 1114 sectum
314 1078 472 1110 desursum
485 1081 540 1112 est,
555 1078 726 1107 descendens
740 1087 760 1106 a
774 1078 865 1106 Patre
872 1077 1042 1112 luminum,

194 1124 308 1153 lacobus
336 1125 364 1153 in
393 1124 528 1162 Epistolae
554 1132 620 1154 suae
648 1125 739 1162 primo
759 1124 880 1162 capitulo
892 1124 910 1152 ¹.
934 1124 962 1152 ln
990 1124 1043 1153 hoc

52 1180 182 1204 otigoromnis
194 1171 280 1200 verbo
300 1171 424 1209 tangitur
445 1171 523 1209 origo
543 1171 633 1201 omnis
660 1170 878 1205 illuminationis,
905 1173 934 1199 et
960 1169 1048 1200 simul'

60 1204 183 1246 ffnmssffiffi‘il
194 1225 258 1247 cum
286 1218 338 1247 hoc
360 1218 480 1247 insinuat

69 1251 74 1256 ,
97 1251 120 1255 ,,
550 1218 702 1255 multiplicis
723 1217 835 1246 luminis
855 1208 896 1246 ah'
911 1217 958 1245 ina
984 1216 1043 1246 son-

60 1253 75 1270 ¹¹
87 1251 132 1293 Ψ
133 1251 184 1293 01:¹12]
196 1264 243 1293 tali
263 1264 325 1293 luce
346 1264 468 1294 liberalis
541 1265 641 1294 anatio.
663 1265 737 1294 Licet
756 1267 850 1293 autem
870 1264 960 1293 omnis
980 1264 1044 1293 illu-

60 1299 119 1317 ’Μ’
194 1311 308 1340 minatio
329 1310 492 1348 cognitionis
513 1311 624 1340 interna
643 1311 694 1346 sit,
716 1318 865 1349 possumus
885 1313 977 1340 tamen
999 1318 1044 1339 ra-

60 1368 181 1393 Quadruplex
194 1357 361 1396 tionabiliter
382 1357 568 1394 distinguere,
590 1360 622 1386 ut
641 1357 781 1391 dicamus,
801 1356 877 1394 quod
894 1357 1043 1385 estlumen

84 1391 157 1411 '‘¹¹⁰⁰''
194 1404 337 1439 exterius,
353 1404 457 1433 scilicet
476 1404 571 1433 lumen
591 1404 660 1432 artis
681 1403 875 1437 mechanicae;
890 1402 985 1431 lumen
999 1402 1043 1430 in—

192 1450 306 1489 ferius,
327 1450 432 1480 scilicet
452 1450 546 1479 lumen
567 1449 731 1487 cognitionis
755 1449 920 1483 sensitivae;
948 1448 1043 1477 lumen

193 1497 334 1531 imerius,
349 1496 452 1526 scilicet
472 1496 566 1524 lumen
587 1494 750 1532 cognitionis
763 1494 985 1532 philosophicae3
1000 1494 1042 1523 lu-

192 1551 257 1572 men
277 1542 432 1580 superius,
454 1542 559 1571 scilieet
578 1541 673 1570 lumen
694 1541 799 1579 gratiae
819 1544 847 1570 et
861 1549 955 1570 sacrae
970 1541 1043 1570 Scri-

193 1592 301 1627 pturae.
330 1589 453 1618 Primum
480 1588 574 1617 lumen
602 1588 740 1617 illuminat
768 1590 896 1625 respectu
926 1587 1043 1626 figurae

193 1635 377 1674 artificiali&
406 1635 560 1665 secundum
582 1638 711 1673 respectu
731 1634 847 1673 formae
873 1634 1042 1669 naturalis,

193 1683 307 1713 tertium
327 1686 457 1721 respectu
477 1682 611 1712 veritatis
624 1682 840 1716 intellectualis,
863 1684 996 1719 quartum
1017 1685 1044 1710 et

193 1730 324 1760 ultimum
338 1732 467 1768 respectu
481 1729 615 1759 veritatis
628 1729 782 1759 salutaris.

272 1779 298 1807 Ξ.
314 1778 437 1807 Primum
452 1777 537 1815 igitur
552 1778 645 1807 lumen
656 1800 663 1812 ,
674 1777 753 1815 quod
767 1777 906 1806 illuminat
920 1777 954 1805 ad
967 1776 1043 1815 βρα-

83 1837 142 1865 nei.
156 1816 183 1856 lu.-
195 1834 248 1854 ναις
269 1825 457 1862 artificiales,
477 1833 549 1862 quae
570 1825 649 1862 quasi
668 1824 795 1853 exterius
809 1827 874 1853 sunt
888 1827 916 1853 et
930 1827 1044 1861 propter

100 1866 157 1880 mm·
194 1872 377 1910 supplendam
407 1872 532 1909 corporis
563 1871 741 1909 indigentiam
772 1875 914 1908 repertae,
942 1872 1044 1900 dicitur

195 1920 290 1949 lumen
310 1919 387 1948 artis
400 1917 586 1947 mechanicae
597 1919 608 1935 ²
619 1929 629 1952 ;
648 1926 719 1956 quae
728 1941 735 1953 ‚
750 1918 816 1956 quia
830 1918 949 1955 quodam
963 1918 1045 1947 modo

195 1966 303 1995 servilis
331 1968 372 1994 est
400 1968 426 1994 et
453 1964 602 2002 degenerat
621 1973 637 1993 a
659 1965 813 2002 cognitione
838 1965 1044 2002 philosophiae,

195 2015 271 2041 recte
291 2014 382 2049 potest
402 2011 455 2040 dici
476 2011 612 2040 eaeterius.
637 2012 668 2040 Et
688 2011 757 2040 illud
781 2010 987 2048 septuplicatur'
1003 2010 1057 2041 se?

72 2072 106 2092 m
118 2074 182 2097 septu·
196 2059 319 2088 cundum
339 2061 443 2096 septem
457 2060 532 2087 artes
545 2059 735 2093 mechanicas,
750 2066 820 2096 quas
834 2058 955 2096 assignat
968 2059 1045 2096 Hugo

100 2096 150 2120 '¹¹²¹'
195 2107 223 2135 in
240 2105 448 2139 Didascalico-²¹,
469 2113 541 2142 quae
558 2108 625 2134 sunt
644 2105 749 2134 scilicet
769 2105 935 2139 lanificium,
954 2114 1044 2134 arma-

195 2157 274 2187 tura,
289 2152 477 2190 agricultura,
499 2152 622 2194 venatio,
637 2152 789 2189 navigatio,
806 2152 955 2186 medicina,
967 2152 1043 2181 thea-

59 2213 182 2233 Sufflaenua,
195 2200 333 2229 trica.--
355 2199 479 2236 Quarum
501 2198 677 2237 sufficieutia
691 2199 729 2228 sic
744 2199 886 2236 accipitur.
909 2198 1043 2235 Quoniam

259 2368 266 2381 ¹
285 2369 352 2391 Vers.
371 2369 406 2391 ⁴7.
423 2380 455 2386 -—
472 2364 522 2391 Maii
539 2370 592 2396 post
614 2367 681 2398 origo
702 2368 778 2392 omnis
800 2368 981 2393 illuminationis
998 2370 1042 2392 ΑΒ

195 2409 259 2431 DEF
276 2410 450 2450 prosequgtur
465 2409 489 2431 et
504 2407 575 2438 flurin
592 2413 647 2430 cum
663 2406 707 2431 hoc
724 2410 766 2431 etc.
785 2408 889 2432 Subinde
905 2415 948 2437 pro
965 2408 1042 2439 coqui-

196 2447 265 2471 tiouis
282 2446 377 2470 interna
387 2444 428 2474 szt',
440 2447 505 2476 quod
516 2446 625 2469 exhibent
641 2446 737 2474 GlKL,
749 2447 785 2470 alii
798 2448 865 2471 codd.
878 2454 925 2471 non
938 2449 998 2470 male
1010 2448 1043 2471 in-

196 2490 277 2511 ternae
288 2486 318 2510 sit
330 2486 483 2516 coynz'tz'onis,
503 2486 557 2509 edd.
573 2486 667 2509 interna
679 2485 710 2510 sit
721 2486 860 2517 cognitione.
878 2488 973 2510 inferius
990 2490 1043 2516 post

195 2526 301 2551 veritam
315 2525 431 2550 salutaris
447 2526 467 2548 K
486 2525 578 2548 exhibet
594 2526 716 2548 elenchum
735 2526 763 2548 10
780 2527 935 2555 capitulorum
952 2527 1042 2555 operis,

196 2566 296 2590 subinde
312 2564 406 2588 cuili'lJct
423 2564 481 2593 parti
499 2565 623 2592 praemittit
639 2565 825 2594 correspondens
842 2572 893 2594 cap.

242 2604 268 2632 ‚²
285 2606 303 2627 G
321 2604 386 2627 addit
407 2603 571 2627 mechanicum
595 2604 698 2632 Graece,
714 2604 795 2628 Latine
817 2604 974 2634 inaeniosum.
996 2605 1042 2628 Cir.

196 2646 300 2672 Aristeu,
317 2643 468 2673 Quaestiones
486 2643 646 2670 mechanicae,
663 2643 702 2666 ubi
721 2643 760 2672 (in
781 2644 905 2674 principio)
928 2644 1043 2673 approbat

197 2685 285 2707 <lictum
301 2685 384 2712 poetae
401 2682 531 2710 Antiphon:
553 2691 563 2702 α
574 2682 628 2705 Arte
644 2683 706 2705 enim
723 2689 918 2711 superamusea,
931 2690 943 2706 a
956 2683 1042 2712 quibus

197 2724 278 2745 natura
290 2722 406 2744 vincimur
417 2730 439 2748 n,
451 2723 473 2743 et
486 2720 564 2748 docet,
576 2720 613 2742 illa
625 2723 715 2744 tantum
731 2721 825 2744 artificia
838 2722 867 2745 ad
884 2722 1042 2745 mechanicam

197 2761 325 2789 pertinere,
337 2766 397 2790 quac
409 2762 457 2790 arte
474 2760 524 2782 sive
536 2759 629 2787 ingenio
646 2760 790 2788 indigentad
803 2761 974 2790 propulsandas
986 2761 1041 2783 dissi-

198 2800 292 2823 cultates
308 2799 376 2822 nobis
393 2799 552 2827 contingentes
569 2800 660 2826 praeter
671 2801 777 2825 naturam
794 2799 831 2829 (in
842 2800 991 2832 multisvenim
1004 2806 1042 2823 na-

197 2839 255 2861 tura'
265 2839 298 2866 ei,
315 2839 380 2867 quod
390 2838 458 2861 nobis
474 2838 525 2861 usui
538 2844 589 2860 esse
605 2840 693 2865 potest,
710 2836 850 2862 contrarium
865 2840 930 2869 facit)
948 2843 970 2861 et
982 2845 1042 2868 quae

196 2879 289 2900 nostrae
306 2876 446 2900 subveniunt
463 2877 559 2900 utilitati.
569 2889 601 2893 —
614 2877 723 2905 Superius
735 2883 777 2906 pro
795 2868 948 2908 iudiqmuuzm
964 2884 1042 2907 reper-

197 2919 246 2946 tae,
264 2916 350 2940 dicitur
368 2916 490 2940 ABDEF
507 2916 673 2947 indigentiam,
690 2918 753 2940 recte
769 2917 864 2941 dieitur.

259 2954 269 2968 ⁸
281 2956 335 2978 Sive
347 2956 479 2979 Eruditione
491 2956 640 2983 didascalica,
654 2956 678 2978 ll.
690 2962 710 2978 c.
722 2957 759 2979 2¹.
771 2956 817 2980 Cfr.
829 2958 844 2980 l.
853 2958 958 2985 Excerpt.
970 2957 1042 2985 prior.

197 3002 217 3018 c.
236 2996 273 3019 44.
288 3007 320 3012 —
340 2994 541 3024 Subsequentibus
558 2995 716 3024 temporibus,
737 2996 822 3019 omissa
840 2996 967 3025 theatrica,
989 2997 1042 3020 suh-

1099 1032 1188 1061 omnis
1215 1040 1261 1061 ars
1288 1033 1449 1061 mechanica
1476 1034 1526 1061 aut
1545 1035 1587 1061 est
1605 1032 1639 1061 ad
1659 1032 1814 1067 solatium,
1835 1035 1885 1062 aut
1911 1032 1946 1062 ad
1958 1036 2038 1055 Divitio-

1100 1079 1301 1112 commodum,-
1322 1078 1379 1107 sive
1399 1081 1448 1107 aut
1462 1081 1504 1107 est
1517 1078 1551 1107 ad
1565 1078 1767 1107 excludendam
1782 1079 1947 1113 tristitiam,

1099 1126 1149 1153 aut
1168 1124 1380 1162 indiyeutz‘am;
1402 1124 1459 1153 sive
1479 1127 1528 1153 aut
1542 1124 1678 1161 prodest,
1694 1127 1742 1153 aut
1756 1124 1891 1160 delectat,
1906 1133 1949 1154 se-

1100 1170 1224 1199 cundum
1239 1170 1308 1199 illud
1322 1171 1424 1199 Horatii
1436 1171 1464 1198 ⁴:

1195 1256 1240 1278 Aut
1256 1255 1368 1284 prodesse
1384 1256 1479 1283 volunt,
1495 1258 1535 1278 aut
1552 1255 1666 1278 delectare
1683 1258 1774 1284 poetae.

1101 1333 1133 1361 Et
1147 1333 1265 1375 iterum:

1194 1418 1270 1441 Omne
1287 1419 1337 1442 tulit
1352 1422 1466 1447 punctum
1483 1420 1524 1449 qui
1542 1420 1634 1443 miscuit
1650 1420 1706 1443 utile
1722 1421 1793 1444 dulci.

1100 1495 1127 1524 Si
1147 1495 1243 1524 estad
1263 1496 1402 1525 solatium
1429 1500 1457 1526 et
1483 1497 1709 1532 delectationem,
1738 1498 1777 1527 sic
1804 1501 1846 1528 est
1873 1497 1952 1527 tltea-
1963 1503 2094 1545 ⁰³,},·0¹²¹⁹¹¹¹·

1100 1542 1193 1576 trica,
1212 1550 1284 1579 quae
1298 1545 1341 1572 est
1354 1551 1400 1572 ars
1414 1543 1545 1572 ludorum
1555 1567 1562 1579 ,
1577 1552 1688 1573 omnem
1709 1545 1824 1574 modum
1838 1545 1950 1575 ludendi
2036 1541 2040 1545 ’

1100 1589 1255 1623 continens,
1277 1589 1334 1618 sive
1355 1589 1390 1618 sit
1411 1589 1439 1618 in
1460 1590 1603 1625 cantibus,
1625 1591 1683 1620 sive
1704 1591 1733 1620 in
1752 1592 1878 1629 organis,
1893 1592 1951 1621 sive

1099 1635 1128 1663 in
1142 1635 1296 1672 figmentis,
1312 1635 1369 1664 sive
1383 1635 1411 1663 in
1426 1636 1682 1673 gesticulationibus
1696 1638 1822 1674 corporis
1832 1638 1852 1665 ⁵.
1870 1654 1907 1659 —
1923 1637 1950 1666 Si
1959 1643 2066 1685 Subdssvguio
2073 1643 2091 1661 2-

1100 1690 1167 1711 vero
1187 1682 1332 1711 ordinatur
1352 1682 1386 1711 ad
1408 1682 1591 1712 commodum
1605 1683 1663 1713 sive
1677 1683 1833 1721 profectum
1852 1692 1951 1713 secun-
1974 1671 2005 1686 ¹¹²⁹
2038 1671 2062 1685 η’

1100 1729 1168 1758 dum
1189 1729 1358 1758 exteriorem
1378 1729 1533 1764 hominem,
1547 1730 1600 1759 hoc
1614 1733 1704 1767 potest
1724 1738 1784 1759 esse
1798 1733 1848 1759 aut
1862 1739 1950 1768 quan-

1101 1779 1161 1805 tum
1183 1776 1217 1805 ad
1238 1776 1465 1814 operimentum,
1480 1779 1528 1805 aut
1549 1779 1685 1813 quantum
1706 1776 1740 1805 ad
1761 1776 1948 1811 alimentum,

1101 1827 1150 1852 aut
1163 1827 1298 1861 quantum
1314 1824 1348 1853 ad
1362 1824 1516 1862 utriusque
1531 1824 1754 1853 adminiculum.
1771 1840 1807 1845 —
1819 1824 1845 1852 Si
1861 1818 1949 1861 quan·
1966 1828 2092 1871 9¹2⁰³2i¹m⁴1³¹³⁰'

1101 1874 1161 1900 tum
1182 1871 1216 1900 ad
1237 1871 1461 1909 operimentum,
1476 1875 1525 1900 aut
1539 1871 1607 1900 illud
1621 1874 1663 1900 est
1684 1871 1717 1900 de
1738 1871 1854 1900 materia
1872 1858 2016 1900 molliffl'z'f
2062 1858 2091 1871 π’

1101 1921 1129 1947 et
1149 1918 1218 1953 leni,
1241 1918 1279 1948 sic
1300 1921 1341 1948 est
1363 1917 1547 1956 lauificium;
1571 1921 1620 1948 aut
1640 1918 1674 1947 de
1695 1918 1811 1948 materia
1831 1918 1903 1947 dura
1923 1921 1950 1947 et

1101 1965 1181 2000 forti,
1209 1968 1236 1994 et
1261 1966 1300 1995 sic
1327 1969 1369 1995 est
1396 1969 1557 1994 armatura
1585 1966 1643 1995 sive
1663 1974 1709 1995 ars
1729 1965 1850 2001 fabrilis,
1878 1973 1950 2003 quae

1101 2012 1223 2041 continet
1237 2020 1347 2042 omnem
1361 2015 1534 2042 armaturam
1548 2013 1728 2043 sabricatam⁶
1743 2013 1801 2043 sive
1815 2021 1851 2042 ex
1865 2012 1949 2050 ferro,

1102 2058 1160 2087 sive
1174 2067 1211 2088 ex
1226 2067 1405 2097 quocumque
1419 2060 1545 2095 metallo,
1561 2060 1619 2090 sive
1633 2060 1722 2098 lapide
1731 2083 1738 2095 ,
1753 2060 1810 2090 sive
1825 2060 1906 2098 ligno.

1180 2106 1206 2134 Si
1227 2113 1294 2134 vero
1314 2106 1391 2135 iuvat
1412 2109 1548 2144 quantum
1576 2107 1611 2136 ad
1637 2107 1752 2142 cibum,
1781 2108 1834 2137 hoc
1860 2110 1951 2145 potest
1963 2113 2091 2156 Itegflucrigaoao

1101 2159 1160 2181 esse
1174 2152 1340 2189 dupliciter:
1355 2153 1422 2191 quia
1436 2154 1562 2183 cibamur
1580 2154 1801 2193 vegyetabuibus‚
1820 2158 1868 2184 aut
1888 2164 1950 2184 sen-
2050 2151 2054 2155 ’

1099 2198 1240 2228 sibilibuS.
1269 2199 1296 2228 Si
1324 2203 1460 2237 quantum
1481 2201 1515 2230 ad
1535 2201 1721 2239 veyetabilz'a,
1747 2202 1786 2231 sic
1806 2205 1847 2231 est
1869 2202 1949 2240 ayri-
1985 2203 1987 2206 ’

1100 2368 1253 2392 stituebantur
1270 2368 1383 2393 militaris
1401 2373 1424 2392 et
1445 2369 1539 2400 fabriles
1557 2371 1608 2399 (cir.
1626 2371 1695 2399 paulo
1713 2371 1816 2401 interius)
1833 2374 1948 2400 tanquam

1100 2408 1161 2430 duae
1179 2410 1240 2431 artes
1246 2417 1252 2435 3
1270 2409 1331 2437 quae
1343 2411 1432 2436 septem
1450 2412 1511 2431 artes
1528 2410 1572 2432 hoc
1588 2416 1658 2432 versu
1676 2410 1875 2439 exprimebantur:

1194 2486 1253 2513 Rus,
1270 2492 1366 2513 nemus,
1384 2493 1461 2514 arma,
1478 2489 1552 2514 rates,
1569 2488 1676 2515 vulnera,
1694 2488 1758 2515 lana,
1781 2487 1853 2510 saber.

1162 2563 1172 2576 ⁴
1189 2564 1259 2592 ljpist.
1276 2564 1306 2586 ad
1318 2564 1412 2587 Pisones
1428 2565 1477 2586 site
1490 2565 1519 2587 de
1536 2565 1590 2587 Arte
1606 2565 1708 2593 poetica,
1726 2571 1748 2586 x.
1761 2565 1817 2592 333;
1836 2571 1884 2594 seq.
1896 2571 1946 2587 ver-

1100 2609 1140 2625 sus
1157 2606 1191 2625 est
1208 2602 1264 2625 ibid.
1280 2609 1304 2625 v.
1321 2603 1375 2626 343.

1163 2640 1172 2654 ⁵
1189 2642 1207 2664 Α
1217 2642 1233 2664 Β
1242 2643 1258 2664 Ε
1267 2642 1282 2664 F
1295 2648 1424 2671 corporum
1436 2644 1459 2665 et
1469 2642 1573 2670 choreis,
1583 2643 1602 2664 D
1611 2648 1739 2672 corporum
1750 2642 1799 2666 sive
1810 2642 1835 2665 in
1847 2638 1946 2666 choreis.

1162 2679 1172 2693 Β
1188 2681 1244 2704 ClK
1262 2680 1430 2711 fabricantem,
1453 2682 1576 2704 ABDEF
1594 2682 1684 2709 legunt:
1702 2687 1796 2704 omnem
1812 2682 1889 2704 artem
1906 2688 1946 2704 ar-

1099 2723 1254 2747 maturarum
1270 2720 1412 2750 sabrz'eandi.
1431 2721 1564 2743 Secundum
1581 2721 1641 2749 Hug.
1659 2727 1672 2743 a
1690 2721 1713 2743 S.
1724 2721 1796 2747 Vict.,
1818 2721 1842 2743 ll.
1858 2721 1946 2744 Erudit.

1099 2761 1209 2783 didascal.
1227 2766 1247 2783 c.
1264 2761 1305 2788 23,
1323 2763 1450 2789 armatura,
1469 2761 1498 2783 ad
1510 2761 1702 2789 cueurpertinet
1718 2761 1793 2783 omnis
1810 2761 1905 2783 materia
1917 2761 1945 2783 la-

1099 2800 1192 2829 pidum,
1205 2800 1332 2828 lignorum,
1350 2801 1494 2823 metallorum
1507 2803 1561 2827 etc.,
1574 2801 1631 2823 duas
1644 2801 1732 2829 species
1744 2800 1826 2827 habet,
1843 2800 1891 2822 scil.
1907 2806 1945 2822 ar-

1099 2835 1275 2863 chitectonicam
1293 2839 1347 2868 (sub
1364 2846 1410 2869 qua
1428 2846 1464 2862 ars
1482 2841 1636 2863 caementaria
1654 2843 1676 2863 et
1698 2840 1849 2868 carpentaria)
1873 2841 1895 2861 et
1910 2839 1943 2869 fa-

1099 2878 1183 2902 brilem
1201 2878 1254 2908 (sub
1271 2885 1317 2908 qua
1340 2882 1374 2902 est
1390 2885 1427 2901 ars
1450 2880 1590 2902 malleatoria
1608 2882 1630 2902 et
1647 2875 1785 2906 exclusoria,
1803 2881 1872 2907 prout
1895 2878 1943 2906 ipsa

1099 2924 1200 2941 massam
1218 2918 1241 2941 in
1258 2920 1356 2941 sormam
1374 2919 1459 2946 redigit
1475 2920 1511 2941 vel
1534 2919 1648 2947 feriendo,
1666 2920 1702 2941 vel
1721 2917 1857 2947 fundendo).
1875 2918 1936 2945 Supc

1099 2959 1147 2980 rius
1165 2964 1207 2986 pro
1224 2957 1293 2981 molli
1308 2960 1331 2982 et
1341 2958 1389 2981 leni
1406 2959 1427 2986 ’1,
1440 2959 1465 2986 2,
1483 2959 1496 2981 3
1510 2964 1562 2981 cum
1581 2958 1686 2986 pluribus
1699 2957 1767 2980 codd.
1785 2956 1944 2980 levi.1nrerius

1100 3003 1143 3025 pro
1160 2997 1238 3021 cibum
1255 2997 1309 3020 edd.
1325 2994 1473 3021 alimentum.
