2285 3398
89 443 180 464 Secundo.

54 466 115 489 quoad
124 466 181 489 impe-

55 494 88 507 ria.

54 536 136 557 Quattuor
150 535 182 553 im—

66 558 171 580 uiignantia.

93 627 179 644 Primum.

68 809 180 828 Secundum.

92 902 180 920 Tei-tium.

82 1039 179 1062 Quartum.

86 1507 152 1527 Tertio,

59 1530 120 1553 quoad
132 1530 180 1548 desi-

90 1553 147 1571 deria.

78 1599 124 1617 Sunt
136 1604 179 1621 qua·

106 1624 151 1640 tuor.

89 1783 176 1801 Primum.

65 1966 176 1985 Secundum.

88 2150 175 2168 Tertium.

981 128 1089 156 senno
1109 108 1138 155 ii.

198 215 276 235 nemo
301 207 363 240 scit,
386 211 485 234 ulrum
513 205 610 242 aliquis
641 214 754 238 amore,
776 213 816 233 an
837 205 900 232 odio
926 205 1032 240 dianas

196 254 250 287 sit,
279 253 431 281 animarum
460 252 562 281 indices
589 248 735 288 aliquando
762 251 903 279 falluntur.
931 266 966 270 —
988 249 1030 278 Sic

196 308 261 336 ergo
284 303 371 335 patet,
393 299 465 335 quod
487 299 607 327 humana
638 297 736 325 iudicia
768 297 792 325 in
823 297 873 325 hac
901 297 955 324 vita
977 304 1029 324 uon

196 349 259 374 sunt
280 346 472 374 universaliter
493 347 574 373 recta.
763 348 764 351 ’

275 393 299 419 6.
322 392 360 420 De
381 391 511 428 imperiis
532 394 623 419 autem
646 394 753 419 nostrae
781 389 916 418 facultatis
937 388 1030 417 simili-

200 441 239 466 ter
260 441 341 474 patet.
373 432 439 473 Quis
469 436 540 465 enim
568 444 691 472 'uuquam
722 436 747 463 in
780 435 914 472 praesenti
936 433 1031 462 habuit

197 484 288 511 omnia
309 483 423 519 imperia
443 490 492 510 sua
512 482 710 517 tranquillata?
732 482 865 509 Habemus
886 480 957 509 enim
983 487 1031 507 nos

200 529 290 557 miseri
313 536 430 565 pugnam
452 527 675 564 quadruplicem,
697 536 752 564 qua.
771 527 869 563 iugiter
889 527 1030 562 impugna-

200 583 276 608 mur,
298 574 399 603 scilicet
427 581 545 609 pugnam
575 573 723 609 temporis,
745 573 890 609 corporis,
911 579 1030 599 sensua-

199 621 289 649 [uatis
309 623 336 648 et
356 619 520 647 voluntatis
543 635 581 638 ——
609 619 730 655 Tempus
751 619 892 655 impugnat
910 625 961 645 uos
982 617 1030 644 mi-

199 666 364 695 serabiliter:
380 668 467 693 aestas
488 673 536 701 per
552 665 661 693 nimiam
682 665 859 697 caliditatem,
875 659 961 692 hiems
982 671 1030 699 per

199 713 306 740 nimiam
321 711 507 748 frigiditatem,
522 714 671 739 autumnus
686 718 734 747 per
750 710 859 738 nimiam
874 709 1030 742 siccitatem

200 766 245 786 vei*
267 765 315 793 per
336 756 510 785 excedentem
535 757 733 785 humiditatem.
756 757 874 792 Tempus
895 756 975 784 etiam
991 758 1031 783 est

199 804 361 840 principium
383 802 573 838 corruptionis.
593 819 631 822 —
646 803 758 839 Corpus
771 802 852 830 etiam
873 809 922 830 uos
942 802 1031 837 impu-

198 853 261 886 gnat
282 853 304 877 oi
328 849 431 885 affligit,
452 849 531 876 modo
552 849 733 882 l'amescens¹‚
755 848 834 877 modo
865 848 1030 881 febricitans,

200 896 277 924 modo
298 896 444 931 frigescens
466 897 515 922 etc.
536 912 572 915 »-
590 896 656 931 Quis
677 899 768 923 autem
793 895 826 923 de
846 890 1031 922 sensualitate

198 942 315 974 dubitet,
331 941 396 977 quin
411 941 488 969 nohis
504 941 600 969 inierat
615 949 739 978 magnam
755 949 882 977 pugnam,
898 941 1030 968 voluntati

197 988 334 1016 multoties
354 986 561 1015 contradicons?
576 988 639 1015 l'ult
659 987 730 1015 enim
752 987 908 1020 comedere,
925 987 1029 1020 bibere,

197 1033 317 1062 dormire
337 1036 364 1061 et
387 1035 476 1061 cetera
498 1033 661 1061 huiusmodi.
683 1048 718 1052 —-
737 1032 837 1060 Contra
857 1033 1031 1061 volantatem

197 1079 278 1108 etiam
299 1086 417 1115 pugnam
440 1078 588 1111 habemusy
605 1079 667 1114 quia
683 1086 732 1106 nec
750 1077 808 1113 ipsa
830 1078 968 1106 multoties
990 1081 1030 1106 est

197 1125 324 1153 obediens
336 1123 441 1157 rationi,
454 1124 536 1151 immo
550 1124 629 1152 etiam
642 1124 669 1151 in
681 1123 824 1158 semetipsa
838 1126 880 1151 est
894 1123 1031 1151 contraria

197 1173 224 1199 et
243 1170 358 1199 diversa.
381 1170 445 1197 Nam
457 1170 468 1186 2
489 1170 649 1198 contradicit
669 1169 767 1198 divinis
788 1168 893 1204 legibus
908 1176 957 1196 nec
972 1169 1031 1196 vult

197 1216 291 1246 subiici
314 1216 426 1249 rationi;
448 1215 494 1244 sed
516 1216 543 1244 in
565 1216 709 1252 semetipsa
729 1217 770 1243 est
790 1214 929 1242 contraria
950 1217 976 1242 et
990 1214 1030 1242 di-

197 1263 264 1297 visa;
286 1270 347 1290 nam
370 1262 449 1290 vellet
463 1261 531 1289 velle
546 1262 619 1298 quod
640 1270 693 1290 nou
707 1263 795 1297 potest
817 1260 893 1289 velle.
910 1276 946 1280 —
961 1260 1029 1288 Cum

197 1309 278 1345 igitur
300 1308 392 1336 nullus
413 1308 447 1336 sit
466 1307 494 1336 in
515 1308 564 1336 hac
580 1309 647 1342 vita,
662 1308 708 1344 qui
730 1315 784 1335 nou
805 1308 965 1335 molestetur
980 1307 1030 1335 hac

197 1363 286 1392 pugna
306 1354 493 1391 quadruplici,
515 1355 627 1391 planum
648 1356 701 1387 est,
723 1354 797 1390 quod
812 1354 905 1382 nullus
926 1354 970 1382 hic
986 1354 1030 1382 ha-

197 1401 240 1430 bet
261 1408 310 1430 sua
331 1400 443 1436 imperia
464 1400 668 1436 tranquillata&

273 1448 297 1474 7.
320 1447 357 1474 De
379 1446 527 1474 ctesidertis
542 1446 637 1482 utiquo
653 1446 703 1474 hoc
719 1446 789 1474 idem
805 1448 885 1482 patet.
908 1446 974 1482 Quis
989 1449 1030 1474 est

196 1493 267 1521 enim
285 1492 331 1529 qui
351 1492 378 1520 in
399 1492 533 1528 praesenti
556 1492 653 1520 habeat
672 1492 743 1520 sua⁴²
757 1492 909 1520 desideria?
924 1492 1028 1520 Nullus.

196 1540 263 1567 Sunt
289 1541 379 1567 autem
407 1540 525 1574 quatuor
552 1538 700 1571 desideria,
729 1546 800 1574 quae
828 1542 891 1567 sunt
912 1538 969 1567 fere
995 1538 1029 1566 ad

195 1592 274 1613 omne
294 1585 397 1612 malum
418 1583 557 1612 inductiva
567 1584 587 1617 ὅ,
609 1584 711 1613 scilicet
730 1584 896 1613 desiderium
917 1585 1029 1621 prim-i-

192 1631 299 1668 pandi,
327 1630 491 1658 desiderium
518 1630 627 1658 scimzdi
647 1631 689 1658 vel
710 1631 903 1667 cognoscendi,
925 1631 1028 1659 deside-

195 1677 265 1705 rium
286 1676 443 1704 delectandi
462 1679 489 1704 et
508 1676 673 1704 desideriam
701 1676 879 1704 abundandi.
907 1677 1027 1704 Primum

194 1726 234 1752 est
253 1723 332 1751 radix
353 1722 521 1759 superbiae,
537 1722 687 1751 secuudum
704 1722 899 1755 curiositatis,
916 1723 1027 1750 tertium

195 1769 341 1802 lasciuiae,
364 1771 493 1805 quartum
518 1768 694 1805 cupiditatis.
718 1784 753 1788 —
776 1767 894 1796 Primum
923 1768 1027 1796 deside—

194 1815 264 1844 rium
287 1815 393 1851 impleri
416 1822 469 1842 non
489 1816 593 1850 potest,
615 1814 694 1855 quia,
709 1814 757 1843 etsi
774 1814 820 1842 toti
835 1813 938 1842 mundo
952 1814 1026 1849 prin-

194 1860 306 1897 cipem,
327 1868 401 1889 mors
422 1864 511 1889 tamen
532 1860 731 1896 principabitur
745 1860 809 1893 tibi,
824 1859 903 1896 quia,
919 1862 949 1887 ut
962 1859 1027 1887 dicit

194 1907 304 1943 Sapiens
324 1906 500 1935 Ecclesiastici
521 1905 664 1939 decimo⁶,
686 1906 779 1934 omnis
794 1908 975 1942 potentatus,
1000 1905 1026 1933 id

194 1956 234 1981 est
248 1953 431 1989 principatus,
445 1952 506 1980 vita
521 1951 620 1980 brevis.
636 1960 674 1972 —'-
689 1951 842 1980 Secundum
861 1951 1025 1980 desiderium

194 1999 299 2035 impleri
321 2006 374 2026 non
396 2000 498 2034 potest,
520 1998 593 2034 quia,
613 1998 635 2026 si
658 2005 706 2034 per
726 1997 827 2025 multos
848 2005 932 2026 annos
954 1997 1026 2026 vive-

194 2052 253 2078 res,
274 2044 362 2072 adhuc
383 2046 509 2072 naturam
531 2043 613 2071 unius
626 2042 759 2077 festucae,
774 2051 823 2072 seu
838 2051 962 2076 muscae,
977 2051 1025 2071 seu

194 2089 320 2118 minimae
340 2092 483 2118 creaturae
503 2089 536 2117 de
557 2089 659 2116 mundo
679 2088 712 2116 ad
732 2089 842 2124 plenum
864 2094 1025 2124 cognoscere

193 2144 246 2163 non
274 2136 386 2164 valeres.
415 2151 451 2155 —-
478 2135 599 2163 Tertium
627 2134 807 2168 desiderium,
833 2135 933 2163 scilicet
953 2135 1025 2163 dele-

194 2181 296 2215 ctandi,
319 2182 362 2209 hic
389 2181 494 2217 impleri
523 2188 576 2208 non
598 2182 700 2216 potest,
722 2180 800 2216 quia,
822 2180 868 2208 ubi
889 2181 1025 2209 inveneris

1865 129 1915 158 541

1087 203 1328 238 delectamentum,
1351 205 1475 241 sequitur
1497 209 1588 241 postffl
1609 206 1746 234 cruciatus
1761 209 1787 234 et
1803 208 1919 234 tormen-

1090 253 1154 278 tum.
1177 250 1270 279 Omnis
1290 251 1366 279 enim·
1383 252 1524 280 delectatio
1545 252 1571 279 in
1593 251 1865 287 praesentirespersa
1879 255 1920 280 est

1087 296 1297 324 auiaritudine⁷.
1321 313 1357 318 —
1378 298 1512 332 Quartum
1533 301 1623 325 autem
1649 297 1830 329 desiderium,
1851 297 1920 332 scili-
1937 305 2031 327 Quartum.

1087 344 1129 369 cet
1149 342 1318 376 abundandi,
1341 343 1465 371 similiter
1487 343 1529 370 hic
1552 343 1656 379 impleri
1673 351 1725 371 non
1740 346 1843 378 potest,
1858 343 1922 378 quia

1088 396 1199 415 avarus
1227 397 1283 416 non
1308 388 1474 424 implebitur
1496 389 1621 425 pei—uma
1632 388 1651 416 ⁵⁵.
1675 388 1747 416 Unde
1770 388 1923 416 Bernartius

1088 433 1113 461 iu
1137 434 1205 462 libro
1225 435 1258 463 de
1282 434 1419 470 Diligendo
1440 435 1513 463 Deo:
1541 447 1552 458 ιι
1569 435 1683 463 Pecunia
1704 434 1742 462 sic
1757 442 1809 462 non
1823 434 1922 462 minuit

1087 480 1192 508 animae
1212 480 1325 513 samem,
1348 480 1483 516 quomodo
1505 488 1553 509 nec
1572 480 1697 516 corporis
1720 482 1824 508 ventus.
1846 479 1923 507 Deui-

1087 534 1141 562 que
1162 526 1183 554 si
1205 526 1359 554 famelicum
1393 526 1528 553 homiuem
1558 526 1658 562 apertis
1679 526 1820 558 faucibus,
1846 528 1925 553 vento

1087 572 1187 600 inllatis
1209 572 1320 600 haurire
1342 572 1435 600 buccis
1453 573 1545 599 adirem
1566 580 1677 605 cernas,
1700 580 1755 608 quo
1770 571 1846 608 quasi
1863 579 1926 598 cou-

1087 619 1158 646 sulat
1179 618 1257 649 tami3
1280 624 1368 646 nonne
1390 618 1485 646 credas
1505 618 1645 646 insanire?
1666 618 1708 646 Sic
1734 626 1787 645 uon
1811 616 1925 645 minoris

1087 664 1206 692 insaniae
1233 663 1347 700 estqui
1384 664 1511 699 spiritum
1544 663 1703 691 rationalem
1734 664 1817 691 rebus
1844 667 1923 699 putes

1087 710 1308 746 quibuscumque
1335 710 1524 745 corporalibus
1545 718 1597 737 non
1619 709 1704 745 magis
1726 709 1814 737 inflari
1843 716 1925 745 quani

1087 756 1187 784 satiari.
1209 756 1280 792 Quid
1301 762 1418 791 namque
1439 756 1656 791 decet-poribus
1670 755 1702 783 ad
1718 755 1853 791 spiritus?
1874 755 1925 782 ,ἵει

1088 802 1133 831 illa
1160 810 1224 830 sane
1252 802 1456 838 spiritualibus,
1478 809 1526 830 nec
1548 801 1590 829 isti
1612 809 1627 829 e
1648 801 1757 838 reg-ione
1778 801 1925 837 corporali—

1087 848 1139 876 bus
1160 848 1235 876 retici
1257 850 1402 884 queunt».
1425 848 1444 875 T
1446 851 1522 876 otum
1543 851 1584 876 est
1606 847 1743 875 Beruardi.

1165 894 1191 921 8.
1214 894 1280 921 Nota
1293 894 1328 922 de
1341 893 1495 921 Alexandno
1512 901 1591 929 rege,
1606 893 1652 929 qui
1667 899 1730 921 cum
1744 893 1851 921 audiret
1865 892 1925 929 Epi·

1087 939 1185 967 eureos
1206 942 1336 975 ponentes
1356 939 1424 967 duos
1443 939 1574 973 mundos,
1589 939 1716 975 cogitavit
1734 939 1842 972 statim,
1858 946 1925 975 quo*

1087 985 1166 1013 modo
1188 985 1338 1013 secundum
1367 985 1500 1013 mundum
1529 988 1618 1021 posset
1646 985 1764 1018 babere3
1786 987 1813 1012 et
1839 984 1924 1012 dixit:

1087 1030 1167 1059 modo
1189 1031 1275 1059 habeo
1296 1031 1399 1067 plura⁹
1420 1031 1517 1059 facere.
1540 1047 1575 1052 —
1598 1031 1628 1059 Et
1648 1034 1792 1067 propterea
1807 1031 1923 1059 multum

1087 1077 1218 1105 debemus
1232 1077 1387 1105 desiderare
1402 1085 1518 1113 regnum
1533 1077 1614 1110 illud,
1630 1077 1676 1105 ubi
1692 1077 1882 1105 universaliter
1897 1080 1924 1105 et

1087 1126 1161 1151 recta
1182 1127 1265 1151 erunt
1286 1126 1379 1151 nostra
1401 1122 1514 1156 iudicia,
1536 1123 1675 1158 pacificata
1696 1123 1810 1158 imperia
1831 1126 1857 1151 et
1878 1123 1923 1150 de-

1088 1168 1187 1196 sideria
1208 1169 1360 1196 terminata.

1166 1216 1190 1241 9.
1213 1214 1337 1241 Secundo
1359 1213 1504 1242 videndum
1524 1216 1581 1247 est,
1603 1213 1653 1241 ubi
1667 1214 1701 1242 sit
1715 1214 1782 1242 illud
1797 1222 1924 1251 regnum,

1088 1264 1118 1288 ut
1136 1260 1269 1293 sciamus,
1284 1268 1340 1296 quo
1352 1260 1374 1276 ¹⁰
1388 1260 1536 1288 debeamus
1556 1267 1698 1296 quaerere.
1714 1260 1751 1288 Ad
1767 1261 1817 1289 hoc
1832 1264 1926 1289 notan*

1070 1306 1168 1339 dum,
1198 1305 1271 1342 quod
1300 1306 1366 1334 illud
1395 1314 1510 1342 regnum
1536 1314 1589 1334 non
1611 1306 1699 1335 estin
1720 1306 1926 1341 exterioribus,

1944 901 2057 925 Exemplum.

1941 1040 2044 1059 Conclusio.

1943 1225 2033 1245 Secundo.

1951 1248 1982 1266 uhi
1995 1249 2025 1266 sit.

1943 1272 2017 1294 Triplex
2030 1277 2059 1290 as-

1969 1295 2032 1313 sertio.

1087 1352 1133 1381 sed
1159 1353 1185 1380 in
1214 1352 1407 1386 interioribus,
1429 1353 1495 1389 quia
1514 1356 1554 1381 est
1573 1352 1735 1389 spirituale.
1765 1353 1845 1387 item,
1873 1361 1926 1382 non
1969 1372 1976 1375 -

1087 1403 1127 1428 est
1149 1400 1175 1427 in
1197 1398 1403 1435 inferioribuc,
1425 1399 1471 1427 sed
1493 1399 1519 1427 in
1541 1395 1753 1436 superioribus.
1768 1400 1833 1436 quia
1859 1400 1925 1428 sul)-

1088 1446 1159 1474 lime.
1182 1446 1236 1474 Nec
1257 1446 1331 1474 estn
1353 1445 1433 1474 etiam
1455 1446 1481 1473 iu
1503 1446 1609 1473 creatis
1629 1446 1724 1479 rebus,
1746 1446 1792 1474 sed
1814 1446 1840 1475 in
1863 1454 1926 1474 cau-

1086 1492 1189 1521 salibus
1210 1492 1376 1524 rationibus,
1393 1492 1456 1528 quia
1468 1496 1639 1528 perpetuam
1655 1496 1682 1520 et
1698 1493 1922 1529 incorruptibile.

1164 1539 1220 1566 Nou
1242 1541 1298 1570 est,
1327 1538 1454 1573 inquam,
1483 1537 1549 1565 illud
1578 1546 1692 1574 regnum
1721 1539 1748 1566 in
1776 1539 1925 1567 eximiori-

1086 1584 1154 1618 bus,
1176 1583 1223 1612 sed
1244 1584 1270 1611 in
1292 1583 1477 1612 interioribus.
1500 1583 1573 1612 Unde
1594 1584 1658 1612 dicit
1679 1585 1801 1613 Salvator
1833 1588 1924 1614 noster

1065 1640 1067 1643 ·
1085 1631 1171 1658 Lucae
1185 1630 1290 1658 decimo
1304 1629 1419 1666 septimo
1430 1630 1468 1657 l²³:
1485 1630 1563 1663 Ecce,
1579 1639 1700 1667 weynam
1716 1631 1768 1659 Dei
1780 1631 1861 1660 intra
1874 1640 1924 1660 vos

1084 1679 1130 1703 est.
1154 1675 1204 1703 Sed
1225 1675 1289 1711 quid
1311 1675 1360 1703 sibi
1390 1675 1449 1703 vult
1471 1676 1546 1703 hoc?
1566 1676 1592 1703 Si
1612 1676 1685 1704 intra
1705 1684 1755 1704 nos
1773 1680 1829 1711 est,
1851 1677 1924 1705 vide-

1084 1724 1145 1754 tur,
1164 1721 1237 1757 quod
1252 1721 1287 1748 sit
1300 1728 1416 1757 regnum
1430 1721 1507 1749 valde
1525 1721 1657 1758 exiguum
1672 1725 1700 1751 et
1714 1726 1869 1759 angustum.
1886 1739 1922 1743 —

1084 1766 1133 1795 Sed
1148 1766 1358 1800 attendendum,
1373 1767 1510 1803 quomodo
1524 1774 1668 1804 maymim
1678 1772 1728 1796 est.
1744 1769 1921 1805 Quadruplex

1083 1816 1123 1841 est
1145 1813 1233 1841 virtus
1254 1813 1280 1840 in
1299 1813 1404 1847 anima,
1418 1814 1521 1842 scilicet
1534 1822 1651 1848 sensus,
1667 1815 1856 1852 imaqinatio,
1872 1825 1921 1844 ra-

1084 1859 1121 1887 tio
1142 1862 1169 1887 et
1183 1859 1375 1896 intelliqentia.
1392 1860 1472 1894 Vide,
1487 1864 1621 1897 quantum
1635 1870 1736 1889 sensas
1751 1863 1830 1898 capit.
1850 1855 1921 1891 Ocu-

1083 1905 1126 1934 lus
1153 1906 1225 1934 enim
1253 1906 1279 1933 iu
1308 1910 1409 1942 puncto
1438 1907 1556 1943 pupillae
1584 1910 1671 1936 totum
1703 1909 1920 1944 apprehenderet

1083 1952 1232 1985 mundum,
1250 1952 1403 1980 secundum
1423 1953 1568 1989 quosdam,
1584 1954 1605 1982 si
1621 1962 1675 1982 uon
1697 1954 1810 1983 baberet
1830 1955 1920 1983 obsta-

1082 1998 1183 2027 culum.
1200 1998 1375 2035 Jmayiuatio
1390 2007 1455 2027 vero
1468 2000 1570 2028 multos
1585 2000 1651 2028 tales
1665 2003 1754 2036 potest
1767 2001 1920 2037 apprehen-

1081 2044 1146 2072 dere
1168 2043 1291 2072 mundos.
1315 2044 1402 2072 Ratio
1419 2052 1485 2073 vero
1506 2045 1622 2074 ulterius
1636 2046 1840 2082 apprehendit,
1856 2047 1920 2084 quia

1081 2089 1215 2117 abstrahit
1237 2090 1415 2124 universale,
1436 2091 1510 2127 quod
1530 2094 1575 2119 est*
1588 2099 1699 2128 semper
1720 2094 1747 2120 et
1767 2093 1885 2129 ubique,
1904 2102 1921 2122 a

1078 2135 1273 2172 particulari,
1300 2136 1372 2172 quod
1394 2140 1435 2165 est
1456 2137 1501 2166 hic
1522 2141 1548 2166 et
1569 2146 1650 2167 nunc.
1673 2139 1699 2167 Si
1721 2147 1787 2176 ergo
1807 2147 1918 2174 sensus,

1082 2181 1251 2217 imaginatio,
1274 2182 1343 2210 ratio
1364 2186 1453 2212 tantae
1475 2187 1539 2212 sunt
1557 2185 1712 2221 capacitatis
1727 2189 1753 2214 et
1767 2187 1919 2222 apprehen—

255 2325 263 2338 ²
280 2326 372 2353 Bonelli,
390 2325 556 2353 refragantibus
573 2326 653 2353 codd„
668 2326 781 2355 sanwscil.

254 2363 263 2376 ²
279 2365 308 2386 lta
325 2364 368 2386 AC
385 2368 407 2386 et
424 2370 506 2391 magna
522 2370 549 2386 ex
567 2367 630 2392 parte
653 2365 720 2387 etiam
738 2366 754 2387 B
770 2369 792 2388 et
808 2367 859 2389 El).
876 2368 972 2393 Bonelli,
989 2374 1023 2390 so-

193 2405 258 2425 cutus
280 2403 332 2425 cod.
356 2403 488 2429 Assisiens..
510 2403 557 2425 sic:
575 2402 724 2427 huiusmodi:
741 2405 795 2433 Ipsa
819 2405 896 2437 etiam,
913 2406 1022 2430 voluntas

193 2441 349 2470 multipliciter
366 2447 408 2464 uos
425 2441 555 2471 enpuyml.
573 2442 646 2471 Saepe
662 2442 763 2473 namque
778 2444 923 2468 contrad-icit.

252 2478 264 2493 ³
280 2480 339 2502 Haec
355 2480 493 2507 praepositio
508 2480 574 2505 deest
590 2480 612 2502 iu
630 2481 706 2511 ΑΒΕ.
729 2483 731 2485 “

253 2517 262 2530 “
278 2519 308 2541 lta
325 2518 383 2546 AC3
401 2519 482 2541 Bonelli
499 2518 582 2542 habeat
597 2519 711 2543 desideria
731 2522 901 2544 consummata.
918 2521 1020 2548 Scilicet,

192 2559 213 2578 et
230 2559 293 2579 antea
311 2557 392 2579 omittit
409 2556 495 2586 utique,
514 2563 540 2579 ac
558 2558 682 2585 transponit
698 2558 740 2588 qui
755 2562 805 2586 post
820 2559 944 2588 praesenti.

253 2594 262 2607 ⁶
278 2596 296 2617 Α
307 2595 323 2618 C
335 2596 354 2617 D
363 2596 379 2617 E
395 2594 518 2618 radicalia.

251 2633 261 2646 θ
278 2634 343 2656 Vers.
359 2634 396 2655 ll.

252 2670 261 2683 ‘¹
279 2672 341 2694 Hanc
358 2672 536 2699 propositionem
552 2672 678 2695 adiecimus
694 2680 720 2696 ex
737 2675 753 2696 B
763 2675 786 2696 E.

252 2708 261 2721 ⁸
279 2710 350 2732 Eccle.
367 2710 394 2736 5,
410 2711 432 2731 9.
449 2722 478 2726 -
496 2710 605 2737 Superius
621 2716 671 2738 post
687 2711 815 2735 delectandi
825 2712 983 2740 supplevimus
994 2719 1020 2735 ex

191 2748 208 2769 B
225 2747 269 2770 hic.
285 2759 315 2763 —
331 2749 405 2770 Locus
421 2748 527 2770 Bernurdi
544 2750 579 2770 est
594 2754 613 2770 c.
629 2748 653 2771 7:
667 2756 689 2771 n.
706 2750 742 2772 2⁴.
759 2751 789 2773 Ex
805 2750 848 2773 AC
869 2753 892 2772 et
916 2750 1019 2778 originali

191 2785 276 2807 iu'flne
292 2785 450 2808 substituimus
466 2785 532 2816 refici
546 2788 635 2815 queunt
650 2793 692 2814 pro
708 2788 773 2818 refici
784 2789 892 2817 possunt.

252 2821 262 2834 ⁹
278 2824 360 2846 Bouelli
377 2825 435 2846 male
452 2826 473 2846 et
489 2827 567 2847 contra
588 2825 656 2847 codd.
678 2826 758 2848 omittit
779 2826 866 2855 plara,
884 2829 906 2848 et
922 2825 1020 2849 subinde

190 2861 251 2889 ponit
266 2863 346 2889 postea
362 2868 404 2890 pro
418 2863 552 2891 propterea.
567 2874 598 2879 —
615 2864 666 2885 Post
682 2864 758 2892 facere
781 2865 832 2887 cod.
853 2864 972 2887 assisiens.
990 2865 1020 2893 (et

1079 2330 1172 2352 brevius
1189 2330 1241 2357 DE)
1260 2331 1419 2358 prosequitur:
1437 2331 1494 2356 Cum
1512 2332 1580 2359 igitur
1592 2339 1688 2360 reguum
1702 2333 1761 2355 istud
1773 2333 1915 2355 mundanum

1078 2375 1123 2391 uon
1142 2368 1223 2390 habeat
1240 2371 1299 2389 recta
1318 2368 1400 2391 iudicia
1417 2375 1459 2393 nec
1475 2370 1594 2398 tranquilla
1617 2371 1712 2398 imperia
1736 2377 1777 2393 nec
1803 2371 1915 2393 desideria

1079 2407 1189 2432 incunda,
1207 2406 1337 2428 desiderare
1353 2406 1466 2430 debemus
1482 2408 1537 2430 iilud
1562 2415 1672 2436 regnum,
1690 2410 1712 2431 in
1738 2416 1783 2437 quo
1808 2412 1829 2431 et
1854 2413 1914 2432 recta

1078 2447 1144 2466 erunt
1161 2447 1237 2467 nostra
1254 2444 1336 2466 iudicia
1353 2448 1375 2467 et
1391 2445 1508 2472 pacificata
1526 2446 1621 2474 imperia
1630 2448 1660 2469 'et
1676 2447 1788 2469 desideria
1811 2454 1913 2470 cousum-

1079 2484 1146 2503 mutu.
1157 2493 1189 2497 —
1199 2482 1358 2504 Praecedentia
1373 2483 1439 2505 simili
1458 2484 1527 2508 modo
1539 2484 1632 2511 exlubet,
1643 2486 1665 2507 S.
1677 2485 1839 2513 Bernardinus,
1851 2485 1914 2508 Com-

1079 2522 1147 2541 meut.
1165 2519 1188 2541 iu
1205 2520 1276 2548 Apoc.
1293 2527 1312 2543 c.
1331 2521 1367 2543 lt.
1383 2521 1427 2543 sub
1452 2528 1473 2544 v.
1491 2522 1513 2544 5.
1528 2534 1559 2539 -—
1581 2523 1623 2550 Pro
1647 2523 1763 2546 desideria
1787 2523 1912 2553 adimpleta

1077 2563 1104 2579 ox
1121 2557 1164 2580 AC
1181 2557 1340 2581 substituimus
1355 2558 1470 2583 desideria
1487 2560 1620 2583 terminata.

1140 2595 1158 2609 ¹⁰
1176 2597 1205 2619 lta
1222 2598 1305 2620 rectius
1322 2598 1338 2620 C
1357 2599 1413 2625 (scil.
1429 2605 1474 2628 qao
1487 2598 1565 2628 1060),Α
1582 2600 1600 2621 Α
1617 2599 1739 2629 quomodo,
1752 2601 1838 2623 Bonelli
1850 2600 1912 2630 quid.

1140 2633 1157 2646 ¹¹
1174 2636 1204 2657 lta
1221 2636 1280 2667 AC3
1297 2637 1378 2659 Bouetli
1395 2637 1441 2666 fiet.
1458 2650 1489 2654 —
1505 2638 1537 2660 De
1553 2638 1679 2661 rationibus
1704 2639 1834 2668 causalibus
1859 2640 1913 2662 dicit

1076 2676 1155 2696 auctor
1172 2674 1204 2702 (ΙΙ.
1221 2676 1282 2697 sent.
1299 2675 1322 2697 d.
1341 2676 1376 2698 ts.
1391 2682 1413 2698 a.
1431 2676 1452 2698 11.
1468 2682 1491 2704 q.
1509 2677 1556 2704 2.):
1574 2677 1680 2700 Rationes
1692 2678 1798 2700 causales
1809 2680 1912 2701 suntl'or-

1077 2717 1127 2734 mae
1143 2712 1227 2735 idealae
1243 2714 1292 2736 sive
1307 2715 1460 2742 exemplares,
1477 2715 1499 2737 in
1517 2715 1594 2737 divina
1611 2717 1727 2738 voluntate
1744 2720 1854 2739 servatae.

1138 2749 1157 2763 ¹⁹
1174 2752 1239 2774 Vers.
1256 2753 1292 2774 21.
1309 2764 1340 2771 --
1356 2753 1407 2775 Post
1424 2754 1483 2775 hunc
1500 2754 1575 2776 locum
1592 2757 1671 2777 contra
1688 2755 1755 2777 codd.
1772 2756 1853 2777 Bonelli
1877 2761 1910 2777 re-

1076 2789 1130 2815 petit
1146 2788 1210 2812 inti-a
1226 2796 1267 2813 vos
1284 2797 1325 2818 pro
1342 2791 1406 2814 intra
1422 2797 1514 2814 nos.—
1525 2793 1558 2816 De
1575 2799 1639 2821 seqq.
1656 2794 1695 2815 cfr.
1707 2794 1780 2816 ltiner.
1797 2794 1875 2815 mentis
1888 2794 1907 2815 in

1076 2827 1161 2854 Deum,
1178 2834 1198 2850 c.
1216 2829 1237 2850 Ἰ.
1253 2835 1275 2851 u.
1292 2830 1313 2851 6.
1329 2841 1360 2846 -
1376 2830 1472 2853 inferius
1488 2833 1539 2853 ante
1557 2830 1580 2853 in
1602 2833 1689 2860 puncto
1712 2832 1832 2855 omisimus
1857 2838 1908 2854 cum

1075 2865 1118 2888 AC
1135 2865 1215 2894 quasi,
1232 2869 1322 2889 etcum
1340 2868 1426 2891 eisdem
1444 2868 1569 2891 adiecimus
1585 2869 1714 2893 secundum
1731 2869 1851 2899 quosdam.

1942 1549 1968 1567 De
1982 1549 2047 1572 prima.

1941 1688 2043 1707 Difficultas

1952 1711 2034 1730 solvitur.

1940 1781 1966 1799 De
1977 1781 2067 1804 magnitu-

1945 1804 1988 1822 dine
2000 1805 2059 1827 regni.

1940 1873 2025 1900 Notanda
2034 1874 2067 1892 do-

1967 1899 2032 1915 ctrina.
