2285 3398
267 323 322 343 Ratio
334 324 351 342 Ξ.

268 604 322 630 Ratio
336 604 352 622 3.

250 744 354 762 Conclusio.

231 1070 300 1092 Tertio,
309 1076 344 1096 con

224 1095 252 1112 tra
265 1099 352 1118 concupi-

223 1117 320 1136 scentiam.

266 1768 319 1787 Ratio
334 1768 349 1786 1.

267 2000 320 2018 Ratio
333 2000 349 2018 Ε.

375 148 430 176 546

373 232 442 261 quas
462 233 515 253 non
544 227 632 261 potest
664 224 782 259 intrare;
803 225 868 262 quia
895 225 922 253 in
954 233 1038 262 regno
1059 229 1100 255 est
1121 227 1211 256 unitas

370 271 535 305 affectionis,
556 271 709 300 sublimitas
731 271 885 308 positionis,
908 272 1090 301 communitas
1105 282 1209 310 posses-

370 318 461 347 sionis.
476 335 515 339 —-
529 318 652 347 Secunda
667 319 736 347 ratio
749 321 805 347 est:
820 318 964 355 quiaillud
975 327 1092 355 regnum
1107 323 1148 349 est
1161 329 1210 349 sa-

371 365 592 399 btimissimum,
608 365 678 394 sicut
694 365 791 402 prius¹
814 365 919 394 dictum
940 369 996 399 est;
1015 369 1127 395 econtra
1147 376 1210 396 ava-

372 419 421 440 rus
442 415 483 440 est
504 411 629 444 infimus,
655 411 801 440 inhaerens
832 414 937 445 terrae,
965 412 1031 440 faeci
1063 413 1209 442 elemento—

372 467 442 487 rum.
471 458 545 487 Unde
572 461 661 495 potest
681 458 772 487 dicere
792 467 894 488 avarus
915 459 983 487 illud
1004 459 1118 487 Psalmi:
1139 461 1210 489 Per-

370 509 484 534 secutus
504 509 542 533 est
557 505 695 533 inimicus
716 505 850 534 animam
864 514 974 540 meam,
998 505 1163 535 humiliavit
1180 508 1211 536 in

370 556 449 581 terra
472 553 560 581 vitam
580 560 691 586 meam„
707 552 733 580 id
747 555 788 581 est
807 552 858 580 «in
882 552 1039 587 terrenis»,
1055 553 1127 582 sicut
1146 553 1211 582 dicit

370 599 470 628 Glossa.
500 615 536 619 —
557 599 649 628 Tertia
670 599 739 627 ratio
760 601 815 628 est:
837 599 902 636 quia
928 599 994 628 illud
1023 607 1138 636 regnum
1169 603 1211 629 est

370 646 657 679 communissimam;
678 648 790 674 econtra
810 654 910 674 avarus
931 649 972 675 est
993 646 1219 682 invidissiiiius'2„

370 693 460 722 omnia
481 693 530 721 sibi
552 692 741 729 approprians.
764 708 800 713 -
828 693 896 721 Nota
925 692 1116 721 auctoritatem
1143 693 1210 722 Gre-

370 740 438 777 gorii
459 743 554 768 octavo
576 739 717 767 Moralium
739 739 766 768 in
788 739 871 767 sine³⁴
889 755 924 760 -—
940 739 1024 776 Igitur
1046 740 1121 777 regio
1141 740 1209 768 sim-

366 786 522 824 plicitatis,
544 785 732 826 sublimitati-³1
751 788 778 814 et
799 786 1014 814 communicatis
1035 786 1111 815 nullo
1129 787 1210 816 modo

369 833 498 862 avaritiae
528 832 669 866 convenit,
691 832 737 861 sed
764 832 856 869 potius
876 840 925 869 per
946 833 1115 861 contrarium
1141 842 1209 870 pau-

369 880 476 916 pertati.
498 879 593 908 Merito
620 887 685 916 ergo
712 879 791 916 eteqit
818 880 893 907 Dea-s·
920 887 1066 916 pauperes
1097 878 1134 908 in*
1158 879 1209 909 lioc

369 926 494 960 mundo,
509 925 611 954 divites
625 926 656 954 in
669 925 724 961 fide
745 929 769 953 et
783 924 897 954 heredes
912 926 1004 963 requi,
1019 926 1096 964 qaod
1111 934 1208 963 repro-

368 973 448 1002 misit
477 973 552 1001 Deus
582 973 765 1010 (titiyentibiis
785 981 830 1007 se,
852 973 939 1001 Iacobi
961 973 1090 1002 secundo.

446 1020 491 1048 26.
514 1019 605 1048 Tertio
626 1019 706 1047 etiam
727 1019 761 1047 ad
782 1019 938 1048 habendum
961 1027 1078 1056 regnum
1099 1022 1140 1048 est
1160 1028 1208 1049 ne-

369 1066 485 1095 cessaria
506 1066 634 1095 violentia
654 1066 681 1094 in
703 1066 896 1094 inaceratione
920 1066 1051 1094 carnatis
1072 1066 1208 1103 coucupi-

361 1113 490 1142 ›scentiac
512 1121 559 1150 per
591 1113 795 1150 integerrimam
822 1112 990 1146 castitatem,
1012 1112 1046 1141 de
1066 1121 1122 1149 qua
1142 1114 1207 1141 Mat-

368 1160 440 1188 thaei
461 1160 566 1188 decimo
587 1160 695 1188 non04:
719 1159 791 1187 Sunt
812 1158 950 1193 cunuchi,
972 1160 1024 1197 (su-i
1044 1159 1077 1187 de
1101 1160 1208 1188 mat-ris

370 1211 448 1235 utero
475 1207 518 1235 sic
549 1207 614 1235 uati
642 1210 727 1239 δαημ-
748 1210 774 1234 ct
793 1210 862 1234 suut
888 1205 1030 1239 eunuchi,
1057 1207 1108 1244 qui
1135 1206 1210 1244 fricti

367 1252 435 1282 aaut
455 1253 490 1282 ab
513 1252 694 1286 liomiuibas;
716 1256 740 1281 et
754 1256 822 1281 suot
847 1252 986 1286 cunuchi,
1008 1253 1060 1290 qui
1079 1261 1108 1281 sc
1129 1253 1207 1289 ipsos

367 1303 569 1328 castraverunt
589 1303 707 1336 propter
726 1308 848 1335 refluum
863 1299 1025 1330 caelorum.-
1040 1302 1067 1327 et
1082 1299 1205 1336 loquitur

366 1347 399 1375 de
420 1346 519 1382 triplici
541 1354 640 1383 genere
668 1346 877 1379 eunuchorum,
909 1354 979 1383 quos
1010 1346 1113 1375 scilicet
1142 1345 1206 1374 facit

366 1392 531 1426 necessitas,
556 1392 688 1421 uiolentia
710 1395 736 1421 et
754 1392 864 1429 qratia.
881 1393 982 1421 Tamen
997 1392 1137 1421 moraliter
1159 1400 1207 1421 eu-

366 1439 466 1473 nuchi,
481 1439 527 1476 qui
544 1439 614 1467 fiunt
627 1439 661 1467 ab
677 1439 849 1472 bominibus,
873 1442 986 1475 possunt
1006 1439 1059 1467 dici
1074 1438 1207 1477 hypocri-

367 1490 423 1519 tae,
439 1485 485 1522 qui
501 1485 638 1514 continent
655 1488 767 1521 propter
783 1493 879 1513 vanam
895 1485 1022 1521 gloriam,
1038 1485 1078 1514 vel
1094 1488 1206 1522 propter

367 1531 577 1564 verecundiam,
591 1539 626 1559 ne
640 1531 766 1559 amittant
780 1531 913 1559 bonorem
928 1531 1046 1564 saeculi,
1067 1535 1115 1559 aut
1136 1532 1207 1560 redi-

367 1581 418 1606 tus.
435 1578 488 1606 Soli
504 1585 569 1606 vero
585 1577 657 1605 tertii
673 1580 737 1605 sunt
751 1577 783 1605 ad
799 1585 916 1614 regnum
937 1577 1001 1613 apti.
1024 1593 1060 1598 -
1076 1577 1204 1606 Econtra:

368 1625 427 1653 Hoc
442 1625 537 1652 scitote
552 1624 742 1661 iiitclliyentes,
757 1624 833 1662 quod
854 1624 948 1652 omnis
961 1623 1135 1661 fornicator,
1150 1628 1206 1653 aut

367 1671 499 1699 immund
503 1679 546 1704 iis,
562 1674 615 1699 aut
628 1678 751 1704 auarus,
763 1671 839 1708 qaod
853 1674 893 1698 cst
906 1670 1052 1699 idolorum
1066 1671 1204 1705 servitus,

367 1727 424 1746 uon
446 1717 527 1745 liabet
549 1716 731 1745 hereditatem
752 1717 783 1745 in
805 1726 891 1754 reyno
908 1716 1017 1745 Christi
1030 1721 1056 1745 et
1072 1718 1123 1745 Dei
1132 1717 1151 1745 ⁵.
1169 1734 1216 1738 —-›

367 1765 457 1801 Quare
478 1765 548 1793 hoc?
569 1764 680 1800 Triplex
702 1764 735 1792 ad
764 1764 815 1793 boc
845 1766 886 1793 est
908 1764 992 1792 ratio:
1015 1764 1119 1801 prima,
1141 1764 1206 1801 quia

367 1811 433 1840 illud
456 1818 571 1847 regnum
598 1813 639 1839 est
666 1810 879 1847 purissimum,
905 1815 999 1848 utpote
1022 1811 1204 1845 luminosum;

367 1858 439 1886 unde
454 1861 629 1894 comparatur
644 1857 670 1885 in
687 1857 843 1894 Apocalypsi
859 1866 928 1886 auro
942 1861 970 1887 et
990 1858 1061 1886 vitro
1085 1857 1205 1892 mundo,

368 1904 539 1940 Apocalypsis
561 1904 689 1940 vigesimo
710 1904 797 1940 primo
808 1905 828 1932 ⁶.
853 1905 968 1933 Econtra
982 1904 1009 1933 in
1031 1904 1145 1933 luxuria
1165 1907 1206 1933 est

368 1958 475 1978 summa
490 1950 641 1986 impuritas.
658 1967 695 1970 ——-
711 1951 775 1978 Nota
790 1951 823 1978 de
841 1950 1010 1978 admixtione
1024 1950 1084 1978 auri
1100 1953 1127 1978 et
1140 1950 1205 1984 luti,

368 1997 405 2024 sic
428 1999 468 2025 est
499 1996 531 2024 de
558 1996 648 2024 anima
678 1999 705 2024 et
732 1996 765 2024 de
787 1996 907 2025 luxuria,
931 2012 967 2016 —
989 1996 1113 2024 Secunda
1137 1997 1206 2025 ratio

368 2046 423 2077 est,
445 2043 518 2079 quod
539 2043 605 2071 illud
627 2050 743 2079 regnum
764 2046 805 2071 est
832 2043 1102 2071 ordinatissimum:
1125 2043 1204 2079 quia,

369 2090 439 2118 sicut
461 2090 486 2118 in
509 2090 614 2118 inferno
634 2093 675 2118 est
696 2090 789 2118 nullus
810 2089 876 2117 ordo
888 2090 908 2123 ⁷,
924 2090 960 2117 ita
974 2090 1010 2118 ibi
1025 2089 1113 2118 omnis
1127 2089 1203 2118 ordo.

430 2265 437 2278 ¹
457 2266 544 2288 Scilicet
556 2272 577 2287 n.
592 2266 626 2287 l8.
638 2278 667 2282 --
679 2266 751 2288 Locus
769 2266 898 2293 Scripturac
915 2268 948 2287 cst
967 2266 1001 2287 Ps,
1023 2265 1076 2293 ¹4⁵2,
1094 2266 1115 2288 3.
1127 2266 1205 2288 Glossa

369 2305 403 2326 rit.
422 2308 456 2326 cst
472 2303 636 2327 interlinearis.
653 2316 683 2320 —
700 2304 768 2326 Paulo
785 2304 890 2331 superius
908 2307 959 2326 aute
981 2303 1104 2327 iulium-ens
1122 2305 1206 2327 Bonelli

368 2343 432 2365 addit
448 2344 517 2365 totus.

430 2380 438 2393 ²
457 2382 593 2404 Aurtoritntc
610 2382 677 2404 trium
694 2382 761 2404 codd.
779 2382 795 2403 Α
806 2381 846 2403 BC
864 2381 1022 2404 substituimus
1045 2381 1204 2405 invictissimus

369 2427 410 2449 pro
427 2420 592 2448 (iri'rlissz'uius,⁸
610 2423 705 2449 utraque
723 2421 788 2442 lectio
804 2423 838 2442 est
854 2420 921 2442 bona.

430 2458 439 2470 ³
456 2459 511 2487 Cap.
523 2459 560 2482 54.
572 2466 594 2481 n.
607 2459 644 2481 91.
655 2460 696 2488 92,
709 2459 748 2481 ubi
760 2459 825 2481 latius
836 2459 954 2486 exponitur
964 2465 1044 2481 xcrsus
1057 2459 1104 2486 (lob
1115 2460 1135 2487 8,
1146 2459 1204 2488 22.):

369 2498 394 2519 Et
411 2498 582 2520 tabernaculum
605 2498 728 2525 impiorum
745 2504 789 2520 non
807 2497 922 2519 subsistet.
938 2509 968 2513 —
985 2498 1057 2519 Locus
1075 2498 1204 2525 Scripturac

370 2539 402 2558 cst
414 2536 455 2558 lac.
468 2537 489 2562 Ξ,
501 2536 522 2558 5.
534 2549 564 2552 -
576 2537 617 2558 Pro
628 2543 670 2565 per
683 2536 830 2559 couti-urium
843 2536 881 2563 (ita
893 2536 910 2558 Α
918 2535 942 2563 C)
957 2536 1039 2558 Bonclli
1052 2542 1064 2558 e
1075 2536 1204 2559 contrario.

430 2573 438 2585 ¹
457 2575 521 2596 Vei-s.
542 2575 574 2596 12.
595 2574 769 2602 Resragantibus
791 2575 898 2597 omnibus
919 2574 987 2596 codd.
1004 2577 1026 2597 ct
1044 2575 1146 2604 Vulgata,
1164 2576 1204 2597 Bo-

370 2612 419 2633 nelli
436 2612 651 2635 (⁷11uuehz'wreruut
667 2619 708 2639 pro
725 2613 903 2639 castrai'erunl;
919 2618 960 2639 pro
978 2618 1022 2640 qua
1041 2613 1134 2635 lectione
1151 2614 1204 2636 vitat

369 2650 427 2672 duos
443 2650 511 2672 codd.
528 2650 624 2676 Bibliac,
641 2651 688 2672 scil.
704 2651 827 2672 Vei-cellen.
844 2653 866 2672 ct
882 2651 1016 2677 Foroiulen„
1033 2651 1128 2679 aliaque.
1145 2651 1204 2673 Sub-

369 2688 421 2710 inde
438 2692 514 2710 contra
533 2689 549 2710 A
561 2688 601 2710 BC
619 2689 681 2715 ponit
698 2689 740 2711 Est
756 2688 820 2711 locus
837 2688 873 2711 luc
895 2688 922 2711 de
942 2695 983 2715 pro
1000 2690 1020 2711 et
1038 2689 1141 2718 quuitur
1160 2690 1202 2718 de,-

369 2727 466 2755 dcniquo
486 2727 544 2749 Tum
561 2733 603 2754 pro
622 2727 719 2754 Tamen,
737 2730 759 2749 et
774 2728 830 2749 sunt
847 2732 888 2754 pro
905 2726 972 2756 finni.

430 2764 439 2776 ⁶
457 2766 512 2792 Epli.
530 2766 555 2791 ὅ,
574 2766 641 2787 5.-
658 2766 767 2792 Superius
789 2765 872 2787 Bonelli
895 2766 1004 2788 mendoso
1025 2768 1047 2788 ct
1063 2770 1140 2789 contra
1158 2767 1201 2790 AC

369 2804 398 2827 Et
414 2805 496 2826 contra
513 2804 568 2826 lioc:
587 2803 671 2827 Scitote
688 2810 730 2831 pro
746 2804 864 2826 Econtro:
882 2804 937 2826 Hoc.

429 2841 439 2853 ὅ
456 2843 519 2864 Vers.
539 2843 575 2864 18.

430 2880 437 2892 ⁷
456 2881 583 2908 llespicitur
601 2881 638 2902 lob
657 2881 696 2907 «lO,
712 2881 755 2902 22:
773 2881 866 2902 Terram
884 2881 987 2903 miseriae
1004 2885 1025 2904 ct
1043 2882 1201 2910 tenebrarum,

369 2920 407 2942 ubi
426 2919 504 2942 umbra
523 2920 602 2941 mortis
618 2922 640 2941 ct
656 2920 730 2941 nullus
747 2920 811 2946 ordo,
828 2920 868 2941 sod
885 2924 926 2942 etc.

1160 150 1269 179 SERMO
1291 151 1318 178 11.

1268 228 1383 256 Econtra
1403 228 1430 256 in
1452 233 1563 265 peccato
1584 230 1674 258 carnis
1695 234 1735 259 est
1750 238 1857 259 summa
1872 231 2042 268 inordinatio,
2059 226 2105 263 ubi

1267 274 1337 303 ratio
1364 282 1413 310 per
1444 282 1555 304 carnem
1581 276 1754 305 absorbetur.
1777 292 1813 297 —-
1842 277 1932 305 Tertia
1960 279 2028 308 ratio
2049 283 2103 309 est:

1266 321 1331 358 quia
1351 320 1418 349 illud
1440 329 1555 358 regnum
1577 325 1618 351 est
1639 322 1856 360 incorruptibile
1877 327 1903 352 et
1924 329 2105 361 perpetuum⁷

1266 368 1337 396 sicut
1356 367 1459 395 dictum
1482 371 1522 396 est
1544 376 1628 405 supra
1639 369 1659 397 Β.
1683 369 1796 398 Econtra
1824 370 1850 397 in
1879 374 1989 406 peccato
2016 373 2106 401 carnis

1266 416 1307 442 est
1328 421 1437 442 summa
1457 414 1611 451 corruptio,
1627 415 1654 444 in
1668 424 1723 453 quo
1745 416 1906 444 vulneratur
1922 416 2003 445 homo
2025 418 2105 446 etiam

1267 460 1294 488 in
1316 459 1488 488 naturalibus
1509 463 1559 489 etc.

1345 508 1389 535 27.
1413 507 1494 543 Regio
1515 507 1598 544 igitur
1620 509 1747 545 puritatis
1771 509 1887 538 sordidis
1908 512 1935 538 et
1956 510 2105 547 inquinatis

1266 562 1320 583 non
1341 554 1570 591 convenit‚.quia
1590 563 1648 583 non
1662 555 1783 585 intrabit
1797 557 1823 584 iu
1839 556 1975 586 civitatem
1993 558 2106 596 aliquid

1266 600 1502 639 coinquinatum,
1530 601 1701 638 Apocalypsis
1729 603 1858 640 vigesimo
1880 603 1969 639 primo
1980 604 2000 631 ⁹.
2023 604 2104 641 Regio

1267 648 1350 676 totius
1374 648 1477 676 ordinis
1498 647 1635 684 absorptis
1655 656 1671 676 a
1691 656 1772 678 carne
1797 658 1850 678 non
1876 650 2019 686 competit,
2041 651 2106 687 quia

1265 702 1336 722 caro
1356 698 1382 722 et
1401 694 1525 731 sanquis
1539 703 1663 731 regnum
1679 695 1730 723 Dei
1741 696 1886 733 possidere
1899 705 1958 725 uon
1968 700 2105 734 poscant,

1265 741 1370 777 primae
1390 741 1423 769 ad
1445 740 1600 769 Corinthios
1617 741 1726 770 'decimo
1746 743 1850 779 quinto.
1874 743 1954 780 Regio
1968 743 2050 772 etiam
2065 744 2106 772 in-

1265 787 1451 824 corruptionis
1481 795 1606 816 summae
1633 790 1771 826 corruptis
1798 798 1850 818 non
1876 790 2017 823 convenit,
2040 790 2105 826 quia

1265 842 1353 872 neque
1384 834 1533 871 corruptio
1565 834 1809 872 incorruptionem
1832 835 2003 873 possidebit,
2035 836 2106 864 sicut

1265 880 1365 909 dicitur
1387 880 1502 912 ibidem:
1519 880 1603 910 immo
1623 881 1674 919 qui
1693 882 1815 911 seminat
1831 883 1860 911 in
1875 891 1979 916 carne,
1998 882 2104 911 Glossa:

1270 940 1283 952 «
1298 927 1418 956 carnalia
1446 928 1511 955 vitia
1522 939 1549 961 ι),
1571 930 1598 956 et
1619 928 1692 956 soret
1721 936 1767 962 ea,
1792 930 1826 957 (lc
1854 938 1942 957 carne
1973 933 1998 957 ct
2024 932 2106 957 metet

1265 974 1497 1010 corruptionem,
1529 974 1637 1002 Glossa:
1674 986 1687 999 «
1701 976 1905 1004 convenientem
1936 983 2051 1004 messem
2071 986 2103 1008 »3

1265 1020 1332 1048 nihil
1354 1020 1425 1049 enim
1448 1020 1546 1049 melius
1567 1021 1693 1049 convenit
1713 1022 1786 1050 carni
1808 1030 1890 1059 quam
1906 1021 2056 1058 corruptio,
2071 1021 2105 1049 ad

1264 1066 1371 1100 Galatas
1392 1070 1479 1096 sexto.
1507 1067 1685 1106 Quicumque
1716 1077 1783 1106 erqo
1814 1077 1871 1096 uon
1899 1068 2039 1104 acceperit
2060 1077 2104 1096 re-

1262 1122 1355 1150 ymim
1379 1113 1429 1142 Dei
1447 1113 1523 1141 sicut
1542 1122 1632 1150 luter,
1656 1123 1712 1143 uon
1730 1115 1856 1154 *intrabit
1877 1115 1908 1142 in
1929 1114 2008 1145 illud.
2032 1115 2104 1143 Hanc

1264 1160 1425 1188 sententiam
1447 1159 1520 1188 dedit
1549 1161 1671 1189 Salvator
1703 1162 1789 1190 Lucae
1817 1161 1921 1190 decimo
1946 1165 2049 1190 octavo.
2073 1162 2103 1189 Et

1263 1205 1328 1234 dicit
1349 1206 1384 1234 ibi
1406 1206 1520 1234 Glossar
1538 1207 1586 1235 l'er
1605 1216 1731 1243 puerum
1750 1208 1910 1244 intelligitur
1932 1208 2102 1236 innocentiae

1264 1252 1389 1286 castitas,
1410 1261 1481 1289 quae
1502 1253 1579 1281 nobis
1602 1253 1730 1282 imitanda
1751 1254 1927 1290 proponitur,
1942 1254 1963 1282 si
1986 1261 2102 1290 regnum

1263 1299 1311 1327 Dei
1333 1295 1476 1333 voluinus;
1491 1300 1571 1336 quia,
1593 1300 1663 1328 sicut
1683 1300 1783 1329 dicitur
1806 1301 1957 1337 Sapientiae
1978 1304 2057 1329 sexto
2070 1301 2101 1334 ¹⁰,

1264 1344 1444 1381 incorruptio
1464 1344 1538 1382 facit
1558 1354 1617 1374 csse
1635 1346 1806 1382 proximum
1830 1347 1892 1375 Deo.

1342 1392 1386 1419 28.
1410 1392 1539 1428 Sequitur
1553 1392 1586 1421 de
1601 1393 1688 1429 gratia
1707 1393 1807 1429 finali,
1829 1401 1899 1430 quae
1914 1401 1996 1430 super
2011 1393 2102 1421 onmia

1263 1437 1416 1466 necessaria
1437 1441 1477 1466 ost
1498 1438 1531 1466 ad
1553 1447 1667 1475 regnum
1691 1439 1864 1472 babendum,
1883 1447 1932 1468 nec
1953 1440 2032 1467 aliter
2054 1439 2101 1467 ha-

1263 1485 1321 1513 beri
1344 1487 1439 1521 potest.
1462 1485 1533 1513 Hanc
1562 1486 1722 1514 sententiam
1750 1486 1823 1515 dedit
1848 1486 1971 1514 Salvator
1992 1486 2030 1514 illi
2052 1486 2100 1523 qui

1263 1531 1370 1560 volebat
1392 1532 1492 1560 reverti
1513 1532 1546 1560 ad
1568 1533 1752 1569 sepeliendum
1774 1536 1879 1569 patrem
1901 1541 1995 1567 suum,
2012 1533 2100 1562 Lucae

1262 1579 1381 1606 nono¹¹:
1398 1578 1499 1613 Nemo,
1518 1579 1630 1607 mittens
1650 1581 1772 1608 inanum
1792 1588 1879 1608 suam
1900 1580 1939 1608 cut
1959 1584 2099 1608 aratrum

1262 1627 1287 1652 et
1307 1624 1462 1661 respiciens
1482 1629 1575 1660 retro,
1598 1629 1684 1662 aptus
1698 1630 1737 1654 esi
1757 1635 1845 1663 regno
1868 1626 1925 1654 Dei.
1948 1626 2026 1662 Quod
2048 1634 2101 1654 non

1262 1670 1387 1707 intelligit
1408 1672 1455 1708 qui
1476 1680 1529 1700 non
1552 1672 1677 1709 intelligit
1697 1672 1853 1708 parabolam
1877 1672 1910 1701 de
1938 1673 2048 1701 semine.
2065 1689 2102 1693 -—

1262 1716 1337 1745 Unde
1356 1717 1521 1751 notandum,
1536 1718 1609 1755 quod
1629 1726 1722 1746 semen
1744 1718 1775 1746 in
1795 1727 1868 1755 ayro
1889 1721 1930 1747 est
1950 1719 2037 1755 gratia
2062 1719 2102 1747 in-

1262 1762 1323 1791 fusa
1344 1763 1370 1791 in
1392 1763 1473 1792 corde
1494 1764 1624 1798 bominis;
1646 1768 1673 1793 et
1687 1764 1812 1801 quamvis
1826 1773 1890 1802 ager
1905 1765 2052 1794 fructificet
2065 1773 2102 1794 ex

1263 1809 1365 1838 virtute
1386 1810 1512 1845 seminis,
1534 1810 1686 1848 requiritur
1709 1814 1797 1840 tamen
1826 1811 1964 1848 diligentia
1988 1812 2102 1840 cultoris

1262 1860 1289 1885 et
1309 1857 1501 1893 cooperatoris.
1523 1858 1581 1891 Sic,
1603 1858 1728 1895 quamvis
1748 1866 1784 1886 ex
1806 1858 1908 1887 virtute
1935 1858 2038 1895 gratiae
2063 1858 2101 1886 fa-

1262 1903 1367 1931 ciamus
1394 1903 1514 1932 fructum
1539 1904 1602 1932 boni
1623 1904 1729 1941 operis,
1751 1904 1903 1941 requiritur
1925 1907 2016 1933 tamen
2041 1905 2100 1933 dili-

1262 1950 1353 1986 gentia
1373 1953 1400 1978 et
1424 1951 1578 1987 cooperatio
1609 1951 1685 1980 liberi
1717 1951 1822 1980 arbitrii
1845 1955 1871 1980 et
1892 1952 2027 1981 industria
2052 1952 2100 1980 ho-

1262 1997 1357 2030 minis,
1378 1997 1458 2025 iuxta
1471 1997 1536 2025 illud
1552 1997 1657 2034 primae
1677 1998 1711 2026 ad
1731 1998 1884 2026 Corinthios
1903 1998 1983 2027 tertio
1996 1999 2033 2026 ¹2:
2049 1999 2102 2027 Dei

1262 2051 1366 2071 sumus
1387 2043 1552 2077 adiutores;
1576 2044 1626 2072 Dei
1645 2044 1832 2081 ayricultura
1852 2044 1927 2078 estis,
1950 2044 2002 2073 Dei
2021 2044 2100 2073 aedi-

1262 2089 1359 2125 ficatio
1380 2090 1464 2123 c-stis;
1485 2093 1512 2119 et
1533 2091 1583 2119 boc
1614 2094 1654 2120 est
1685 2094 1832 2119 aratrum.
1865 2091 1935 2119 Nihil
1962 2091 2037 2119 aliud
2052 2085 2099 2120 'est

1323 2264 1332 2277 ⁸
1350 2267 1448 2288 Numero
1466 2267 1502 2288 ⁴6.
1518 2278 1549 2282 —
1565 2266 1638 2294 Supra
1662 2273 1703 2294 pro
1726 2266 1867 2290 inordinatio
1890 2266 1927 2294 (ita
1945 2266 1962 2288 A
1972 2266 1997 2295 C)
2017 2267 2098 2289 Bouclli

1261 2304 1418 2329 deordinatio.
1435 2305 1474 2333 qui
1492 2307 1543 2327 ante
1560 2305 1583 2328 in
1600 2305 1750 2328 naturalitus
1767 2306 1850 2328 omittit
1865 2305 1942 2328 etiam.

1323 2342 1333 2354 ¹³
1350 2344 1414 2366 Vcrs.
1427 2344 1464 2365 27.
1476 2345 1585 2372 Vulgata:
1597 2344 1697 2373 aliquod.
1705 2357 1736 2361 —
1745 2346 1797 2373 Seq.
1809 2345 1872 2367 locus
1883 2345 1941 2367 esti.
1949 2344 2001 2367 Cor.
2012 2344 2047 2372 115,
2058 2345 2098 2371 505

1262 2382 1340 2404 tertius
1358 2381 1425 2410 ibid.;
1443 2385 1538 2410 quartus
1555 2383 1601 2404 Gal.
1619 2383 1644 2410 6,
1663 2384 1688 2409 ὃς
1705 2383 1798 2411 quintus
1815 2384 1868 2405 Luc.
1887 2383 1927 2409 ⁴8,
1946 2382 1981 2404 Π.
1994 2394 2024 2398 —-
2036 2383 2098 2404 Duae

1262 2420 1350 2448 priores
1367 2421 1458 2443 Glossae
1475 2424 1527 2443 sunt
1544 2420 1716 2449 interlineares,
1735 2422 1797 2444 tertia
1815 2424 1849 2443 est
1860 2420 1996 2448 ordinm-ia,
2014 2422 2054 2443 scd
2067 2421 2096 2443 ibi

1261 2460 1283 2480 et
1299 2459 1321 2480 in
1339 2459 1392 2481 locis
1409 2459 1519 2486 parallelis
1536 2459 1590 2481 etin
1607 2459 1658 2487 ipso
1674 2459 1772 2482 auctoris
1788 2458 1956 2482 Commentario
1973 2459 1996 2480 in
2013 2459 2095 2481 Lucam

1261 2504 1304 2520 non
1322 2498 1469 2520 inveniuntur
1486 2497 1568 2524 verba,
1585 2498 1626 2520 sed
1643 2500 1729 2520 tantum
1746 2504 1827 2520 sensus
1844 2497 2003 2519 :eneralis—
2018 2498 2060 2520 Pro
2076 2499 2097 2520 et

1259 2536 1321 2565 fovet
1331 2542 1358 2558 ea
1370 2536 1451 2558 Bonelli
1465 2537 1486 2558 et
1495 2535 1547 2566 finit
1563 2542 1603 2563 ea,
1615 2538 1637 2558 et
1649 2536 1704 2558 infra
1724 2537 1746 2558 in
1764 2537 1842 2558 Glossa
1854 2541 1895 2563 pro
1907 2535 2051 2559 innocentiae
2062 2542 2096 2559 ra-

1259 2574 1326 2597 stitas
1339 2574 1407 2596 nabet
1418 2573 1549 2597 innocentia
1560 2575 1583 2596 et
1590 2574 1684 2603 paritas
1695 2574 1742 2597 sire
1754 2570 1856 2601 castitas,
1867 2573 2032 2601 refragantibus
2045 2575 2061 2597 Α
2071 2574 2095 2597 C.

1323 2611 1342 2624 ¹⁰
1360 2613 1424 2635 Vers.
1442 2613 1478 2635 20.
1595 2641 1598 2644 ἢ

1322 2650 1340 2663 ¹¹
1359 2652 1423 2674 vers.
1435 2652 1471 2673 62.
1483 2663 1513 2667 —
1525 2651 1627 2674 Subinde
1637 2655 1713 2674 contra
1726 2653 1743 2674 Α
1753 2651 1769 2674 C
1782 2650 1864 2674 Bonelli
1876 2654 1982 2679 corrupte
1999 2658 2044 2675 nou
2064 2652 2094 2675 in-

1259 2690 1349 2719 tetliqai
1364 2690 1406 2720 qui
1421 2696 1467 2713 non
1484 2690 1591 2719 intelliait
1599 2697 1642 2720 per
1652 2690 1794 2720 parabolam
1812 2696 1854 2718 pro
1870 2696 1917 2713 non
1934 2690 2041 2720 intelliyit
2056 2691 2096 2721 qui

1259 2735 1306 2752 non
1323 2729 1432 2758 intelligit
1445 2728 1598 2758 parabolam,
1613 2730 1712 2758 deniquo
1728 2732 1779 2757 post
1790 2734 1850 2758 apro
1867 2729 1930 2751 addit
1945 2730 2095 2753 seminatum.

1322 2767 1340 2780 Π
1358 2768 1422 2790 Vei-s.
1434 2768 1454 2789 9.
1467 2779 1498 2784 —
1510 2767 1582 2795 Supra
1599 2774 1625 2789 cx
1643 2768 1658 2790 Α
1669 2767 1685 2790 C
1702 2767 1861 2790 substituimus
1878 2768 2035 2797 cooperatoris
2053 2775 2094 2796 pro

1259 2806 1412 2836 cooperantis.
1429 2819 1458 2823 —-
1475 2806 1541 2834 Quod
1558 2806 1639 2829 dicitur
1655 2807 1684 2830 de
1700 2808 1784 2829 aratro
1803 2809 1881 2828 auctor
1901 2807 1932 2829 sic
1949 2808 2054 2835 exprimit
2072 2808 2093 2829 in

1259 2846 1386 2868 Comment,
1403 2845 1431 2867 ad
1448 2846 1502 2867 Luc.
1516 2852 1536 2867 c.
1553 2846 1578 2873 9,
1596 2846 1637 2868 62:
1654 2847 1782 2873 Aram-um,
1800 2845 1822 2867 id
1840 2848 1873 2867 est
1889 2846 1918 2868 ad
1935 2846 2026 2868 divinae
2043 2852 2094 2874 per-

1260 2885 1360 2907 fectionis
1376 2887 1398 2906 et
1415 2884 1590 2911 praedicationis
1607 2885 1749 2911 ciel-citium,
1766 2884 1829 2913 quod
1851 2887 1909 2907 recte
1932 2891 1972 2913 per
1993 2889 2092 2907 aratrum

1258 2922 1397 2950 significatur
1413 2924 1506 2949 propter
1523 2923 1633 2945 culturam
1651 2926 1672 2946 et
1690 2924 1795 2945 fructum.

2122 289 2176 307 Ratio
2189 289 2205 306 3.

2122 520 2226 539 Conclusio.

2119 1408 2146 1426 De
2160 1408 2223 1434 texi-tia·

2135 1433 2200 1455 gratia.

2137 1780 2246 1800 Necessaria

2115 1804 2174 1823 libera
2180 1808 2246 1827 coope-

2116 1829 2169 1846 ratio.
