<?xml version="1.0" encoding="UTF-8"?>
<!DOCTYPE html PUBLIC "-//W3C//DTD XHTML 1.0 Transitional//EN"
    "http://www.w3.org/TR/xhtml1/DTD/xhtml1-transitional.dtd">
<html xmlns="http://www.w3.org/1999/xhtml" xml:lang="en" lang="en">
 <head>
  <title>
</title>
<meta http-equiv="Content-Type" content="text/html;charset=utf-8" />
  <meta name='ocr-system' content='tesseract 3.04.00' />
  <meta name='ocr-capabilities' content='ocr_page ocr_carea ocr_par ocr_line ocrx_word'/>
</head>
<body>
  <div class='ocr_page' id='page_1' title='image "./doctorisseraphic05bona/doctorisseraphic05bona_0454.png"; bbox 0 0 2285 3398; ppageno 0'>
   <div class='ocr_carea' id='block_1_1' title="bbox 328 197 386 225">
    <p class='ocr_par' dir='ltr' id='par_1_1' title="bbox 328 197 386 225">
     <span class='ocr_line' id='line_1_1' title="bbox 328 197 386 225; baseline 0 0"><span class='ocrx_word' id='word_1_1' title='bbox 328 197 386 225; x_wconf 80' lang='lat'><em>370</em></span> 
     </span>
    </p>
   </div>
   <div class='ocr_carea' id='block_1_2' title="bbox 191 273 1177 2192">
    <p class='ocr_par' dir='ltr' id='par_1_2' title="bbox 191 273 1175 500">
     <span class='ocr_line' id='line_1_2' title="bbox 328 273 1174 308; baseline -0.001 -4"><span class='ocrx_word' id='word_1_2' title='bbox 328 275 524 304; x_wconf 75' lang='lat' dir='ltr'>contradicere.</span> <span class='ocrx_word' id='word_1_3' title='bbox 547 274 681 303; x_wconf 84' lang='lat' dir='ltr'>Iudicium</span> <span class='ocrx_word' id='word_1_4' title='bbox 702 273 775 302; x_wconf 89' lang='lat' dir='ltr'><em>enim</em></span> <span class='ocrx_word' id='word_1_5' title='bbox 797 274 923 303; x_wconf 79' lang='lat' dir='ltr'><em>rationis</em></span> <span class='ocrx_word' id='word_1_6' title='bbox 946 274 1110 303; x_wconf 75' lang='lat' dir='ltr'><em>illustratae</em></span> <span class='ocrx_word' id='word_1_7' title='bbox 1123 278 1174 308; x_wconf 80' lang='lat' dir='ltr'><em>est,</em></span> 
     </span>
     <span class='ocr_line' id='line_1_3' title="bbox 326 321 1175 359; baseline -0.002 -8"><span class='ocrx_word' id='word_1_8' title='bbox 326 321 400 359; x_wconf 88' lang='lat' dir='ltr'><em>quod</em></span> <span class='ocrx_word' id='word_1_9' title='bbox 420 322 453 351; x_wconf 92' lang='lat' dir='ltr'><em>de</em></span> <span class='ocrx_word' id='word_1_10' title='bbox 477 322 531 351; x_wconf 91' lang='lat' dir='ltr'><em>Deo</em></span> <span class='ocrx_word' id='word_1_11' title='bbox 545 329 653 350; x_wconf 89' lang='lat' dir='ltr'><em>summe</em></span> <span class='ocrx_word' id='word_1_12' title='bbox 673 324 715 350; x_wconf 90' lang='lat' dir='ltr'><em>est</em></span> <span class='ocrx_word' id='word_1_13' title='bbox 729 321 903 350; x_wconf 83' lang='lat' dir='ltr'><em>sentiendum</em></span> <span class='ocrx_word' id='word_1_14' title='bbox 923 325 952 351; x_wconf 90' lang='lat' dir='ltr'><em>et</em></span> <span class='ocrx_word' id='word_1_15' title='bbox 965 322 1105 351; x_wconf 81' lang='lat' dir='ltr'>altissime.</span> <span class='ocrx_word' id='word_1_16' title='bbox 1121 322 1175 349; x_wconf 79' lang='lat' dir='ltr'><em>Hoc</em></span> 
     </span>
     <span class='ocr_line' id='line_1_4' title="bbox 191 368 1175 419; baseline 0 -23"><span class='ocrx_word' id='word_1_17' title='bbox 191 372 420 419; x_wconf 43' lang='grc' dir='ltr'><em>ι3111131ιωὲεἷ31110111</em></span> <span class='ocrx_word' id='word_1_18' title='bbox 442 372 484 398; x_wconf 88' lang='lat' dir='ltr'><em>est</em></span> <span class='ocrx_word' id='word_1_19' title='bbox 504 368 665 405; x_wconf 81' lang='lat' dir='ltr'>tripliciter:</span> <span class='ocrx_word' id='word_1_20' title='bbox 686 368 720 397; x_wconf 92' lang='lat' dir='ltr'><em>de</em></span> <span class='ocrx_word' id='word_1_21' title='bbox 742 368 798 397; x_wconf 92' lang='lat' dir='ltr'><em>Deo</em></span> <span class='ocrx_word' id='word_1_22' title='bbox 829 369 1003 398; x_wconf 88' lang='lat' dir='ltr'><em>sentiendum</em></span> <span class='ocrx_word' id='word_1_23' title='bbox 1024 372 1066 397; x_wconf 89' lang='lat' dir='ltr'><em>est</em></span> <span class='ocrx_word' id='word_1_24' title='bbox 1093 368 1175 397; x_wconf 69' lang='lat' dir='ltr'><em>attis-</em></span> 
     </span>
     <span class='ocr_line' id='line_1_5' title="bbox 193 415 1175 452; baseline -0.001 -9"><span class='ocrx_word' id='word_1_25' title='bbox 193 424 250 443; x_wconf 68' lang='lat' dir='ltr'><em>cium.</em></span> <span class='ocrx_word' id='word_1_26' title='bbox 326 416 398 444; x_wconf 77' lang='lat' dir='ltr'><em>sime</em></span> <span class='ocrx_word' id='word_1_27' title='bbox 418 419 445 444; x_wconf 85' lang='lat' dir='ltr'><em>et</em></span> <span class='ocrx_word' id='word_1_28' title='bbox 463 415 611 452; x_wconf 74' lang='lat' dir='ltr'><em>piissime,</em></span> <span class='ocrx_word' id='word_1_29' title='bbox 633 415 774 444; x_wconf 79' lang='lat' dir='ltr'><em>altissime</em></span> <span class='ocrx_word' id='word_1_30' title='bbox 794 419 821 444; x_wconf 92' lang='lat' dir='ltr'><em>et</em></span> <span class='ocrx_word' id='word_1_31' title='bbox 847 417 1013 450; x_wconf 78' lang='lat' dir='ltr'><em>verissime,</em></span> <span class='ocrx_word' id='word_1_32' title='bbox 1035 415 1175 444; x_wconf 74' lang='lat' dir='ltr'><em>altissime</em></span> 
     </span>
     <span class='ocr_line' id='line_1_6' title="bbox 327 463 486 500; baseline -0.013 -8"><span class='ocrx_word' id='word_1_33' title='bbox 327 466 354 492; x_wconf 86' lang='lat' dir='ltr'><em>et</em></span> <span class='ocrx_word' id='word_1_34' title='bbox 375 463 486 500; x_wconf 85' lang='lat' dir='ltr'><em>optime.</em></span> 
     </span>
    </p>

    <p class='ocr_par' dir='ltr' id='par_1_3' title="bbox 193 509 1176 687">
     <span class='ocr_line' id='line_1_7' title="bbox 404 509 1175 547; baseline -0.003 -10"><span class='ocrx_word' id='word_1_35' title='bbox 404 510 450 538; x_wconf 67' lang='lat'><em>⁰24.</em></span> <span class='ocrx_word' id='word_1_36' title='bbox 473 509 548 537; x_wconf 83' lang='lat' dir='ltr'><em>Ratio</em></span> <span class='ocrx_word' id='word_1_37' title='bbox 569 517 635 546; x_wconf 83' lang='lat' dir='ltr'><em>ergo</em></span> <span class='ocrx_word' id='word_1_38' title='bbox 656 509 753 543; x_wconf 87' lang='lat' dir='ltr'><em>dictat,</em></span> <span class='ocrx_word' id='word_1_39' title='bbox 768 510 843 547; x_wconf 90' lang='lat' dir='ltr'><em>quod</em></span> <span class='ocrx_word' id='word_1_40' title='bbox 856 510 890 538; x_wconf 87' lang='lat' dir='ltr'><em>de</em></span> <span class='ocrx_word' id='word_1_41' title='bbox 912 510 968 538; x_wconf 87' lang='lat' dir='ltr'><em>Deo</em></span> <span class='ocrx_word' id='word_1_42' title='bbox 988 509 1120 538; x_wconf 89' lang='lat' dir='ltr'><em>altissimo</em></span> <span class='ocrx_word' id='word_1_43' title='bbox 1134 510 1175 536; x_wconf 83' lang='lat' dir='ltr'><em>est</em></span> 
     </span>
     <span class='ocr_line' id='line_1_8' title="bbox 193 554 1176 593; baseline -0.001 -10"><span class='ocrx_word' id='word_1_44' title='bbox 193 565 277 591; x_wconf 72' lang='lat' dir='ltr'><em>Piiiiium</em></span> <span class='ocrx_word' id='word_1_45' title='bbox 287 565 314 583; x_wconf 86' lang='lat' dir='ltr'><em>iu·</em></span> <span class='ocrx_word' id='word_1_46' title='bbox 325 556 499 585; x_wconf 89' lang='lat' dir='ltr'><em>sentiendum</em></span> <span class='ocrx_word' id='word_1_47' title='bbox 520 555 660 584; x_wconf 73' lang='lat' dir='ltr'><em>altissime</em></span> <span class='ocrx_word' id='word_1_48' title='bbox 681 559 707 585; x_wconf 89' lang='lat' dir='ltr'><em>et</em></span> <span class='ocrx_word' id='word_1_49' title='bbox 728 556 859 593; x_wconf 80' lang='lat' dir='ltr'><em>piissime</em></span> <span class='ocrx_word' id='word_1_50' title='bbox 871 558 890 590; x_wconf 86' lang='lat'><em>¹,</em></span> <span class='ocrx_word' id='word_1_51' title='bbox 905 556 979 593; x_wconf 89' lang='lat' dir='ltr'><em>quod</em></span> <span class='ocrx_word' id='word_1_52' title='bbox 998 555 1044 583; x_wconf 91' lang='lat' dir='ltr'><em>illa</em></span> <span class='ocrx_word' id='word_1_53' title='bbox 1058 554 1176 583; x_wconf 81' lang='lat' dir='ltr'><em>essentia</em></span> 
     </span>
     <span class='ocr_line' id='line_1_9' title="bbox 196 589 1175 632; baseline -0.001 -2"><span class='ocrx_word' id='word_1_54' title='bbox 196 589 313 630; x_wconf 58' lang='lat' dir='ltr'><em>“iffifflig‘e&#39;i</em></span> <span class='ocrx_word' id='word_1_55' title='bbox 325 606 366 632; x_wconf 83' lang='lat' dir='ltr'><em>est</em></span> <span class='ocrx_word' id='word_1_56' title='bbox 387 602 557 631; x_wconf 89' lang='lat' dir='ltr'><em>nobilissimo</em></span> <span class='ocrx_word' id='word_1_57' title='bbox 577 603 666 631; x_wconf 90' lang='lat' dir='ltr'><em>modo.</em></span> <span class='ocrx_word' id='word_1_58' title='bbox 682 603 779 632; x_wconf 87' lang='lat' dir='ltr'><em>Forma</em></span> <span class='ocrx_word' id='word_1_59' title='bbox 800 602 977 631; x_wconf 74' lang='lat' dir='ltr'><em>universalis</em></span> <span class='ocrx_word' id='word_1_60' title='bbox 998 601 1116 630; x_wconf 83' lang='lat' dir='ltr'><em>nobilior</em></span> <span class='ocrx_word' id='word_1_61' title='bbox 1134 604 1175 629; x_wconf 91' lang='lat' dir='ltr'><em>est</em></span> 
     </span>
     <span class='ocr_line' id='line_1_10' title="bbox 195 635 1176 687; baseline -0.003 -8"><span class='ocrx_word' id='word_1_62' title='bbox 195 635 291 654; x_wconf 51' lang='lat' dir='ltr'>emme*</span> <span class='ocrx_word' id='word_1_63' title='bbox 323 649 522 687; x_wconf 78' lang='lat' dir='ltr'><em>particulari,</em></span> <span class='ocrx_word' id='word_1_64' title='bbox 544 650 610 687; x_wconf 89' lang='lat' dir='ltr'><em>quia</em></span> <span class='ocrx_word' id='word_1_65' title='bbox 631 653 673 679; x_wconf 91' lang='lat' dir='ltr'><em>est</em></span> <span class='ocrx_word' id='word_1_66' title='bbox 693 650 721 678; x_wconf 91' lang='lat' dir='ltr'><em>in</em></span> <span class='ocrx_word' id='word_1_67' title='bbox 742 650 852 684; x_wconf 90' lang='lat' dir='ltr'><em>multis;</em></span> <span class='ocrx_word' id='word_1_68' title='bbox 866 649 1063 687; x_wconf 81' lang='lat' dir='ltr'><em>particularis</em></span> <span class='ocrx_word' id='word_1_69' title='bbox 1082 651 1176 677; x_wconf 89' lang='lat' dir='ltr'><em>autem</em></span> 
     </span>
    </p>

    <p class='ocr_par' dir='ltr' id='par_1_4' title="bbox 322 695 1177 1198">
     <span class='ocr_line' id='line_1_11' title="bbox 326 695 1176 733; baseline -0.004 -7"><span class='ocrx_word' id='word_1_70' title='bbox 326 706 382 726; x_wconf 92' lang='lat' dir='ltr'><em>uno</em></span> <span class='ocrx_word' id='word_1_71' title='bbox 403 697 485 726; x_wconf 91' lang='lat' dir='ltr'><em>modo</em></span> <span class='ocrx_word' id='word_1_72' title='bbox 507 697 624 726; x_wconf 86' lang='lat' dir='ltr'><em>nobilior</em></span> <span class='ocrx_word' id='word_1_73' title='bbox 646 696 825 730; x_wconf 78' lang='lat' dir='ltr'><em>universali,</em></span> <span class='ocrx_word' id='word_1_74' title='bbox 841 697 906 733; x_wconf 90' lang='lat' dir='ltr'><em>quia</em></span> <span class='ocrx_word' id='word_1_75' title='bbox 918 695 1117 733; x_wconf 80' lang='lat' dir='ltr'><em>particularis</em></span> <span class='ocrx_word' id='word_1_76' title='bbox 1134 698 1176 724; x_wconf 91' lang='lat' dir='ltr'><em>est</em></span> 
     </span>
     <span class='ocr_line' id='line_1_12' title="bbox 326 742 1176 779; baseline -0.004 -6"><span class='ocrx_word' id='word_1_77' title='bbox 326 745 353 773; x_wconf 93' lang='lat' dir='ltr'><em>in</em></span> <span class='ocrx_word' id='word_1_78' title='bbox 374 753 430 773; x_wconf 88' lang='lat' dir='ltr'><em>uno</em></span> <span class='ocrx_word' id='word_1_79' title='bbox 451 753 505 773; x_wconf 90' lang='lat' dir='ltr'><em>non</em></span> <span class='ocrx_word' id='word_1_80' title='bbox 527 748 689 779; x_wconf 86' lang='lat' dir='ltr'><em>numerata,</em></span> <span class='ocrx_word' id='word_1_81' title='bbox 705 744 751 773; x_wconf 91' lang='lat' dir='ltr'><em>sed</em></span> <span class='ocrx_word' id='word_1_82' title='bbox 773 743 951 772; x_wconf 71' lang='lat' dir='ltr'><em>universalis</em></span> <span class='ocrx_word' id='word_1_83' title='bbox 972 743 999 771; x_wconf 94' lang='lat' dir='ltr'><em>in</em></span> <span class='ocrx_word' id='word_1_84' title='bbox 1021 742 1117 771; x_wconf 89' lang='lat' dir='ltr'><em>multis</em></span> <span class='ocrx_word' id='word_1_85' title='bbox 1134 745 1176 771; x_wconf 88' lang='lat' dir='ltr'><em>est</em></span> 
     </span>
     <span class='ocr_line' id='line_1_13' title="bbox 326 789 1176 828; baseline -0.004 -7"><span class='ocrx_word' id='word_1_86' title='bbox 326 795 487 821; x_wconf 83' lang='lat' dir='ltr'><em>numerata:</em></span> <span class='ocrx_word' id='word_1_87' title='bbox 509 799 575 828; x_wconf 83' lang='lat' dir='ltr'><em>ergo</em></span> <span class='ocrx_word' id='word_1_88' title='bbox 596 791 715 820; x_wconf 79' lang='lat' dir='ltr'><em>essentia</em></span> <span class='ocrx_word' id='word_1_89' title='bbox 735 791 828 819; x_wconf 88' lang='lat' dir='ltr'><em>divina</em></span> <span class='ocrx_word' id='word_1_90' title='bbox 848 790 951 819; x_wconf 86' lang='lat' dir='ltr'><em>habere</em></span> <span class='ocrx_word' id='word_1_91' title='bbox 982 789 1080 823; x_wconf 87' lang='lat' dir='ltr'><em>debet,</em></span> <span class='ocrx_word' id='word_1_92' title='bbox 1101 789 1176 826; x_wconf 90' lang='lat' dir='ltr'><em>quod</em></span> 
     </span>
     <span class='ocr_line' id='line_1_14' title="bbox 324 837 1175 872; baseline -0.004 -5"><span class='ocrx_word' id='word_1_93' title='bbox 324 838 475 867; x_wconf 80' lang='lat' dir='ltr'><em>nobilitatis</em></span> <span class='ocrx_word' id='word_1_94' title='bbox 496 842 537 867; x_wconf 81' lang='lat' dir='ltr'><em>est</em></span> <span class='ocrx_word' id='word_1_95' title='bbox 559 838 586 866; x_wconf 94' lang='lat' dir='ltr'><em>in</em></span> <span class='ocrx_word' id='word_1_96' title='bbox 608 841 753 872; x_wconf 81' lang='lat' dir='ltr'><em>creatura,</em></span> <span class='ocrx_word' id='word_1_97' title='bbox 775 840 807 866; x_wconf 92' lang='lat' dir='ltr'><em>ut</em></span> <span class='ocrx_word' id='word_1_98' title='bbox 828 837 863 866; x_wconf 87' lang='lat' dir='ltr'><em>sit</em></span> <span class='ocrx_word' id='word_1_99' title='bbox 876 845 939 865; x_wconf 79' lang='lat' dir='ltr'><em>una</em></span> <span class='ocrx_word' id='word_1_100' title='bbox 961 837 988 865; x_wconf 94' lang='lat' dir='ltr'><em>in</em></span> <span class='ocrx_word' id='word_1_101' title='bbox 1010 837 1107 865; x_wconf 90' lang='lat' dir='ltr'><em>multis</em></span> <span class='ocrx_word' id='word_1_102' title='bbox 1121 845 1175 865; x_wconf 90' lang='lat' dir='ltr'><em>non</em></span> 
     </span>
     <span class='ocr_line' id='line_1_15' title="bbox 324 883 1176 921; baseline -0.004 -7"><span class='ocrx_word' id='word_1_103' title='bbox 324 889 470 914; x_wconf 84' lang='lat' dir='ltr'><em>numerata</em></span> <span class='ocrx_word' id='word_1_104' title='bbox 482 886 501 913; x_wconf 74' lang='lat'><em>²².</em></span> <span class='ocrx_word' id='word_1_105' title='bbox 518 901 555 905; x_wconf 90' lang='lat'>—</span> <span class='ocrx_word' id='word_1_106' title='bbox 577 885 755 914; x_wconf 85' lang='lat' dir='ltr'><em>Sentiendum</em></span> <span class='ocrx_word' id='word_1_107' title='bbox 778 888 819 913; x_wconf 84' lang='lat' dir='ltr'><em>est</em></span> <span class='ocrx_word' id='word_1_108' title='bbox 840 884 923 913; x_wconf 85' lang='lat' dir='ltr'><em>etiam</em></span> <span class='ocrx_word' id='word_1_109' title='bbox 936 884 1079 921; x_wconf 75' lang='lat' dir='ltr'><em>piissime,</em></span> <span class='ocrx_word' id='word_1_110' title='bbox 1101 883 1176 920; x_wconf 87' lang='lat' dir='ltr'><em>quod</em></span> 
     </span>
     <span class='ocr_line' id='line_1_16' title="bbox 324 932 1177 969; baseline -0.004 -7"><span class='ocrx_word' id='word_1_111' title='bbox 324 933 370 962; x_wconf 88' lang='lat' dir='ltr'><em>illa</em></span> <span class='ocrx_word' id='word_1_112' title='bbox 389 933 508 962; x_wconf 77' lang='lat' dir='ltr'><em>essentia</em></span> <span class='ocrx_word' id='word_1_113' title='bbox 521 936 562 961; x_wconf 86' lang='lat' dir='ltr'><em>est</em></span> <span class='ocrx_word' id='word_1_114' title='bbox 577 932 655 969; x_wconf 77' lang='lat' dir='ltr'><em>origo</em></span> <span class='ocrx_word' id='word_1_115' title='bbox 676 932 816 966; x_wconf 90' lang='lat' dir='ltr'><em>omnium,</em></span> <span class='ocrx_word' id='word_1_116' title='bbox 838 939 936 960; x_wconf 84' lang='lat' dir='ltr'><em>creans</em></span> <span class='ocrx_word' id='word_1_117' title='bbox 956 939 1052 960; x_wconf 91' lang='lat' dir='ltr'><em>omnes</em></span> <span class='ocrx_word' id='word_1_118' title='bbox 1074 939 1127 965; x_wconf 84' lang='lat' dir='ltr'><em>res,</em></span> <span class='ocrx_word' id='word_1_119' title='bbox 1149 933 1177 959; x_wconf 86' lang='lat' dir='ltr'><em>et</em></span> 
     </span>
     <span class='ocr_line' id='line_1_17' title="bbox 324 978 1174 1018; baseline -0.002 -9"><span class='ocrx_word' id='word_1_120' title='bbox 324 980 398 1018; x_wconf 89' lang='lat' dir='ltr'><em>quod</em></span> <span class='ocrx_word' id='word_1_121' title='bbox 419 980 576 1009; x_wconf 79' lang='lat' dir='ltr'><em>immediate</em></span> <span class='ocrx_word' id='word_1_122' title='bbox 596 980 632 1008; x_wconf 86' lang='lat' dir='ltr'><em>ab</em></span> <span class='ocrx_word' id='word_1_123' title='bbox 663 980 722 1016; x_wconf 86' lang='lat' dir='ltr'><em>ipsa</em></span> <span class='ocrx_word' id='word_1_124' title='bbox 752 987 848 1008; x_wconf 86' lang='lat' dir='ltr'><em>omnes</em></span> <span class='ocrx_word' id='word_1_125' title='bbox 870 987 914 1008; x_wconf 87' lang='lat' dir='ltr'><em>res</em></span> <span class='ocrx_word' id='word_1_126' title='bbox 935 978 1097 1016; x_wconf 89' lang='lat' dir='ltr'><em>procedunt.</em></span> <span class='ocrx_word' id='word_1_127' title='bbox 1121 978 1174 1007; x_wconf 87' lang='lat' dir='ltr'><em>Nisi</em></span> 
     </span>
     <span class='ocr_line' id='line_1_18' title="bbox 325 1025 1174 1065; baseline -0.004 -8"><span class='ocrx_word' id='word_1_128' title='bbox 325 1031 355 1057; x_wconf 90' lang='lat' dir='ltr'><em>tu</em></span> <span class='ocrx_word' id='word_1_129' title='bbox 376 1028 491 1062; x_wconf 85' lang='lat' dir='ltr'><em>sentias,</em></span> <span class='ocrx_word' id='word_1_130' title='bbox 513 1027 588 1065; x_wconf 91' lang='lat' dir='ltr'><em>quod</em></span> <span class='ocrx_word' id='word_1_131' title='bbox 617 1026 736 1056; x_wconf 86' lang='lat' dir='ltr'><em>totalitas</em></span> <span class='ocrx_word' id='word_1_132' title='bbox 768 1034 862 1055; x_wconf 86' lang='lat' dir='ltr'><em>rerum</em></span> <span class='ocrx_word' id='word_1_133' title='bbox 895 1026 930 1055; x_wconf 90' lang='lat' dir='ltr'><em>ab</em></span> <span class='ocrx_word' id='word_1_134' title='bbox 958 1026 1016 1063; x_wconf 90' lang='lat' dir='ltr'><em>ipsa</em></span> <span class='ocrx_word' id='word_1_135' title='bbox 1038 1025 1174 1063; x_wconf 84' lang='lat' dir='ltr'><em>procedit;</em></span> 
     </span>
     <span class='ocr_line' id='line_1_19' title="bbox 323 1073 1175 1111; baseline -0.004 -7"><span class='ocrx_word' id='word_1_136' title='bbox 323 1083 377 1104; x_wconf 91' lang='lat' dir='ltr'><em>non</em></span> <span class='ocrx_word' id='word_1_137' title='bbox 399 1075 484 1104; x_wconf 86' lang='lat' dir='ltr'><em>sentis</em></span> <span class='ocrx_word' id='word_1_138' title='bbox 504 1075 538 1103; x_wconf 85' lang='lat' dir='ltr'><em>de</em></span> <span class='ocrx_word' id='word_1_139' title='bbox 560 1075 616 1103; x_wconf 92' lang='lat' dir='ltr'><em>Deo</em></span> <span class='ocrx_word' id='word_1_140' title='bbox 634 1074 775 1111; x_wconf 74' lang='lat' dir='ltr'><em>piissime.</em></span> <span class='ocrx_word' id='word_1_141' title='bbox 800 1074 873 1102; x_wconf 83' lang='lat' dir='ltr'><em>Plato</em></span> <span class='ocrx_word' id='word_1_142' title='bbox 894 1073 1096 1103; x_wconf 84' lang='lat' dir='ltr'><em>commendavit</em></span> <span class='ocrx_word' id='word_1_143' title='bbox 1117 1073 1175 1101; x_wconf 83' lang='lat' dir='ltr'><em>ani-</em></span> 
     </span>
     <span class='ocr_line' id='line_1_20' title="bbox 322 1119 1174 1159; baseline -0.004 -8"><span class='ocrx_word' id='word_1_144' title='bbox 322 1131 395 1151; x_wconf 91' lang='lat' dir='ltr'><em>mam</em></span> <span class='ocrx_word' id='word_1_145' title='bbox 418 1130 497 1151; x_wconf 84' lang='lat' dir='ltr'><em>suam</em></span> <span class='ocrx_word' id='word_1_146' title='bbox 519 1121 665 1159; x_wconf 52' lang='grc' dir='ltr'><strong>111010]τῆ</strong></span> <span class='ocrx_word' id='word_1_147' title='bbox 687 1121 734 1150; x_wconf 86' lang='lat' dir='ltr'><em>sed</em></span> <span class='ocrx_word' id='word_1_148' title='bbox 764 1121 861 1149; x_wconf 86' lang='lat' dir='ltr'><em>Petrus</em></span> <span class='ocrx_word' id='word_1_149' title='bbox 892 1120 1095 1149; x_wconf 87' lang='lat' dir='ltr'><em>commendavit</em></span> <span class='ocrx_word' id='word_1_150' title='bbox 1116 1119 1174 1148; x_wconf 89' lang='lat' dir='ltr'><em>ani-</em></span> 
     </span>
     <span class='ocr_line' id='line_1_21' title="bbox 323 1169 649 1198; baseline -0.006 0"><span class='ocrx_word' id='word_1_151' title='bbox 323 1177 395 1198; x_wconf 85' lang='lat' dir='ltr'><em>mam</em></span> <span class='ocrx_word' id='word_1_152' title='bbox 417 1177 495 1198; x_wconf 88' lang='lat' dir='ltr'><em>suam</em></span> <span class='ocrx_word' id='word_1_153' title='bbox 517 1169 649 1198; x_wconf 85' lang='lat' dir='ltr'><em>Creatori.</em></span> 
     </span>
    </p>

    <p class='ocr_par' dir='ltr' id='par_1_5' title="bbox 200 1214 1173 1347">
     <span class='ocr_line' id='line_1_22' title="bbox 402 1214 1173 1245; baseline -0.003 0"><span class='ocrx_word' id='word_1_154' title='bbox 402 1217 448 1245; x_wconf 72' lang='lat'><em>25.</em></span> <span class='ocrx_word' id='word_1_155' title='bbox 471 1216 596 1245; x_wconf 87' lang='lat' dir='ltr'><em>Secundo</em></span> <span class='ocrx_word' id='word_1_156' title='bbox 624 1215 797 1245; x_wconf 91' lang='lat' dir='ltr'><em>sentiendum</em></span> <span class='ocrx_word' id='word_1_157' title='bbox 829 1218 870 1244; x_wconf 91' lang='lat' dir='ltr'><em>est</em></span> <span class='ocrx_word' id='word_1_158' title='bbox 894 1215 976 1244; x_wconf 86' lang='lat' dir='ltr'><em>etiam</em></span> <span class='ocrx_word' id='word_1_159' title='bbox 998 1215 1032 1243; x_wconf 92' lang='lat' dir='ltr'><em>de</em></span> <span class='ocrx_word' id='word_1_160' title='bbox 1054 1215 1109 1243; x_wconf 87' lang='lat' dir='ltr'><em>Deo</em></span> <span class='ocrx_word' id='word_1_161' title='bbox 1131 1214 1173 1243; x_wconf 90' lang='lat' dir='ltr'><em>al-</em></span> 
     </span>
     <span class='ocr_line' id='line_1_23' title="bbox 200 1261 1173 1299; baseline 0 -10"><span class='ocrx_word' id='word_1_162' title='bbox 200 1271 314 1297; x_wconf 67' lang='lat' dir='ltr'><em>seeundum,</em></span> <span class='ocrx_word' id='word_1_163' title='bbox 324 1263 433 1291; x_wconf 84' lang='lat' dir='ltr'><em>tissime</em></span> <span class='ocrx_word' id='word_1_164' title='bbox 453 1266 480 1291; x_wconf 84' lang='lat' dir='ltr'><em>et</em></span> <span class='ocrx_word' id='word_1_165' title='bbox 507 1262 672 1296; x_wconf 62' lang='lat' dir='ltr'><em>verissime,</em></span> <span class='ocrx_word' id='word_1_166' title='bbox 694 1262 760 1299; x_wconf 88' lang='lat' dir='ltr'><em>quia</em></span> <span class='ocrx_word' id='word_1_167' title='bbox 791 1262 848 1298; x_wconf 91' lang='lat' dir='ltr'><em>ipse</em></span> <span class='ocrx_word' id='word_1_168' title='bbox 876 1265 917 1290; x_wconf 91' lang='lat' dir='ltr'><em>est</em></span> <span class='ocrx_word' id='word_1_169' title='bbox 948 1262 1051 1290; x_wconf 80' lang='lat' dir='ltr'><em>veritas</em></span> <span class='ocrx_word' id='word_1_170' title='bbox 1081 1261 1173 1290; x_wconf 86' lang='lat' dir='ltr'><em>omnia</em></span> 
     </span>
     <span class='ocr_line' id='line_1_24' title="bbox 207 1300 1172 1347; baseline 0.001 -11"><span class='ocrx_word' id='word_1_171' title='bbox 207 1300 312 1337; x_wconf 55' lang='lat' dir='ltr'><em>{ztiffi?v¹‘</em></span> <span class='ocrx_word' id='word_1_172' title='bbox 323 1309 508 1347; x_wconf 65' lang='lat' dir='ltr'><em>pubernans,</em></span> <span class='ocrx_word' id='word_1_173' title='bbox 540 1310 632 1338; x_wconf 85' lang='lat' dir='ltr'><em>onmia</em></span> <span class='ocrx_word' id='word_1_174' title='bbox 664 1309 833 1343; x_wconf 79' lang='lat' dir='ltr'><em>illustrans,</em></span> <span class='ocrx_word' id='word_1_175' title='bbox 865 1309 957 1338; x_wconf 89' lang='lat' dir='ltr'><em>omnia</em></span> <span class='ocrx_word' id='word_1_176' title='bbox 992 1308 1172 1345; x_wconf 74' lang='lat' dir='ltr'><em>reetifieans,</em></span> 
     </span>
    </p>

    <p class='ocr_par' dir='ltr' id='par_1_6' title="bbox 324 1355 1172 1488">
     <span class='ocr_line' id='line_1_25' title="bbox 324 1355 1172 1393; baseline -0.002 -8"><span class='ocrx_word' id='word_1_177' title='bbox 324 1356 416 1385; x_wconf 85' lang='lat' dir='ltr'><em>omnia</em></span> <span class='ocrx_word' id='word_1_178' title='bbox 436 1357 606 1393; x_wconf 71' lang='lat' dir='ltr'><em>disponens;</em></span> <span class='ocrx_word' id='word_1_179' title='bbox 627 1356 700 1385; x_wconf 90' lang='lat' dir='ltr'><em>unde</em></span> <span class='ocrx_word' id='word_1_180' title='bbox 722 1357 748 1384; x_wconf 93' lang='grc'><em>111</em></span> <span class='ocrx_word' id='word_1_181' title='bbox 771 1356 912 1384; x_wconf 41' lang='lat' dir='ltr'><em>Psalmo&amp;</em></span> <span class='ocrx_word' id='word_1_182' title='bbox 937 1356 1079 1384; x_wconf 76' lang='lat' dir='ltr'><em>Dominus</em></span> <span class='ocrx_word' id='word_1_183' title='bbox 1106 1355 1172 1383; x_wconf 87' lang='lat' dir='ltr'><em>illu-</em></span> 
     </span>
     <span class='ocr_line' id='line_1_26' title="bbox 324 1402 1172 1440; baseline -0.001 -9"><span class='ocrx_word' id='word_1_184' title='bbox 324 1403 447 1431; x_wconf 80' lang='lat' dir='ltr'><em>minatio</em></span> <span class='ocrx_word' id='word_1_185' title='bbox 467 1411 533 1431; x_wconf 86' lang='lat' dir='ltr'><em>mea</em></span> <span class='ocrx_word' id='word_1_186' title='bbox 554 1406 577 1431; x_wconf 74' lang='lat' dir='ltr'><em>et</em></span> <span class='ocrx_word' id='word_1_187' title='bbox 598 1403 681 1431; x_wconf 77' lang='lat' dir='ltr'><em>salus</em></span> <span class='ocrx_word' id='word_1_188' title='bbox 694 1411 772 1436; x_wconf 82' lang='lat' dir='ltr'><em>mea,</em></span> <span class='ocrx_word' id='word_1_189' title='bbox 788 1411 872 1440; x_wconf 84' lang='lat' dir='ltr'><em>quem</em></span> <span class='ocrx_word' id='word_1_190' title='bbox 893 1402 1012 1430; x_wconf 74' lang='lat' dir='ltr'><em>timebo?</em></span> <span class='ocrx_word' id='word_1_191' title='bbox 1034 1402 1091 1431; x_wconf 91' lang='lat' dir='ltr'><em>Non</em></span> <span class='ocrx_word' id='word_1_192' title='bbox 1106 1410 1172 1439; x_wconf 79' lang='lat' dir='ltr'><em>ergo</em></span> 
     </span>
     <span class='ocr_line' id='line_1_27' title="bbox 325 1449 857 1488; baseline -0.002 -10"><span class='ocrx_word' id='word_1_193' title='bbox 325 1450 489 1488; x_wconf 82' lang='lat' dir='ltr'><em>gubernatio</em></span> <span class='ocrx_word' id='word_1_194' title='bbox 509 1453 550 1479; x_wconf 85' lang='lat' dir='ltr'><em>est</em></span> <span class='ocrx_word' id='word_1_195' title='bbox 571 1450 746 1479; x_wconf 84' lang='lat' dir='ltr'><em>attribuenda</em></span> <span class='ocrx_word' id='word_1_196' title='bbox 767 1449 857 1478; x_wconf 87' lang='lat' dir='ltr'><em>astris.</em></span> 
     </span>
    </p>

    <p class='ocr_par' dir='ltr' id='par_1_7' title="bbox 192 1496 1172 1628">
     <span class='ocr_line' id='line_1_28' title="bbox 404 1496 1172 1526; baseline -0.003 0"><span class='ocrx_word' id='word_1_197' title='bbox 404 1498 450 1526; x_wconf 66' lang='lat'><em>20.</em></span> <span class='ocrx_word' id='word_1_198' title='bbox 473 1497 565 1526; x_wconf 86' lang='lat' dir='ltr'><em>Tertio</em></span> <span class='ocrx_word' id='word_1_199' title='bbox 587 1497 760 1526; x_wconf 85' lang='lat' dir='ltr'><em>sentiendum</em></span> <span class='ocrx_word' id='word_1_200' title='bbox 780 1500 822 1525; x_wconf 86' lang='lat' dir='ltr'><em>est</em></span> <span class='ocrx_word' id='word_1_201' title='bbox 852 1496 886 1525; x_wconf 88' lang='lat' dir='ltr'><em>de</em></span> <span class='ocrx_word' id='word_1_202' title='bbox 907 1497 964 1525; x_wconf 90' lang='lat' dir='ltr'><em>Deo</em></span> <span class='ocrx_word' id='word_1_203' title='bbox 985 1496 1125 1525; x_wconf 80' lang='lat' dir='ltr'><em>altissime</em></span> <span class='ocrx_word' id='word_1_204' title='bbox 1146 1500 1172 1525; x_wconf 83' lang='lat' dir='ltr'><em>et</em></span> 
     </span>
     <span class='ocr_line' id='line_1_29' title="bbox 221 1543 1172 1582; baseline -0.001 -10"><span class='ocrx_word' id='word_1_205' title='bbox 221 1554 311 1575; x_wconf 72' lang='lat' dir='ltr'><em>Tertium,</em></span> <span class='ocrx_word' id='word_1_206' title='bbox 326 1544 446 1582; x_wconf 85' lang='lat' dir='ltr'><em>optime,</em></span> <span class='ocrx_word' id='word_1_207' title='bbox 468 1544 542 1581; x_wconf 91' lang='lat' dir='ltr'><em>quod</em></span> <span class='ocrx_word' id='word_1_208' title='bbox 573 1544 608 1573; x_wconf 89' lang='lat' dir='ltr'><em>sit</em></span> <span class='ocrx_word' id='word_1_209' title='bbox 635 1544 772 1581; x_wconf 85' lang='lat' dir='ltr'><em>optimus,</em></span> <span class='ocrx_word' id='word_1_210' title='bbox 794 1551 830 1572; x_wconf 89' lang='lat' dir='ltr'><em>ex</em></span> <span class='ocrx_word' id='word_1_211' title='bbox 861 1551 918 1580; x_wconf 83' lang='lat' dir='ltr'><em>quo</em></span> <span class='ocrx_word' id='word_1_212' title='bbox 943 1550 971 1571; x_wconf 90' lang='lat' dir='ltr'><em>se</em></span> <span class='ocrx_word' id='word_1_213' title='bbox 993 1551 1101 1571; x_wconf 89' lang='lat' dir='ltr'><em>summe</em></span> <span class='ocrx_word' id='word_1_214' title='bbox 1121 1543 1172 1571; x_wconf 77' lang='lat' dir='ltr'><em>dif-</em></span> 
     </span>
     <span class='ocr_line' id='line_1_30' title="bbox 192 1577 1172 1628; baseline -0.003 -8"><span class='ocrx_word' id='word_1_215' title='bbox 192 1577 313 1625; x_wconf 51' lang='grc' dir='ltr'><em>Εὲἰὲἒῗω·</em></span> <span class='ocrx_word' id='word_1_216' title='bbox 324 1591 414 1620; x_wconf 75' lang='lat' dir='ltr'><em>fundit</em></span> <span class='ocrx_word' id='word_1_217' title='bbox 435 1594 462 1620; x_wconf 73' lang='lat' dir='ltr'><em>et</em></span> <span class='ocrx_word' id='word_1_218' title='bbox 482 1591 577 1628; x_wconf 84' lang='lat' dir='ltr'><em>diligit.</em></span> <span class='ocrx_word' id='word_1_219' title='bbox 607 1591 682 1620; x_wconf 73' lang='lat' dir='ltr'><em>Unde</em></span> <span class='ocrx_word' id='word_1_220' title='bbox 709 1590 834 1627; x_wconf 72' lang='lat' dir='ltr'><em>proprio</em></span> <span class='ocrx_word' id='word_1_221' title='bbox 865 1589 938 1618; x_wconf 72' lang='lat' dir='ltr'><em>Filio</em></span> <span class='ocrx_word' id='word_1_222' title='bbox 969 1598 1023 1618; x_wconf 70' lang='lat' dir='ltr'><em>suo</em></span> <span class='ocrx_word' id='word_1_223' title='bbox 1043 1598 1101 1618; x_wconf 70' lang='lat' dir='ltr'><em>non</em></span> <span class='ocrx_word' id='word_1_224' title='bbox 1123 1598 1172 1627; x_wconf 73' lang='lat' dir='ltr'><em>pe-</em></span> 
     </span>
    </p>

    <p class='ocr_par' dir='ltr' id='par_1_8' title="bbox 321 1637 1172 2192">
     <span class='ocr_line' id='line_1_31' title="bbox 321 1637 1172 1677; baseline -0.004 -9"><span class='ocrx_word' id='word_1_225' title='bbox 321 1639 413 1677; x_wconf 82' lang='lat' dir='ltr'><em>percit</em></span> <span class='ocrx_word' id='word_1_226' title='bbox 424 1639 446 1673; x_wconf 84' lang='lat'><em>⁵,</em></span> <span class='ocrx_word' id='word_1_227' title='bbox 468 1642 496 1668; x_wconf 88' lang='lat' dir='ltr'><em>et</em></span> <span class='ocrx_word' id='word_1_228' title='bbox 515 1638 641 1668; x_wconf 91' lang='lat' dir='ltr'><em>donando</em></span> <span class='ocrx_word' id='word_1_229' title='bbox 662 1638 739 1667; x_wconf 88' lang='lat' dir='ltr'><em>illum</em></span> <span class='ocrx_word' id='word_1_230' title='bbox 761 1638 841 1667; x_wconf 88' lang='lat' dir='ltr'><em>nobis</em></span> <span class='ocrx_word' id='word_1_231' title='bbox 864 1637 939 1666; x_wconf 87' lang='lat' dir='ltr'><em>dedit</em></span> <span class='ocrx_word' id='word_1_232' title='bbox 959 1637 1095 1674; x_wconf 87' lang='lat' dir='ltr'><em>quidquid</em></span> <span class='ocrx_word' id='word_1_233' title='bbox 1120 1637 1172 1665; x_wconf 90' lang='lat' dir='ltr'><em>sci-</em></span> 
     </span>
     <span class='ocr_line' id='line_1_32' title="bbox 324 1684 1172 1724; baseline -0.004 -9"><span class='ocrx_word' id='word_1_234' title='bbox 324 1687 377 1721; x_wconf 86' lang='lat' dir='ltr'><em>vit,</em></span> <span class='ocrx_word' id='word_1_235' title='bbox 399 1686 534 1724; x_wconf 88' lang='lat' dir='ltr'><em>quidquid</em></span> <span class='ocrx_word' id='word_1_236' title='bbox 560 1686 655 1723; x_wconf 89' lang='lat' dir='ltr'><em>potuit.</em></span> <span class='ocrx_word' id='word_1_237' title='bbox 691 1685 814 1719; x_wconf 83' lang='lat' dir='ltr'><em>Omnia,</em></span> <span class='ocrx_word' id='word_1_238' title='bbox 837 1685 927 1722; x_wconf 90' lang='lat' dir='ltr'><em>inquit</em></span> <span class='ocrx_word' id='word_1_239' title='bbox 958 1684 1057 1718; x_wconf 85' lang='lat' dir='ltr'><em>Filius,</em></span> <span class='ocrx_word' id='word_1_240' title='bbox 1085 1693 1172 1723; x_wconf 85' lang='lat' dir='ltr'><em>quae-</em></span> 
     </span>
     <span class='ocr_line' id='line_1_33' title="bbox 324 1731 1172 1772; baseline -0.002 -10"><span class='ocrx_word' id='word_1_241' title='bbox 324 1742 445 1772; x_wconf 80' lang='lat' dir='ltr'><em>cumque</em></span> <span class='ocrx_word' id='word_1_242' title='bbox 466 1732 548 1762; x_wconf 79' lang='lat' dir='ltr'><em>babet</em></span> <span class='ocrx_word' id='word_1_243' title='bbox 571 1734 675 1767; x_wconf 76' lang='lat' dir='ltr'><em>Pater,</em></span> <span class='ocrx_word' id='word_1_244' title='bbox 696 1741 760 1761; x_wconf 79' lang='lat' dir='ltr'><em>mea</em></span> <span class='ocrx_word' id='word_1_245' title='bbox 782 1736 860 1761; x_wconf 84' lang='lat' dir='ltr'><em>sunt.</em></span> <span class='ocrx_word' id='word_1_246' title='bbox 884 1731 963 1761; x_wconf 86' lang='lat' dir='ltr'><em>Dedit</em></span> <span class='ocrx_word' id='word_1_247' title='bbox 984 1734 1077 1760; x_wconf 83' lang='lat' dir='ltr'><em>autem</em></span> <span class='ocrx_word' id='word_1_248' title='bbox 1094 1732 1172 1760; x_wconf 87' lang='lat' dir='ltr'><em>Pater</em></span> 
     </span>
     <span class='ocr_line' id='line_1_34' title="bbox 324 1778 1172 1815; baseline -0.002 -7"><span class='ocrx_word' id='word_1_249' title='bbox 324 1779 402 1808; x_wconf 90' lang='lat' dir='ltr'><em>nobis</em></span> <span class='ocrx_word' id='word_1_250' title='bbox 423 1780 520 1808; x_wconf 87' lang='lat' dir='ltr'><em>Filium</em></span> <span class='ocrx_word' id='word_1_251' title='bbox 542 1783 645 1807; x_wconf 81' lang='lat' dir='ltr'><em>natum.</em></span> <span class='ocrx_word' id='word_1_252' title='bbox 666 1779 700 1808; x_wconf 86' lang='lat' dir='ltr'><em>de</em></span> <span class='ocrx_word' id='word_1_253' title='bbox 730 1778 828 1813; x_wconf 81' lang='lat' dir='ltr'><em>nobis,</em></span> <span class='ocrx_word' id='word_1_254' title='bbox 850 1778 924 1807; x_wconf 86' lang='lat' dir='ltr'><em>dedit</em></span> <span class='ocrx_word' id='word_1_255' title='bbox 946 1778 1026 1807; x_wconf 90' lang='lat' dir='ltr'><em>nobis</em></span> <span class='ocrx_word' id='word_1_256' title='bbox 1046 1786 1172 1815; x_wconf 79' lang='lat' dir='ltr'><em>passum</em></span> 
     </span>
     <span class='ocr_line' id='line_1_35' title="bbox 321 1826 1172 1864; baseline -0.002 -9"><span class='ocrx_word' id='word_1_257' title='bbox 321 1836 377 1864; x_wconf 79' lang='lat' dir='ltr'><em>pro</em></span> <span class='ocrx_word' id='word_1_258' title='bbox 398 1827 493 1861; x_wconf 85' lang='lat' dir='ltr'><em>nobis,</em></span> <span class='ocrx_word' id='word_1_259' title='bbox 514 1827 721 1856; x_wconf 74' lang='lat' dir='ltr'><em>resuscitatum</em></span> <span class='ocrx_word' id='word_1_260' title='bbox 740 1830 861 1863; x_wconf 84' lang='lat' dir='ltr'><em>propter</em></span> <span class='ocrx_word' id='word_1_261' title='bbox 882 1834 951 1859; x_wconf 86' lang='lat' dir='ltr'><em>nos,</em></span> <span class='ocrx_word' id='word_1_262' title='bbox 967 1826 1033 1863; x_wconf 89' lang='lat' dir='ltr'><em>quia</em></span> <span class='ocrx_word' id='word_1_263' title='bbox 1052 1828 1172 1862; x_wconf 83' lang='lat' dir='ltr'><em>propter</em></span> 
     </span>
     <span class='ocr_line' id='line_1_36' title="bbox 324 1872 1172 1911; baseline -0.002 -9"><span class='ocrx_word' id='word_1_264' title='bbox 324 1874 447 1902; x_wconf 82' lang='lat' dir='ltr'><em>nimiam</em></span> <span class='ocrx_word' id='word_1_265' title='bbox 469 1874 637 1907; x_wconf 74' lang='lat' dir='ltr'><em>caritatem,</em></span> <span class='ocrx_word' id='word_1_266' title='bbox 657 1881 716 1911; x_wconf 88' lang='lat' dir='ltr'><em>qua</em></span> <span class='ocrx_word' id='word_1_267' title='bbox 737 1872 837 1901; x_wconf 71' lang='lat' dir='ltr'><em>dilexit</em></span> <span class='ocrx_word' id='word_1_268' title='bbox 857 1881 910 1900; x_wconf 88' lang='lat' dir='ltr'><em>nos</em></span> <span class='ocrx_word' id='word_1_269' title='bbox 931 1875 982 1901; x_wconf 89' lang='lat' dir='ltr'><em>etc.</em></span> <span class='ocrx_word' id='word_1_270' title='bbox 1005 1872 1081 1901; x_wconf 91' lang='lat' dir='ltr'><em>Unde</em></span> <span class='ocrx_word' id='word_1_271' title='bbox 1102 1872 1172 1900; x_wconf 86' lang='lat' dir='ltr'><em>bene</em></span> 
     </span>
     <span class='ocr_line' id='line_1_37' title="bbox 324 1919 1172 1952; baseline -0.001 -3"><span class='ocrx_word' id='word_1_272' title='bbox 324 1920 438 1949; x_wconf 74' lang='lat' dir='ltr'><em>dicitur:</em></span> <span class='ocrx_word' id='word_1_273' title='bbox 452 1921 509 1949; x_wconf 80' lang='lat' dir='ltr'><em>Per</em></span> <span class='ocrx_word' id='word_1_274' title='bbox 520 1921 634 1949; x_wconf 76' lang='lat' dir='ltr'><em>viscera</em></span> <span class='ocrx_word' id='word_1_275' title='bbox 648 1920 868 1948; x_wconf 76' lang='lat' dir='ltr'><em>misericordiae</em></span> <span class='ocrx_word' id='word_1_276' title='bbox 883 1920 935 1948; x_wconf 87' lang='lat' dir='ltr'><em>Dei</em></span> <span class='ocrx_word' id='word_1_277' title='bbox 952 1919 1060 1952; x_wconf 70' lang='lat' dir='ltr'><em>nostri5</em></span> <span class='ocrx_word' id='word_1_278' title='bbox 1075 1919 1172 1948; x_wconf 86' lang='lat' dir='ltr'><em>intima</em></span> 
     </span>
     <span class='ocr_line' id='line_1_38' title="bbox 326 1966 1171 2004; baseline -0.001 -9"><span class='ocrx_word' id='word_1_279' title='bbox 326 1967 373 1995; x_wconf 84' lang='lat' dir='ltr'><em>Dei</em></span> <span class='ocrx_word' id='word_1_280' title='bbox 395 1967 502 1995; x_wconf 81' lang='lat' dir='ltr'><em>bonitas</em></span> <span class='ocrx_word' id='word_1_281' title='bbox 522 1967 601 2001; x_wconf 75' lang='lat' dir='ltr'><em>sarit,</em></span> <span class='ocrx_word' id='word_1_282' title='bbox 616 1967 689 2004; x_wconf 91' lang='lat' dir='ltr'><em>quod</em></span> <span class='ocrx_word' id='word_1_283' title='bbox 711 1975 818 1995; x_wconf 82' lang='lat' dir='ltr'><em>summe</em></span> <span class='ocrx_word' id='word_1_284' title='bbox 839 1967 949 2004; x_wconf 82' lang='lat' dir='ltr'><em>diligat,</em></span> <span class='ocrx_word' id='word_1_285' title='bbox 964 1974 1073 1995; x_wconf 88' lang='lat' dir='ltr'><em>summe</em></span> <span class='ocrx_word' id='word_1_286' title='bbox 1090 1966 1171 1994; x_wconf 88' lang='lat' dir='ltr'><em>mise-</em></span> 
     </span>
     <span class='ocr_line' id='line_1_39' title="bbox 326 2013 1171 2051; baseline 0.001 -10"><span class='ocrx_word' id='word_1_287' title='bbox 326 2017 430 2042; x_wconf 77' lang='lat' dir='ltr'><em>reatur.</em></span> <span class='ocrx_word' id='word_1_288' title='bbox 447 2030 482 2034; x_wconf 94' lang='lat'>—</span> <span class='ocrx_word' id='word_1_289' title='bbox 503 2014 570 2042; x_wconf 79' lang='lat' dir='ltr'><em>llaec</em></span> <span class='ocrx_word' id='word_1_290' title='bbox 595 2014 687 2042; x_wconf 87' lang='lat' dir='ltr'><em>onmia</em></span> <span class='ocrx_word' id='word_1_291' title='bbox 709 2014 882 2051; x_wconf 83' lang='lat' dir='ltr'><em>apparebunt</em></span> <span class='ocrx_word' id='word_1_292' title='bbox 903 2014 930 2042; x_wconf 91' lang='lat' dir='ltr'><em>in</em></span> <span class='ocrx_word' id='word_1_293' title='bbox 953 2013 1171 2046; x_wconf 80' lang='lat' dir='ltr'><em>resurreetione,</em></span> 
     </span>
     <span class='ocr_line' id='line_1_40' title="bbox 327 2060 1172 2098; baseline 0 -10"><span class='ocrx_word' id='word_1_294' title='bbox 327 2060 391 2097; x_wconf 75' lang='lat' dir='ltr'><em>quia</em></span> <span class='ocrx_word' id='word_1_295' title='bbox 406 2068 455 2097; x_wconf 84' lang='lat' dir='ltr'><em>per</em></span> <span class='ocrx_word' id='word_1_296' title='bbox 470 2068 605 2089; x_wconf 87' lang='lat' dir='ltr'><em>summam</em></span> <span class='ocrx_word' id='word_1_297' title='bbox 618 2061 761 2098; x_wconf 82' lang='lat' dir='ltr'><em>pietatem,</em></span> <span class='ocrx_word' id='word_1_298' title='bbox 777 2069 833 2098; x_wconf 92' lang='lat' dir='ltr'><em>qua</em></span> <span class='ocrx_word' id='word_1_299' title='bbox 846 2061 938 2089; x_wconf 85' lang='lat' dir='ltr'><em>onmia</em></span> <span class='ocrx_word' id='word_1_300' title='bbox 952 2060 1065 2094; x_wconf 86' lang='lat' dir='ltr'><em>creavit,</em></span> <span class='ocrx_word' id='word_1_301' title='bbox 1080 2060 1172 2089; x_wconf 90' lang='lat' dir='ltr'><em>omnia</em></span> 
     </span>
     <span class='ocr_line' id='line_1_41' title="bbox 328 2107 1170 2143; baseline 0 -8"><span class='ocrx_word' id='word_1_302' title='bbox 328 2107 509 2139; x_wconf 74' lang='lat' dir='ltr'><em>restaurabit;</em></span> <span class='ocrx_word' id='word_1_303' title='bbox 526 2116 574 2143; x_wconf 80' lang='lat' dir='ltr'><em>per</em></span> <span class='ocrx_word' id='word_1_304' title='bbox 589 2115 726 2136; x_wconf 85' lang='lat' dir='ltr'><em>summam</em></span> <span class='ocrx_word' id='word_1_305' title='bbox 748 2108 896 2136; x_wconf 74' lang='lat' dir='ltr'><em>veritatem</em></span> <span class='ocrx_word' id='word_1_306' title='bbox 917 2107 1009 2136; x_wconf 93' lang='lat' dir='ltr'><em>onmia</em></span> <span class='ocrx_word' id='word_1_307' title='bbox 1023 2107 1170 2141; x_wconf 79' lang='lat' dir='ltr'><em>iudicabit3</em></span> 
     </span>
     <span class='ocr_line' id='line_1_42' title="bbox 329 2154 1065 2192; baseline 0 -10"><span class='ocrx_word' id='word_1_308' title='bbox 329 2162 376 2191; x_wconf 80' lang='lat' dir='ltr'><em>per</em></span> <span class='ocrx_word' id='word_1_309' title='bbox 398 2162 533 2182; x_wconf 89' lang='lat' dir='ltr'><em>summam</em></span> <span class='ocrx_word' id='word_1_310' title='bbox 556 2154 756 2191; x_wconf 62' lang='lat' dir='ltr'><em>benignitatem</em></span> <span class='ocrx_word' id='word_1_311' title='bbox 781 2155 872 2183; x_wconf 77' lang='lat' dir='ltr'><em>onmia</em></span> <span class='ocrx_word' id='word_1_312' title='bbox 893 2154 1065 2192; x_wconf 79' lang='lat' dir='ltr'><em>glorificabit.</em></span> 
     </span>
    </p>
   </div>
   <div class='ocr_carea' id='block_1_3' title="bbox 1201 753 1205 1372">
    <p class='ocr_par' dir='ltr' id='par_1_9' title="bbox 1201 753 1205 1372">
     <span class='ocr_line' id='line_1_43' title="bbox 1201 753 1205 1372; baseline 0 0"><span class='ocrx_word' id='word_1_313' title='bbox 1201 753 1205 1372; x_wconf 95' lang='lat' dir='ltr'><em> </em></span> 
     </span>
    </p>
   </div>
   <div class='ocr_carea' id='block_1_4' title="bbox 946 190 1467 225">
    <p class='ocr_par' dir='ltr' id='par_1_10' title="bbox 946 190 1467 225">
     <span class='ocr_line' id='line_1_44' title="bbox 946 190 1467 225; baseline -0.004 -1"><span class='ocrx_word' id='word_1_314' title='bbox 946 196 977 224; x_wconf 86' lang='grc' dir='ltr'><em>ΙΝ</em></span> <span class='ocrx_word' id='word_1_315' title='bbox 1000 190 1220 225; x_wconf 72' lang='grc' dir='ltr'>ΗΕΧΑΕΜΕΗΟΝ</span> <span class='ocrx_word' id='word_1_316' title='bbox 1241 194 1404 223; x_wconf 72' lang='lat' dir='ltr'>COLLATIO</span> <span class='ocrx_word' id='word_1_317' title='bbox 1426 195 1467 222; x_wconf 79' lang='lat' dir='ltr'><em>lx.</em></span> 
     </span>
    </p>
   </div>
   <div class='ocr_carea' id='block_1_5' title="bbox 1228 272 2224 2190">
    <p class='ocr_par' dir='ltr' id='par_1_11' title="bbox 1228 272 2211 676">
     <span class='ocr_line' id='line_1_45' title="bbox 1310 272 2211 312; baseline 0.004 -12"><span class='ocrx_word' id='word_1_318' title='bbox 1310 273 1356 300; x_wconf 67' lang='grc' dir='ltr'><em>ς27.</em></span> <span class='ocrx_word' id='word_1_319' title='bbox 1378 272 1420 300; x_wconf 86' lang='lat' dir='ltr'><em>Ex</em></span> <span class='ocrx_word' id='word_1_320' title='bbox 1441 272 1494 300; x_wconf 88' lang='lat' dir='ltr'><em>hoc</em></span> <span class='ocrx_word' id='word_1_321' title='bbox 1515 279 1599 301; x_wconf 89' lang='lat' dir='ltr'><em>sensu</em></span> <span class='ocrx_word' id='word_1_322' title='bbox 1620 272 1743 301; x_wconf 85' lang='lat' dir='ltr'><em>nascitur</em></span> <span class='ocrx_word' id='word_1_323' title='bbox 1765 273 1792 301; x_wconf 93' lang='lat' dir='ltr'><em>in</em></span> <span class='ocrx_word' id='word_1_324' title='bbox 1813 274 1904 303; x_wconf 90' lang='lat' dir='ltr'><em>anima</em></span> <span class='ocrx_word' id='word_1_325' title='bbox 1919 275 2021 312; x_wconf 83' lang='lat' dir='ltr'><em>triplex</em></span> <span class='ocrx_word' id='word_1_326' title='bbox 2037 276 2080 304; x_wconf 88' lang='lat' dir='ltr'><em>in-</em></span> <span class='ocrx_word' id='word_1_327' title='bbox 2094 281 2124 300; x_wconf 76' lang='lat' dir='ltr'><em>Tri</em></span> <span class='ocrx_word' id='word_1_328' title='bbox 2140 281 2169 300; x_wconf 80' lang='lat' dir='ltr'><em>lex</em></span> <span class='ocrx_word' id='word_1_329' title='bbox 2183 280 2211 299; x_wconf 73' lang='lat' dir='ltr'><em>in-</em></span> 
     </span>
     <span class='ocr_line' id='line_1_46' title="bbox 1230 306 2184 356; baseline 0.004 -9"><span class='ocrx_word' id='word_1_330' title='bbox 1230 319 1332 356; x_wconf 69' lang='lat' dir='ltr'><em>fluxus</em></span> <span class='ocrx_word' id='word_1_331' title='bbox 1352 319 1388 347; x_wconf 89' lang='lat' dir='ltr'><em>ab</em></span> <span class='ocrx_word' id='word_1_332' title='bbox 1409 318 1456 347; x_wconf 85' lang='lat' dir='ltr'><em>illa</em></span> <span class='ocrx_word' id='word_1_333' title='bbox 1487 319 1564 353; x_wconf 88' lang='lat' dir='ltr'><em>luce,</em></span> <span class='ocrx_word' id='word_1_334' title='bbox 1586 327 1635 355; x_wconf 91' lang='lat' dir='ltr'><em>per</em></span> <span class='ocrx_word' id='word_1_335' title='bbox 1663 327 1747 356; x_wconf 84' lang='lat' dir='ltr'><em>quam</em></span> <span class='ocrx_word' id='word_1_336' title='bbox 1779 320 1918 348; x_wconf 78' lang='lat' dir='ltr'><em>stabilitur</em></span> <span class='ocrx_word' id='word_1_337' title='bbox 1939 321 2030 350; x_wconf 86' lang='lat' dir='ltr'><em>anima</em></span> <span class='ocrx_word' id='word_1_338' title='bbox 2053 323 2081 351; x_wconf 93' lang='lat' dir='ltr'><em>in</em></span> <span class='ocrx_word' id='word_1_339' title='bbox 2118 306 2184 323; x_wconf 66' lang='lat'>&#39;⁰¹⁰⁸&#39;</span> 
     </span>
     <span class='ocr_line' id='line_1_47' title="bbox 1231 365 2081 400; baseline 0.004 -7"><span class='ocrx_word' id='word_1_340' title='bbox 1231 366 1296 394; x_wconf 84' lang='lat' dir='ltr'><em>Deo.</em></span> <span class='ocrx_word' id='word_1_341' title='bbox 1318 365 1428 394; x_wconf 89' lang='lat' dir='ltr'><em>Primus</em></span> <span class='ocrx_word' id='word_1_342' title='bbox 1442 368 1484 394; x_wconf 89' lang='lat' dir='ltr'><em>est</em></span> <span class='ocrx_word' id='word_1_343' title='bbox 1498 365 1591 394; x_wconf 84' lang='lat' dir='ltr'><em>robur</em></span> <span class='ocrx_word' id='word_1_344' title='bbox 1611 366 1748 397; x_wconf 73' lang='lat' dir='ltr'><em>virtutis.-</em></span> <span class='ocrx_word' id='word_1_345' title='bbox 1763 366 1918 400; x_wconf 84' lang='lat' dir='ltr'><em>secundus,</em></span> <span class='ocrx_word' id='word_1_346' title='bbox 1940 368 2022 396; x_wconf 85' lang='lat' dir='ltr'><em>zelus</em></span> <span class='ocrx_word' id='word_1_347' title='bbox 2036 377 2081 396; x_wconf 84' lang='lat' dir='ltr'><em>ve-</em></span> 
     </span>
     <span class='ocr_line' id='line_1_48' title="bbox 1231 412 2202 447; baseline 0.003 -6"><span class='ocrx_word' id='word_1_348' title='bbox 1231 412 1344 446; x_wconf 75' lang='lat' dir='ltr'><em>ritatis;</em></span> <span class='ocrx_word' id='word_1_349' title='bbox 1363 412 1471 447; x_wconf 82' lang='lat' dir='ltr'><em>tertius,</em></span> <span class='ocrx_word' id='word_1_350' title='bbox 1493 421 1627 441; x_wconf 66' lang='lat' dir='ltr'><em>excessus</em></span> <span class='ocrx_word' id='word_1_351' title='bbox 1648 412 1770 441; x_wconf 70' lang='lat' dir='ltr'><em>amoris.</em></span> <span class='ocrx_word' id='word_1_352' title='bbox 1787 430 1826 433; x_wconf 97' lang='lat'><strong>—</strong></span> <span class='ocrx_word' id='word_1_353' title='bbox 1840 413 1941 442; x_wconf 83' lang='lat' dir='ltr'><em>Robur</em></span> <span class='ocrx_word' id='word_1_354' title='bbox 1961 414 2080 443; x_wconf 82' lang='lat' dir='ltr'><em>virtutis</em></span> <span class='ocrx_word' id='word_1_355' title='bbox 2094 421 2121 440; x_wconf 80' lang='lat' dir='ltr'><em>De</em></span> <span class='ocrx_word' id='word_1_356' title='bbox 2135 422 2202 445; x_wconf 78' lang='lat' dir='ltr'><em>primo.</em></span> 
     </span>
     <span class='ocr_line' id='line_1_49' title="bbox 1231 459 2082 496; baseline 0.002 -8"><span class='ocrx_word' id='word_1_357' title='bbox 1231 462 1273 488; x_wconf 90' lang='lat' dir='ltr'><em>est</em></span> <span class='ocrx_word' id='word_1_358' title='bbox 1293 459 1417 496; x_wconf 86' lang='lat' dir='ltr'><em>primus,</em></span> <span class='ocrx_word' id='word_1_359' title='bbox 1439 460 1505 496; x_wconf 89' lang='lat' dir='ltr'><em>quia</em></span> <span class='ocrx_word' id='word_1_360' title='bbox 1530 460 1598 488; x_wconf 89' lang='lat' dir='ltr'><em>nihil</em></span> <span class='ocrx_word' id='word_1_361' title='bbox 1625 460 1736 489; x_wconf 86' lang='lat' dir='ltr'><em>difficile</em></span> <span class='ocrx_word' id='word_1_362' title='bbox 1764 463 1805 488; x_wconf 86' lang='lat' dir='ltr'><em>est</em></span> <span class='ocrx_word' id='word_1_363' title='bbox 1832 460 1939 489; x_wconf 85' lang='lat' dir='ltr'><em>animae</em></span> <span class='ocrx_word' id='word_1_364' title='bbox 1971 461 2082 490; x_wconf 88' lang='lat' dir='ltr'><em>habenti</em></span> 
     </span>
     <span class='ocr_line' id='line_1_50' title="bbox 1231 506 2083 544; baseline 0.001 -9"><span class='ocrx_word' id='word_1_365' title='bbox 1231 506 1314 539; x_wconf 82' lang='lat' dir='ltr'><em>fidem</em></span> <span class='ocrx_word' id='word_1_366' title='bbox 1334 506 1541 541; x_wconf 84' lang='lat' dir='ltr'><em>inconcussam,</em></span> <span class='ocrx_word' id='word_1_367' title='bbox 1563 507 1645 544; x_wconf 90' lang='lat' dir='ltr'><em>quia,</em></span> <span class='ocrx_word' id='word_1_368' title='bbox 1666 508 1694 536; x_wconf 85' lang='lat' dir='ltr'><em>si</em></span> <span class='ocrx_word' id='word_1_369' title='bbox 1718 510 1809 544; x_wconf 84' lang='lat' dir='ltr'><em>potest</em></span> <span class='ocrx_word' id='word_1_370' title='bbox 1829 507 1961 541; x_wconf 80' lang='lat' dir='ltr'><em>credere,</em></span> <span class='ocrx_word' id='word_1_371' title='bbox 1983 508 2083 537; x_wconf 87' lang='lat' dir='ltr'><em>omnia</em></span> 
     </span>
     <span class='ocr_line' id='line_1_51' title="bbox 1228 553 2083 591; baseline 0.004 -10"><span class='ocrx_word' id='word_1_372' title='bbox 1228 553 1383 590; x_wconf 80' lang='lat' dir='ltr'><em>possibilia</em></span> <span class='ocrx_word' id='word_1_373' title='bbox 1410 557 1479 582; x_wconf 80' lang='lat' dir='ltr'><em>sunt</em></span> <span class='ocrx_word' id='word_1_374' title='bbox 1500 555 1626 583; x_wconf 80' lang='lat' dir='ltr'><em>eredenti</em></span> <span class='ocrx_word' id='word_1_375' title='bbox 1639 555 1668 582; x_wconf 77' lang='lat'><em>⁶:</em></span> <span class='ocrx_word' id='word_1_376' title='bbox 1695 554 1761 591; x_wconf 89' lang='lat' dir='ltr'><em>quia</em></span> <span class='ocrx_word' id='word_1_377' title='bbox 1789 557 1903 591; x_wconf 85' lang='lat' dir='ltr'><em>paratus</em></span> <span class='ocrx_word' id='word_1_378' title='bbox 1931 558 1972 583; x_wconf 87' lang='lat' dir='ltr'><em>est</em></span> <span class='ocrx_word' id='word_1_379' title='bbox 2000 555 2083 584; x_wconf 91' lang='lat' dir='ltr'><em>susti-</em></span> 
     </span>
     <span class='ocr_line' id='line_1_52' title="bbox 1232 601 2082 639; baseline 0.002 -11"><span class='ocrx_word' id='word_1_380' title='bbox 1232 608 1298 629; x_wconf 87' lang='lat' dir='ltr'><em>nere</em></span> <span class='ocrx_word' id='word_1_381' title='bbox 1329 601 1421 629; x_wconf 89' lang='lat' dir='ltr'><em>omnia</em></span> <span class='ocrx_word' id='word_1_382' title='bbox 1445 604 1559 638; x_wconf 88' lang='lat' dir='ltr'><em>propter</em></span> <span class='ocrx_word' id='word_1_383' title='bbox 1583 602 1688 638; x_wconf 80' lang='lat' dir='ltr'><em>Deum,</em></span> <span class='ocrx_word' id='word_1_384' title='bbox 1710 601 1776 639; x_wconf 90' lang='lat' dir='ltr'><em>quia</em></span> <span class='ocrx_word' id='word_1_385' title='bbox 1797 609 1847 638; x_wconf 88' lang='lat' dir='ltr'><em>per</em></span> <span class='ocrx_word' id='word_1_386' title='bbox 1872 601 1954 630; x_wconf 83' lang='lat' dir='ltr'><em>fidem</em></span> <span class='ocrx_word' id='word_1_387' title='bbox 1979 602 2082 631; x_wconf 87' lang='lat' dir='ltr'><em>stabili-</em></span> 
     </span>
     <span class='ocr_line' id='line_1_53' title="bbox 1233 647 1399 676; baseline 0.006 -1"><span class='ocrx_word' id='word_1_388' title='bbox 1233 650 1280 675; x_wconf 92' lang='lat' dir='ltr'><em>tur</em></span> <span class='ocrx_word' id='word_1_389' title='bbox 1301 647 1399 676; x_wconf 90' lang='lat' dir='ltr'><em>virtus.</em></span> 
     </span>
    </p>

    <p class='ocr_par' dir='ltr' id='par_1_12' title="bbox 1312 695 2224 730">
     <span class='ocr_line' id='line_1_54' title="bbox 1312 695 2224 730; baseline 0.001 -7"><span class='ocrx_word' id='word_1_390' title='bbox 1312 695 1357 723; x_wconf 72' lang='lat'><em>28.</em></span> <span class='ocrx_word' id='word_1_391' title='bbox 1380 695 1523 724; x_wconf 81' lang='lat' dir='ltr'><em>Secundus</em></span> <span class='ocrx_word' id='word_1_392' title='bbox 1550 696 1676 725; x_wconf 85' lang='lat' dir='ltr'><em>influxus</em></span> <span class='ocrx_word' id='word_1_393' title='bbox 1701 699 1742 725; x_wconf 86' lang='lat' dir='ltr'><em>est</em></span> <span class='ocrx_word' id='word_1_394' title='bbox 1774 695 1856 724; x_wconf 69' lang='lat' dir='ltr'><em>zelus</em></span> <span class='ocrx_word' id='word_1_395' title='bbox 1886 696 2028 730; x_wconf 77' lang='lat' dir='ltr'><em>veritatis,</em></span> <span class='ocrx_word' id='word_1_396' title='bbox 2051 699 2082 725; x_wconf 87' lang='lat' dir='ltr'><em>ut</em></span> <span class='ocrx_word' id='word_1_397' title='bbox 2096 701 2224 721; x_wconf 75' lang='lat' dir='ltr'><em>Deseeundo.</em></span> 
     </span>
    </p>

    <p class='ocr_par' dir='ltr' id='par_1_13' title="bbox 1231 741 2083 1106">
     <span class='ocr_line' id='line_1_55' title="bbox 1233 741 2083 779; baseline 0.002 -9"><span class='ocrx_word' id='word_1_398' title='bbox 1233 741 1317 770; x_wconf 87' lang='lat' dir='ltr'><em>homo</em></span> <span class='ocrx_word' id='word_1_399' title='bbox 1338 742 1496 779; x_wconf 83' lang='lat' dir='ltr'><em>indignetur</em></span> <span class='ocrx_word' id='word_1_400' title='bbox 1517 746 1613 771; x_wconf 88' lang='lat' dir='ltr'><em>contra</em></span> <span class='ocrx_word' id='word_1_401' title='bbox 1635 752 1724 772; x_wconf 77' lang='lat' dir='ltr'><em>omne</em></span> <span class='ocrx_word' id='word_1_402' title='bbox 1756 743 1861 772; x_wconf 88' lang='lat' dir='ltr'><em>malum</em></span> <span class='ocrx_word' id='word_1_403' title='bbox 1882 746 1909 772; x_wconf 91' lang='lat' dir='ltr'><em>et</em></span> <span class='ocrx_word' id='word_1_404' title='bbox 1930 743 2030 772; x_wconf 83' lang='lat' dir='ltr'><em>falsum</em></span> <span class='ocrx_word' id='word_1_405' title='bbox 2056 746 2083 772; x_wconf 92' lang='lat' dir='ltr'><em>et</em></span> 
     </span>
     <span class='ocr_line' id='line_1_56' title="bbox 1232 789 2081 827; baseline 0.002 -10"><span class='ocrx_word' id='word_1_406' title='bbox 1232 789 1370 818; x_wconf 85' lang='lat' dir='ltr'><em>afficiatur</em></span> <span class='ocrx_word' id='word_1_407' title='bbox 1391 789 1482 818; x_wconf 85' lang='lat' dir='ltr'><em>statim</em></span> <span class='ocrx_word' id='word_1_408' title='bbox 1509 789 1543 818; x_wconf 85' lang='lat' dir='ltr'><em>ad</em></span> <span class='ocrx_word' id='word_1_409' title='bbox 1573 798 1653 819; x_wconf 91' lang='lat' dir='ltr'><em>omne</em></span> <span class='ocrx_word' id='word_1_410' title='bbox 1674 791 1787 819; x_wconf 91' lang='lat' dir='ltr'><em>bonum.</em></span> <span class='ocrx_word' id='word_1_411' title='bbox 1810 790 1980 827; x_wconf 86' lang='lat' dir='ltr'><em>Dedignetur</em></span> <span class='ocrx_word' id='word_1_412' title='bbox 2001 798 2081 820; x_wconf 90' lang='lat' dir='ltr'><em>omne</em></span> 
     </span>
     <span class='ocr_line' id='line_1_57' title="bbox 1232 836 2082 874; baseline 0.002 -10"><span class='ocrx_word' id='word_1_413' title='bbox 1232 836 1354 870; x_wconf 88' lang='lat' dir='ltr'><em>malum,</em></span> <span class='ocrx_word' id='word_1_414' title='bbox 1376 836 1448 865; x_wconf 89' lang='lat' dir='ltr'><em>sicut</em></span> <span class='ocrx_word' id='word_1_415' title='bbox 1469 836 1555 870; x_wconf 85' lang='lat' dir='ltr'><em>Elias,</em></span> <span class='ocrx_word' id='word_1_416' title='bbox 1577 837 1624 874; x_wconf 95' lang='lat' dir='ltr'><em>qui</em></span> <span class='ocrx_word' id='word_1_417' title='bbox 1652 838 1867 874; x_wconf 85' lang='lat' dir='ltr'><em>prophetaverat</em></span> <span class='ocrx_word' id='word_1_418' title='bbox 1887 837 1922 866; x_wconf 91' lang='lat' dir='ltr'><em>de</em></span> <span class='ocrx_word' id='word_1_419' title='bbox 1943 837 2035 866; x_wconf 73' lang='lat' dir='ltr'><em>Achab</em></span> <span class='ocrx_word' id='word_1_420' title='bbox 2055 841 2082 866; x_wconf 88' lang='lat' dir='ltr'><em>et</em></span> 
     </span>
     <span class='ocr_line' id='line_1_58' title="bbox 1234 883 2080 920; baseline 0.001 -9"><span class='ocrx_word' id='word_1_421' title='bbox 1234 883 1351 917; x_wconf 87' lang='lat' dir='ltr'><em>lezabel,</em></span> <span class='ocrx_word' id='word_1_422' title='bbox 1373 883 1447 920; x_wconf 88' lang='lat' dir='ltr'><em>quod</em></span> <span class='ocrx_word' id='word_1_423' title='bbox 1469 883 1643 913; x_wconf 79' lang='lat' dir='ltr'><em>comederent</em></span> <span class='ocrx_word' id='word_1_424' title='bbox 1665 892 1712 913; x_wconf 87' lang='lat' dir='ltr'><em>eos</em></span> <span class='ocrx_word' id='word_1_425' title='bbox 1740 892 1822 913; x_wconf 86' lang='lat' dir='ltr'><em>canes</em></span> <span class='ocrx_word' id='word_1_426' title='bbox 1833 884 1852 912; x_wconf 88' lang='lat'><em>⁷.</em></span> <span class='ocrx_word' id='word_1_427' title='bbox 1876 884 1953 912; x_wconf 85' lang='lat' dir='ltr'><em>Dixit</em></span> <span class='ocrx_word' id='word_1_428' title='bbox 1974 884 2080 913; x_wconf 73' lang='lat' dir='ltr'><em>Achab:</em></span> 
     </span>
     <span class='ocr_line' id='line_1_59' title="bbox 1234 929 2080 968; baseline 0.002 -10"><span class='ocrx_word' id='word_1_429' title='bbox 1234 929 1313 958; x_wconf 86' lang='lat' dir='ltr'><em>Num</em></span> <span class='ocrx_word' id='word_1_430' title='bbox 1334 930 1470 958; x_wconf 71' lang='lat' dir='ltr'><em>invenisti</em></span> <span class='ocrx_word' id='word_1_431' title='bbox 1483 939 1527 958; x_wconf 88' lang='lat' dir='ltr'><em>me</em></span> <span class='ocrx_word' id='word_1_432' title='bbox 1541 930 1694 959; x_wconf 80' lang='lat' dir='ltr'><em>inimicum</em></span> <span class='ocrx_word' id='word_1_433' title='bbox 1709 931 1815 960; x_wconf 73' lang='lat' dir='ltr'><em>tuum?</em></span> <span class='ocrx_word' id='word_1_434' title='bbox 1830 931 1979 968; x_wconf 84' lang='lat' dir='ltr'><em>Respondit</em></span> <span class='ocrx_word' id='word_1_435' title='bbox 1998 932 2080 960; x_wconf 87' lang='lat' dir='ltr'><em>Elias:</em></span> 
     </span>
     <span class='ocr_line' id='line_1_60' title="bbox 1232 977 2080 1015; baseline 0.001 -10"><span class='ocrx_word' id='word_1_436' title='bbox 1232 977 1349 1011; x_wconf 79' lang='lat' dir='ltr'><em>Inveni,</em></span> <span class='ocrx_word' id='word_1_437' title='bbox 1371 986 1401 1005; x_wconf 87' lang='lat' dir='ltr'><em>eo</em></span> <span class='ocrx_word' id='word_1_438' title='bbox 1422 977 1500 1015; x_wconf 79' lang='lat' dir='ltr'><em>quod</em></span> <span class='ocrx_word' id='word_1_439' title='bbox 1519 978 1703 1006; x_wconf 79' lang='lat' dir='ltr'><em>venundatus</em></span> <span class='ocrx_word' id='word_1_440' title='bbox 1717 979 1772 1012; x_wconf 78' lang='lat' dir='ltr'><em>sis,</em></span> <span class='ocrx_word' id='word_1_441' title='bbox 1795 982 1827 1006; x_wconf 85' lang='lat' dir='ltr'><em>ut</em></span> <span class='ocrx_word' id='word_1_442' title='bbox 1840 977 1954 1015; x_wconf 81' lang='lat' dir='ltr'><em>faceres</em></span> <span class='ocrx_word' id='word_1_443' title='bbox 1968 978 2080 1007; x_wconf 88' lang='lat' dir='ltr'><em>malum</em></span> 
     </span>
     <span class='ocr_line' id='line_1_61' title="bbox 1232 1024 2081 1062; baseline 0.001 -10"><span class='ocrx_word' id='word_1_444' title='bbox 1232 1024 1263 1052; x_wconf 87' lang='lat' dir='ltr'><em>in</em></span> <span class='ocrx_word' id='word_1_445' title='bbox 1284 1028 1435 1061; x_wconf 80' lang='lat' dir='ltr'><em>conspeetu</em></span> <span class='ocrx_word' id='word_1_446' title='bbox 1458 1024 1589 1058; x_wconf 84' lang='lat' dir='ltr'><em>Domini,</em></span> <span class='ocrx_word' id='word_1_447' title='bbox 1611 1025 1690 1062; x_wconf 85' lang='lat' dir='ltr'><em>quasi</em></span> <span class='ocrx_word' id='word_1_448' title='bbox 1711 1025 1831 1054; x_wconf 84' lang='lat' dir='ltr'><em>diceret:</em></span> <span class='ocrx_word' id='word_1_449' title='bbox 1846 1025 2018 1062; x_wconf 83' lang='lat' dir='ltr'><em>quicumque</em></span> <span class='ocrx_word' id='word_1_450' title='bbox 2039 1028 2081 1054; x_wconf 90' lang='lat' dir='ltr'><em>est</em></span> 
     </span>
     <span class='ocr_line' id='line_1_62' title="bbox 1231 1072 1821 1106; baseline 0 -6"><span class='ocrx_word' id='word_1_451' title='bbox 1231 1072 1388 1101; x_wconf 91' lang='lat' dir='ltr'><em>contrarius</em></span> <span class='ocrx_word' id='word_1_452' title='bbox 1409 1072 1482 1106; x_wconf 85' lang='lat' dir='ltr'><em>Deo,</em></span> <span class='ocrx_word' id='word_1_453' title='bbox 1503 1074 1546 1100; x_wconf 83' lang='lat' dir='ltr'><em>est</em></span> <span class='ocrx_word' id='word_1_454' title='bbox 1566 1073 1723 1101; x_wconf 88' lang='lat' dir='ltr'><em>contrarius</em></span> <span class='ocrx_word' id='word_1_455' title='bbox 1745 1072 1821 1100; x_wconf 90' lang='lat' dir='ltr'><em>mihi.</em></span> 
     </span>
    </p>

    <p class='ocr_par' dir='ltr' id='par_1_14' title="bbox 1311 1119 2198 1157">
     <span class='ocr_line' id='line_1_63' title="bbox 1311 1119 2198 1157; baseline 0.001 -10"><span class='ocrx_word' id='word_1_456' title='bbox 1311 1120 1356 1147; x_wconf 72' lang='lat'><em>29.</em></span> <span class='ocrx_word' id='word_1_457' title='bbox 1372 1119 1482 1147; x_wconf 87' lang='lat' dir='ltr'><em>Tertius</em></span> <span class='ocrx_word' id='word_1_458' title='bbox 1494 1119 1620 1148; x_wconf 81' lang='lat' dir='ltr'><em>influxus</em></span> <span class='ocrx_word' id='word_1_459' title='bbox 1634 1122 1675 1148; x_wconf 85' lang='lat' dir='ltr'><em>est</em></span> <span class='ocrx_word' id='word_1_460' title='bbox 1691 1128 1824 1148; x_wconf 61' lang='lat' dir='ltr'><em>excessus</em></span> <span class='ocrx_word' id='word_1_461' title='bbox 1835 1120 1957 1154; x_wconf 72' lang='lat' dir='ltr'><em>amoris,</em></span> <span class='ocrx_word' id='word_1_462' title='bbox 1970 1119 2080 1157; x_wconf 83' lang='lat' dir='ltr'><em>quando</em></span> <span class='ocrx_word' id='word_1_463' title='bbox 2094 1126 2121 1144; x_wconf 76' lang='lat' dir='ltr'><em>De</em></span> <span class='ocrx_word' id='word_1_464' title='bbox 2136 1126 2198 1144; x_wconf 73' lang='lat' dir='ltr'><em>tertio-</em></span> 
     </span>
    </p>

    <p class='ocr_par' dir='ltr' id='par_1_15' title="bbox 1228 1166 2084 2190">
     <span class='ocr_line' id='line_1_64' title="bbox 1230 1166 2084 1204; baseline 0 -9"><span class='ocrx_word' id='word_1_465' title='bbox 1230 1167 1322 1195; x_wconf 82' lang='lat' dir='ltr'><em>anima</em></span> <span class='ocrx_word' id='word_1_466' title='bbox 1343 1167 1370 1195; x_wconf 89' lang='lat' dir='ltr'><em>in</em></span> <span class='ocrx_word' id='word_1_467' title='bbox 1392 1166 1552 1203; x_wconf 86' lang='lat' dir='ltr'><em>vituperiis,</em></span> <span class='ocrx_word' id='word_1_468' title='bbox 1572 1166 1599 1195; x_wconf 93' lang='lat' dir='ltr'><em>in</em></span> <span class='ocrx_word' id='word_1_469' title='bbox 1621 1166 1847 1195; x_wconf 87' lang='lat' dir='ltr'><em>tribulationibus</em></span> <span class='ocrx_word' id='word_1_470' title='bbox 1868 1175 1977 1204; x_wconf 87' lang='lat' dir='ltr'><em>semper</em></span> <span class='ocrx_word' id='word_1_471' title='bbox 1998 1167 2084 1199; x_wconf 88' lang='lat' dir='ltr'><em>sentit</em></span> 
     </span>
     <span class='ocr_line' id='line_1_65' title="bbox 1230 1214 2080 1251; baseline 0 -9"><span class='ocrx_word' id='word_1_472' title='bbox 1230 1214 1429 1243; x_wconf 87' lang='lat' dir='ltr'><em>iucunditatem</em></span> <span class='ocrx_word' id='word_1_473' title='bbox 1453 1214 1585 1248; x_wconf 88' lang='lat' dir='ltr'><em>interius;</em></span> <span class='ocrx_word' id='word_1_474' title='bbox 1608 1214 1661 1243; x_wconf 89' lang='lat' dir='ltr'><em>hoc</em></span> <span class='ocrx_word' id='word_1_475' title='bbox 1681 1214 1803 1242; x_wconf 86' lang='lat' dir='ltr'><em>maxime</em></span> <span class='ocrx_word' id='word_1_476' title='bbox 1825 1217 1881 1247; x_wconf 85' lang='lat' dir='ltr'><em>est,</em></span> <span class='ocrx_word' id='word_1_477' title='bbox 1903 1214 2014 1251; x_wconf 78' lang='lat' dir='ltr'><em>quando</em></span> <span class='ocrx_word' id='word_1_478' title='bbox 2035 1222 2080 1242; x_wconf 90' lang='lat' dir='ltr'><em>ar-</em></span> 
     </span>
     <span class='ocr_line' id='line_1_66' title="bbox 1229 1260 2079 1298; baseline 0 -9"><span class='ocrx_word' id='word_1_479' title='bbox 1229 1261 1298 1290; x_wconf 89' lang='lat' dir='ltr'><em>dens</em></span> <span class='ocrx_word' id='word_1_480' title='bbox 1318 1261 1413 1296; x_wconf 89' lang='lat' dir='ltr'><em>sentit,</em></span> <span class='ocrx_word' id='word_1_481' title='bbox 1436 1260 1509 1298; x_wconf 89' lang='lat' dir='ltr'><em>quod</em></span> <span class='ocrx_word' id='word_1_482' title='bbox 1531 1261 1666 1290; x_wconf 90' lang='lat' dir='ltr'><em>Dominus</em></span> <span class='ocrx_word' id='word_1_483' title='bbox 1680 1261 1744 1289; x_wconf 82' lang='lat' dir='ltr'><em>facit</em></span> <span class='ocrx_word' id='word_1_484' title='bbox 1758 1264 1870 1298; x_wconf 81' lang='lat' dir='ltr'><em>gustare</em></span> <span class='ocrx_word' id='word_1_485' title='bbox 1882 1269 1990 1298; x_wconf 85' lang='lat' dir='ltr'><em>panem</em></span> <span class='ocrx_word' id='word_1_486' title='bbox 2004 1260 2079 1298; x_wconf 77' lang='lat' dir='ltr'><em>lilio-</em></span> 
     </span>
     <span class='ocr_line' id='line_1_67' title="bbox 1229 1308 2078 1345; baseline -0.001 -8"><span class='ocrx_word' id='word_1_487' title='bbox 1229 1317 1299 1337; x_wconf 79' lang='lat' dir='ltr'><em>rum</em></span> <span class='ocrx_word' id='word_1_488' title='bbox 1310 1308 1330 1336; x_wconf 75' lang='lat'><em>⁸.</em></span> <span class='ocrx_word' id='word_1_489' title='bbox 1361 1309 1391 1337; x_wconf 89' lang='lat' dir='ltr'><em>Et</em></span> <span class='ocrx_word' id='word_1_490' title='bbox 1419 1309 1495 1337; x_wconf 91' lang='lat' dir='ltr'><em>huuc</em></span> <span class='ocrx_word' id='word_1_491' title='bbox 1524 1311 1654 1345; x_wconf 84' lang='lat' dir='ltr'><em>reputant</em></span> <span class='ocrx_word' id='word_1_492' title='bbox 1682 1316 1778 1337; x_wconf 90' lang='lat' dir='ltr'><em>omnes</em></span> <span class='ocrx_word' id='word_1_493' title='bbox 1803 1308 1937 1342; x_wconf 90' lang='lat' dir='ltr'><em>stultum,</em></span> <span class='ocrx_word' id='word_1_494' title='bbox 1966 1311 1993 1336; x_wconf 93' lang='lat' dir='ltr'><em>et</em></span> <span class='ocrx_word' id='word_1_495' title='bbox 2021 1308 2078 1345; x_wconf 90' lang='lat' dir='ltr'><em>ipse</em></span> 
     </span>
     <span class='ocr_line' id='line_1_68' title="bbox 1230 1355 2076 1393; baseline -0.001 -9"><span class='ocrx_word' id='word_1_496' title='bbox 1230 1359 1341 1393; x_wconf 88' lang='lat' dir='ltr'><em>reputat</em></span> <span class='ocrx_word' id='word_1_497' title='bbox 1361 1364 1458 1384; x_wconf 89' lang='lat' dir='ltr'><em>omnes</em></span> <span class='ocrx_word' id='word_1_498' title='bbox 1479 1355 1591 1389; x_wconf 85' lang='lat' dir='ltr'><em>stultos,</em></span> <span class='ocrx_word' id='word_1_499' title='bbox 1613 1358 1640 1384; x_wconf 89' lang='lat' dir='ltr'><em>et</em></span> <span class='ocrx_word' id='word_1_500' title='bbox 1662 1355 1814 1384; x_wconf 87' lang='lat' dir='ltr'><em>secundum</em></span> <span class='ocrx_word' id='word_1_501' title='bbox 1837 1355 1980 1383; x_wconf 88' lang='lat' dir='ltr'><em>veritatem</em></span> <span class='ocrx_word' id='word_1_502' title='bbox 2003 1357 2076 1383; x_wconf 66' lang='lat' dir='ltr'><em>sunt:</em></span> 
     </span>
     <span class='ocr_line' id='line_1_69' title="bbox 1230 1402 2079 1440; baseline -0.001 -9"><span class='ocrx_word' id='word_1_503' title='bbox 1230 1403 1283 1431; x_wconf 88' lang='lat' dir='ltr'><em>Hoc</em></span> <span class='ocrx_word' id='word_1_504' title='bbox 1304 1406 1398 1431; x_wconf 91' lang='lat' dir='ltr'><em>autem</em></span> <span class='ocrx_word' id='word_1_505' title='bbox 1420 1406 1461 1432; x_wconf 91' lang='lat' dir='ltr'><em>est</em></span> <span class='ocrx_word' id='word_1_506' title='bbox 1492 1411 1633 1432; x_wconf 88' lang='lat' dir='ltr'><em>summum</em></span> <span class='ocrx_word' id='word_1_507' title='bbox 1660 1402 1722 1431; x_wconf 79' lang='lat' dir='ltr'><em>fidei</em></span> <span class='ocrx_word' id='word_1_508' title='bbox 1743 1405 1771 1431; x_wconf 89' lang='lat' dir='ltr'><em>et</em></span> <span class='ocrx_word' id='word_1_509' title='bbox 1792 1411 1883 1440; x_wconf 73' lang='lat' dir='ltr'><em>apex,</em></span> <span class='ocrx_word' id='word_1_510' title='bbox 1906 1404 1939 1430; x_wconf 90' lang='lat' dir='ltr'><em>ut</em></span> <span class='ocrx_word' id='word_1_511' title='bbox 1959 1409 2008 1438; x_wconf 87' lang='lat' dir='ltr'><em>per</em></span> <span class='ocrx_word' id='word_1_512' title='bbox 2030 1410 2079 1430; x_wconf 83' lang='lat' dir='ltr'><em>ex—</em></span> 
     </span>
     <span class='ocr_line' id='line_1_70' title="bbox 1228 1448 2078 1486; baseline -0.002 -8"><span class='ocrx_word' id='word_1_513' title='bbox 1228 1449 1391 1486; x_wconf 88' lang='lat' dir='ltr'><em>perientiam</em></span> <span class='ocrx_word' id='word_1_514' title='bbox 1420 1449 1574 1478; x_wconf 86' lang='lat' dir='ltr'><em>inebrietur</em></span> <span class='ocrx_word' id='word_1_515' title='bbox 1605 1452 1632 1478; x_wconf 87' lang='lat' dir='ltr'><em>et</em></span> <span class='ocrx_word' id='word_1_516' title='bbox 1662 1449 1715 1478; x_wconf 88' lang='lat' dir='ltr'><em>iam</em></span> <span class='ocrx_word' id='word_1_517' title='bbox 1747 1449 1785 1477; x_wconf 91' lang='lat' dir='ltr'><em>nil</em></span> <span class='ocrx_word' id='word_1_518' title='bbox 1811 1451 1890 1477; x_wconf 88' lang='lat' dir='ltr'><em>curet</em></span> <span class='ocrx_word' id='word_1_519' title='bbox 1911 1448 1945 1477; x_wconf 88' lang='lat' dir='ltr'><em>de</em></span> <span class='ocrx_word' id='word_1_520' title='bbox 1966 1448 2078 1477; x_wconf 85' lang='lat' dir='ltr'><em>mundo.</em></span> 
     </span>
     <span class='ocr_line' id='line_1_71' title="bbox 1229 1495 2080 1533; baseline -0.001 -9"><span class='ocrx_word' id='word_1_521' title='bbox 1229 1497 1283 1525; x_wconf 88' lang='lat' dir='ltr'><em>Hoc</em></span> <span class='ocrx_word' id='word_1_522' title='bbox 1303 1497 1376 1525; x_wconf 91' lang='lat' dir='ltr'><em>enim</em></span> <span class='ocrx_word' id='word_1_523' title='bbox 1398 1497 1525 1525; x_wconf 79' lang='lat' dir='ltr'><em>desendet</em></span> <span class='ocrx_word' id='word_1_524' title='bbox 1547 1500 1670 1533; x_wconf 90' lang='lat' dir='ltr'><em>tempore</em></span> <span class='ocrx_word' id='word_1_525' title='bbox 1695 1495 1864 1529; x_wconf 84' lang='lat' dir='ltr'><em>antichristi,</em></span> <span class='ocrx_word' id='word_1_526' title='bbox 1886 1495 1920 1524; x_wconf 91' lang='lat' dir='ltr'><em>de</em></span> <span class='ocrx_word' id='word_1_527' title='bbox 1951 1503 2007 1532; x_wconf 90' lang='lat' dir='ltr'><em>quo</em></span> <span class='ocrx_word' id='word_1_528' title='bbox 2038 1503 2080 1524; x_wconf 85' lang='lat' dir='ltr'><em>se-</em></span> 
     </span>
     <span class='ocr_line' id='line_1_72' title="bbox 1229 1541 2080 1573; baseline -0.002 -1"><span class='ocrx_word' id='word_1_529' title='bbox 1229 1543 1335 1572; x_wconf 89' lang='lat' dir='ltr'><em>cundae</em></span> <span class='ocrx_word' id='word_1_530' title='bbox 1363 1544 1396 1572; x_wconf 89' lang='lat' dir='ltr'><em>ad</em></span> <span class='ocrx_word' id='word_1_531' title='bbox 1427 1544 1685 1573; x_wconf 81' lang='lat' dir='ltr'><em>Thessalonicenses</em></span> <span class='ocrx_word' id='word_1_532' title='bbox 1713 1543 1872 1572; x_wconf 75' lang='lat' dir='ltr'><em>secundo⁹z</em></span> <span class='ocrx_word' id='word_1_533' title='bbox 1903 1543 1991 1571; x_wconf 84' lang='lat' dir='ltr'><em>Mittet</em></span> <span class='ocrx_word' id='word_1_534' title='bbox 2022 1541 2080 1570; x_wconf 73' lang='lat' dir='ltr'><em>illis</em></span> 
     </span>
     <span class='ocr_line' id='line_1_73' title="bbox 1231 1590 2079 1627; baseline -0.001 -9"><span class='ocrx_word' id='word_1_535' title='bbox 1231 1590 1307 1618; x_wconf 78' lang='lat' dir='ltr'><em>Deus</em></span> <span class='ocrx_word' id='word_1_536' title='bbox 1321 1590 1514 1627; x_wconf 73' lang='lat' dir='ltr'><em>operationem</em></span> <span class='ocrx_word' id='word_1_537' title='bbox 1530 1591 1656 1625; x_wconf 80' lang='lat' dir='ltr'><em>erroris,</em></span> <span class='ocrx_word' id='word_1_538' title='bbox 1678 1594 1709 1618; x_wconf 89' lang='lat' dir='ltr'><em>ut</em></span> <span class='ocrx_word' id='word_1_539' title='bbox 1730 1591 1851 1619; x_wconf 76' lang='lat' dir='ltr'><em>credant</em></span> <span class='ocrx_word' id='word_1_540' title='bbox 1864 1590 2025 1618; x_wconf 69' lang='lat' dir='ltr'><em>mendacio.</em></span> <span class='ocrx_word' id='word_1_541' title='bbox 2042 1605 2079 1610; x_wconf 89' lang='lat'><strong>—</strong></span> 
     </span>
     <span class='ocr_line' id='line_1_74' title="bbox 1229 1636 2080 1674; baseline 0.001 -11"><span class='ocrx_word' id='word_1_542' title='bbox 1229 1636 1268 1664; x_wconf 91' lang='lat' dir='ltr'><em>De</em></span> <span class='ocrx_word' id='word_1_543' title='bbox 1289 1636 1371 1672; x_wconf 70' lang='lat' dir='ltr'><em>apice</em></span> <span class='ocrx_word' id='word_1_544' title='bbox 1390 1636 1474 1672; x_wconf 73' lang='lat' dir='ltr'><em>fidei,</em></span> <span class='ocrx_word' id='word_1_545' title='bbox 1496 1637 1543 1673; x_wconf 91' lang='lat' dir='ltr'><em>qui</em></span> <span class='ocrx_word' id='word_1_546' title='bbox 1565 1645 1643 1665; x_wconf 90' lang='lat' dir='ltr'><em>amor</em></span> <span class='ocrx_word' id='word_1_547' title='bbox 1664 1640 1718 1672; x_wconf 93' lang='lat' dir='ltr'><em>est,</em></span> <span class='ocrx_word' id='word_1_548' title='bbox 1735 1637 1879 1674; x_wconf 75' lang='lat' dir='ltr'><em>Apostolus</em></span> <span class='ocrx_word' id='word_1_549' title='bbox 1899 1636 1983 1665; x_wconf 85' lang='lat' dir='ltr'><em>dicit:</em></span> <span class='ocrx_word' id='word_1_550' title='bbox 2008 1636 2080 1672; x_wconf 82' lang='lat' dir='ltr'><em>Quis</em></span> 
     </span>
     <span class='ocr_line' id='line_1_75' title="bbox 1228 1682 2080 1719; baseline 0.001 -9"><span class='ocrx_word' id='word_1_551' title='bbox 1228 1691 1282 1711; x_wconf 80' lang='lat' dir='ltr'><em>nos</em></span> <span class='ocrx_word' id='word_1_552' title='bbox 1301 1682 1453 1719; x_wconf 79' lang='lat' dir='ltr'><em>separabit</em></span> <span class='ocrx_word' id='word_1_553' title='bbox 1473 1691 1492 1711; x_wconf 95' lang='lat' dir='ltr'><em>a</em></span> <span class='ocrx_word' id='word_1_554' title='bbox 1513 1684 1637 1712; x_wconf 76' lang='lat' dir='ltr'><em>caritate</em></span> <span class='ocrx_word' id='word_1_555' title='bbox 1660 1683 1791 1712; x_wconf 65' lang='lat' dir='ltr'><em>Christi?</em></span> <span class='ocrx_word' id='word_1_556' title='bbox 1825 1683 2013 1712; x_wconf 68' lang='lat' dir='ltr'><em>Tribulatio?</em></span> <span class='ocrx_word' id='word_1_557' title='bbox 2039 1691 2080 1711; x_wconf 78' lang='lat' dir='ltr'><em>an</em></span> 
     </span>
     <span class='ocr_line' id='line_1_76' title="bbox 1229 1729 2079 1768; baseline -0.001 -9"><span class='ocrx_word' id='word_1_558' title='bbox 1229 1729 1390 1768; x_wconf 71' lang='lat' dir='ltr'><em>anqustia?</em></span> <span class='ocrx_word' id='word_1_559' title='bbox 1412 1737 1501 1767; x_wconf 87' lang='lat' dir='ltr'><em>usque</em></span> <span class='ocrx_word' id='word_1_560' title='bbox 1522 1730 1575 1758; x_wconf 87' lang='lat' dir='ltr'><em>ibi:</em></span> <span class='ocrx_word' id='word_1_561' title='bbox 1597 1739 1672 1768; x_wconf 84' lang='lat' dir='ltr'><em>quae</em></span> <span class='ocrx_word' id='word_1_562' title='bbox 1685 1734 1725 1759; x_wconf 83' lang='lat' dir='ltr'><em>est</em></span> <span class='ocrx_word' id='word_1_563' title='bbox 1747 1731 1778 1759; x_wconf 84' lang='lat' dir='ltr'><em>in</em></span> <span class='ocrx_word' id='word_1_564' title='bbox 1795 1730 1909 1759; x_wconf 72' lang='lat' dir='ltr'><em>Christo</em></span> <span class='ocrx_word' id='word_1_565' title='bbox 1925 1731 2007 1764; x_wconf 83' lang='lat' dir='ltr'><em>lesu,</em></span> <span class='ocrx_word' id='word_1_566' title='bbox 2026 1731 2079 1758; x_wconf 83' lang='lat' dir='ltr'><em>Do-</em></span> 
     </span>
     <span class='ocr_line' id='line_1_77' title="bbox 1229 1776 2079 1815; baseline 0.001 -10"><span class='ocrx_word' id='word_1_567' title='bbox 1229 1777 1309 1805; x_wconf 77' lang='lat' dir='ltr'><em>mino</em></span> <span class='ocrx_word' id='word_1_568' title='bbox 1332 1780 1437 1805; x_wconf 82' lang='lat' dir='ltr'><em>nostro.</em></span> <span class='ocrx_word' id='word_1_569' title='bbox 1460 1777 1491 1805; x_wconf 88' lang='lat' dir='ltr'><em>Et</em></span> <span class='ocrx_word' id='word_1_570' title='bbox 1512 1777 1589 1806; x_wconf 80' lang='lat' dir='ltr'><em>alibi:</em></span> <span class='ocrx_word' id='word_1_571' title='bbox 1615 1777 1647 1805; x_wconf 87' lang='lat' dir='ltr'><em>In</em></span> <span class='ocrx_word' id='word_1_572' title='bbox 1668 1778 1792 1806; x_wconf 82' lang='lat' dir='ltr'><em>caritate</em></span> <span class='ocrx_word' id='word_1_573' title='bbox 1814 1778 1944 1806; x_wconf 80' lang='lat' dir='ltr'><em>radicati</em></span> <span class='ocrx_word' id='word_1_574' title='bbox 1964 1781 1989 1806; x_wconf 87' lang='lat' dir='ltr'><em>et</em></span> <span class='ocrx_word' id='word_1_575' title='bbox 2009 1776 2079 1815; x_wconf 78' lang='lat' dir='ltr'><em>fun-</em></span> 
     </span>
     <span class='ocr_line' id='line_1_78' title="bbox 1229 1824 2079 1853; baseline 0 -1"><span class='ocrx_word' id='word_1_576' title='bbox 1229 1824 1300 1852; x_wconf 81' lang='lat' dir='ltr'><em>dati.</em></span> <span class='ocrx_word' id='word_1_577' title='bbox 1320 1824 1374 1852; x_wconf 89' lang='lat' dir='ltr'><em>Hoc</em></span> <span class='ocrx_word' id='word_1_578' title='bbox 1388 1827 1430 1852; x_wconf 90' lang='lat' dir='ltr'><em>est</em></span> <span class='ocrx_word' id='word_1_579' title='bbox 1444 1824 1652 1852; x_wconf 88' lang='lat' dir='ltr'><em>firmamentum</em></span> <span class='ocrx_word' id='word_1_580' title='bbox 1674 1824 1749 1853; x_wconf 91' lang='lat' dir='ltr'><em>caeli.</em></span> <span class='ocrx_word' id='word_1_581' title='bbox 1773 1824 1848 1853; x_wconf 93' lang='lat' dir='ltr'><em>Unde</em></span> <span class='ocrx_word' id='word_1_582' title='bbox 1870 1824 1897 1852; x_wconf 94' lang='lat' dir='ltr'><em>in</em></span> <span class='ocrx_word' id='word_1_583' title='bbox 1920 1825 2025 1853; x_wconf 82' lang='lat' dir='ltr'><em>Psalmo</em></span> <span class='ocrx_word' id='word_1_584' title='bbox 2037 1824 2079 1852; x_wconf 73' lang='lat'><em>¹⁰:</em></span> 
     </span>
     <span class='ocr_line' id='line_1_79' title="bbox 1231 1871 2079 1908; baseline -0.001 -8"><span class='ocrx_word' id='word_1_585' title='bbox 1231 1871 1449 1908; x_wconf 75' lang='lat' dir='ltr'><em>Confitebuatur</em></span> <span class='ocrx_word' id='word_1_586' title='bbox 1471 1871 1545 1899; x_wconf 80' lang='lat' dir='ltr'><em>caeli</em></span> <span class='ocrx_word' id='word_1_587' title='bbox 1571 1871 1724 1900; x_wconf 86' lang='lat' dir='ltr'><em>mirabilia</em></span> <span class='ocrx_word' id='word_1_588' title='bbox 1746 1875 1815 1905; x_wconf 87' lang='lat' dir='ltr'><em>tua,</em></span> <span class='ocrx_word' id='word_1_589' title='bbox 1842 1871 1945 1900; x_wconf 85' lang='lat' dir='ltr'><em>scilicet</em></span> <span class='ocrx_word' id='word_1_590' title='bbox 1973 1872 2079 1900; x_wconf 79' lang='lat' dir='ltr'><em>animae</em></span> 
     </span>
     <span class='ocr_line' id='line_1_80' title="bbox 1229 1918 2079 1955; baseline 0 -9"><span class='ocrx_word' id='word_1_591' title='bbox 1229 1918 1381 1952; x_wconf 80' lang='lat' dir='ltr'><em>mirabilia,</em></span> <span class='ocrx_word' id='word_1_592' title='bbox 1403 1926 1474 1955; x_wconf 91' lang='lat' dir='ltr'><em>quae</em></span> <span class='ocrx_word' id='word_1_593' title='bbox 1495 1918 1522 1946; x_wconf 89' lang='lat' dir='ltr'><em>in</em></span> <span class='ocrx_word' id='word_1_594' title='bbox 1544 1926 1572 1947; x_wconf 90' lang='lat' dir='ltr'><em>se</em></span> <span class='ocrx_word' id='word_1_595' title='bbox 1587 1918 1718 1947; x_wconf 87' lang='lat' dir='ltr'><em>sentiunt.</em></span> <span class='ocrx_word' id='word_1_596' title='bbox 1734 1918 1787 1947; x_wconf 88' lang='lat' dir='ltr'><em>Hae</em></span> <span class='ocrx_word' id='word_1_597' title='bbox 1803 1918 1875 1947; x_wconf 90' lang='lat' dir='ltr'><em>enim</em></span> <span class='ocrx_word' id='word_1_598' title='bbox 1891 1918 2079 1955; x_wconf 79' lang='lat' dir='ltr'><em>experientiae</em></span> 
     </span>
     <span class='ocr_line' id='line_1_81' title="bbox 1230 1964 2080 2001; baseline -0.001 -8"><span class='ocrx_word' id='word_1_599' title='bbox 1230 1965 1334 1994; x_wconf 79' lang='lat' dir='ltr'><em>faciunt</em></span> <span class='ocrx_word' id='word_1_600' title='bbox 1353 1965 1436 1994; x_wconf 79' lang='lat' dir='ltr'><em>fidem</em></span> <span class='ocrx_word' id='word_1_601' title='bbox 1458 1965 1670 1994; x_wconf 89' lang='lat' dir='ltr'><em>stabilissimam.</em></span> <span class='ocrx_word' id='word_1_602' title='bbox 1694 1981 1730 1985; x_wconf 92' lang='lat'><em>—-</em></span> <span class='ocrx_word' id='word_1_603' title='bbox 1752 1965 1867 2001; x_wconf 79' lang='lat' dir='ltr'><em>Quando</em></span> <span class='ocrx_word' id='word_1_604' title='bbox 1895 1972 1961 2001; x_wconf 84' lang='lat' dir='ltr'><em>ergo</em></span> <span class='ocrx_word' id='word_1_605' title='bbox 1988 1964 2080 1992; x_wconf 84' lang='lat' dir='ltr'><em>anima</em></span> 
     </span>
     <span class='ocr_line' id='line_1_82' title="bbox 1229 2012 2078 2050; baseline -0.002 -9"><span class='ocrx_word' id='word_1_606' title='bbox 1229 2013 1312 2041; x_wconf 86' lang='lat' dir='ltr'><em>sentit</em></span> <span class='ocrx_word' id='word_1_607' title='bbox 1342 2012 1375 2041; x_wconf 91' lang='lat' dir='ltr'><em>de</em></span> <span class='ocrx_word' id='word_1_608' title='bbox 1408 2013 1544 2042; x_wconf 69' lang='lat' dir='ltr'><em>Altissimo</em></span> <span class='ocrx_word' id='word_1_609' title='bbox 1568 2012 1717 2050; x_wconf 79' lang='lat' dir='ltr'><em>piissime,</em></span> <span class='ocrx_word' id='word_1_610' title='bbox 1741 2012 1888 2040; x_wconf 72' lang='lat' dir='ltr'><em>verissime</em></span> <span class='ocrx_word' id='word_1_611' title='bbox 1910 2015 1937 2040; x_wconf 92' lang='lat' dir='ltr'><em>et</em></span> <span class='ocrx_word' id='word_1_612' title='bbox 1958 2012 2061 2049; x_wconf 87' lang='lat' dir='ltr'><em>optime</em></span> <span class='ocrx_word' id='word_1_613' title='bbox 2068 2022 2078 2044; x_wconf 82' lang='lat'><em>‚-</em></span> 
     </span>
     <span class='ocr_line' id='line_1_83' title="bbox 1230 2058 2079 2096; baseline -0.002 -8"><span class='ocrx_word' id='word_1_614' title='bbox 1230 2062 1296 2088; x_wconf 88' lang='lat' dir='ltr'><em>tunc</em></span> <span class='ocrx_word' id='word_1_615' title='bbox 1316 2060 1374 2088; x_wconf 91' lang='lat' dir='ltr'><em>zelo</em></span> <span class='ocrx_word' id='word_1_616' title='bbox 1395 2063 1422 2088; x_wconf 92' lang='lat' dir='ltr'><em>et</em></span> <span class='ocrx_word' id='word_1_617' title='bbox 1436 2067 1555 2088; x_wconf 82' lang='lat' dir='ltr'><em>excessu</em></span> <span class='ocrx_word' id='word_1_618' title='bbox 1576 2059 1678 2088; x_wconf 87' lang='lat' dir='ltr'><em>amoris</em></span> <span class='ocrx_word' id='word_1_619' title='bbox 1693 2059 1801 2096; x_wconf 82' lang='lat' dir='ltr'><em>rapitur</em></span> <span class='ocrx_word' id='word_1_620' title='bbox 1822 2059 1911 2087; x_wconf 84' lang='lat' dir='ltr'><em>anima</em></span> <span class='ocrx_word' id='word_1_621' title='bbox 1928 2067 2018 2096; x_wconf 83' lang='lat' dir='ltr'><em>usque</em></span> <span class='ocrx_word' id='word_1_622' title='bbox 2039 2058 2079 2086; x_wconf 84' lang='lat' dir='ltr'><em>ad</em></span> 
     </span>
     <span class='ocr_line' id='line_1_84' title="bbox 1229 2105 2077 2140; baseline -0.002 -6"><span class='ocrx_word' id='word_1_623' title='bbox 1229 2106 1346 2135; x_wconf 79' lang='lat' dir='ltr'><em>tertium.</em></span> <span class='ocrx_word' id='word_1_624' title='bbox 1367 2106 1495 2140; x_wconf 83' lang='lat' dir='ltr'><em>eaelum,</em></span> <span class='ocrx_word' id='word_1_625' title='bbox 1518 2106 1567 2135; x_wconf 81' lang='lat' dir='ltr'><em>etsi</em></span> <span class='ocrx_word' id='word_1_626' title='bbox 1591 2115 1644 2135; x_wconf 90' lang='lat' dir='ltr'><em>non</em></span> <span class='ocrx_word' id='word_1_627' title='bbox 1667 2106 1704 2134; x_wconf 86' lang='lat' dir='ltr'><em>ita</em></span> <span class='ocrx_word' id='word_1_628' title='bbox 1718 2106 1902 2138; x_wconf 81' lang='lat' dir='ltr'><em>excellenter,</em></span> <span class='ocrx_word' id='word_1_629' title='bbox 1918 2108 1949 2133; x_wconf 91' lang='lat' dir='ltr'><em>ut</em></span> <span class='ocrx_word' id='word_1_630' title='bbox 1969 2105 2077 2133; x_wconf 78' lang='lat' dir='ltr'><em>Paulus.</em></span> 
     </span>
     <span class='ocr_line' id='line_1_85' title="bbox 1229 2152 2037 2190; baseline -0.004 -8"><span class='ocrx_word' id='word_1_631' title='bbox 1229 2154 1259 2182; x_wconf 81' lang='lat' dir='ltr'><em>Et</em></span> <span class='ocrx_word' id='word_1_632' title='bbox 1283 2157 1346 2182; x_wconf 82' lang='lat' dir='ltr'><em>tuuc</em></span> <span class='ocrx_word' id='word_1_633' title='bbox 1369 2154 1473 2182; x_wconf 74' lang='lat' dir='ltr'><em>(lomus</em></span> <span class='ocrx_word' id='word_1_634' title='bbox 1493 2152 1642 2190; x_wconf 71' lang='lat' dir='ltr'><em>simulatur</em></span> <span class='ocrx_word' id='word_1_635' title='bbox 1663 2162 1758 2190; x_wconf 72' lang='lat' dir='ltr'><em>supra</em></span> <span class='ocrx_word' id='word_1_636' title='bbox 1772 2152 1892 2190; x_wconf 79' lang='lat' dir='ltr'><em>firmani</em></span> <span class='ocrx_word' id='word_1_637' title='bbox 1912 2156 2037 2189; x_wconf 79' lang='lat' dir='ltr'><em>petram.</em></span> 
     </span>
    </p>
   </div>
   <div class='ocr_carea' id='block_1_6' title="bbox 945 2336 1464 2341">
    <p class='ocr_par' dir='ltr' id='par_1_16' title="bbox 945 2336 1464 2341">
     <span class='ocr_line' id='line_1_86' title="bbox 945 2336 1464 2341; baseline 0 0"><span class='ocrx_word' id='word_1_638' title='bbox 945 2336 1464 2341; x_wconf 95' lang='lat' dir='ltr'><em> </em></span> 
     </span>
    </p>
   </div>
   <div class='ocr_carea' id='block_1_7' title="bbox 329 2486 1173 2710">
    <p class='ocr_par' dir='ltr' id='par_1_17' title="bbox 329 2486 1171 2555">
     <span class='ocr_line' id='line_1_87' title="bbox 392 2486 1171 2515; baseline 0 -6"><span class='ocrx_word' id='word_1_639' title='bbox 392 2487 398 2499; x_wconf 90' lang='lat'>¹</span> <span class='ocrx_word' id='word_1_640' title='bbox 416 2487 462 2510; x_wconf 51' lang='lat' dir='ltr'><em>Cri».</em></span> <span class='ocrx_word' id='word_1_641' title='bbox 480 2489 570 2515; x_wconf 80' lang='lat' dir='ltr'><em>Quaest.</em></span> <span class='ocrx_word' id='word_1_642' title='bbox 589 2486 674 2514; x_wconf 86' lang='lat' dir='ltr'><em>disput.</em></span> <span class='ocrx_word' id='word_1_643' title='bbox 692 2486 721 2508; x_wconf 85' lang='lat' dir='ltr'><em>de</em></span> <span class='ocrx_word' id='word_1_644' title='bbox 739 2486 846 2513; x_wconf 81' lang='lat' dir='ltr'><em>mysterio</em></span> <span class='ocrx_word' id='word_1_645' title='bbox 860 2487 923 2508; x_wconf 85' lang='lat' dir='ltr'><em>Trin.</em></span> <span class='ocrx_word' id='word_1_646' title='bbox 934 2494 957 2515; x_wconf 89' lang='lat' dir='ltr'><em>q.</em></span> <span class='ocrx_word' id='word_1_647' title='bbox 974 2488 992 2509; x_wconf 87' lang='grc'><em>1.</em></span> <span class='ocrx_word' id='word_1_648' title='bbox 1004 2494 1024 2509; x_wconf 83' lang='lat' dir='ltr'><em>a.</em></span> <span class='ocrx_word' id='word_1_649' title='bbox 1037 2488 1058 2509; x_wconf 77' lang='lat'><em>2.</em></span> <span class='ocrx_word' id='word_1_650' title='bbox 1072 2488 1093 2509; x_wconf 91' lang='lat' dir='ltr'><em>in</em></span> <span class='ocrx_word' id='word_1_651' title='bbox 1107 2493 1171 2515; x_wconf 78' lang='lat' dir='ltr'><em>corp.</em></span> 
     </span>
     <span class='ocr_line' id='line_1_88' title="bbox 329 2526 844 2555; baseline -0.004 -6"><span class='ocrx_word' id='word_1_652' title='bbox 329 2528 391 2555; x_wconf 81' lang='lat' dir='ltr'><em>(post</em></span> <span class='ocrx_word' id='word_1_653' title='bbox 408 2526 521 2555; x_wconf 86' lang='lat' dir='ltr'><em>medium)</em></span> <span class='ocrx_word' id='word_1_654' title='bbox 539 2529 561 2548; x_wconf 79' lang='lat' dir='ltr'><em>et</em></span> <span class='ocrx_word' id='word_1_655' title='bbox 578 2526 694 2554; x_wconf 79' lang='lat' dir='ltr'><em>Ereriloq.</em></span> <span class='ocrx_word' id='word_1_656' title='bbox 711 2532 733 2553; x_wconf 84' lang='lat' dir='ltr'><em>p.</em></span> <span class='ocrx_word' id='word_1_657' title='bbox 752 2526 768 2548; x_wconf 85' lang='grc' dir='ltr'><em>Ι.</em></span> <span class='ocrx_word' id='word_1_658' title='bbox 784 2532 804 2547; x_wconf 67' lang='lat' dir='ltr'><em>v.</em></span> <span class='ocrx_word' id='word_1_659' title='bbox 822 2526 844 2547; x_wconf 75' lang='lat'><em>2.</em></span> 
     </span>
    </p>

    <p class='ocr_par' dir='ltr' id='par_1_18' title="bbox 390 2564 1172 2594">
     <span class='ocr_line' id='line_1_89' title="bbox 390 2564 1172 2594; baseline 0.001 -7"><span class='ocrx_word' id='word_1_660' title='bbox 390 2564 399 2578; x_wconf 83' lang='lat'><em>²</em></span> <span class='ocrx_word' id='word_1_661' title='bbox 418 2566 476 2588; x_wconf 86' lang='lat' dir='ltr'><em>Vide</em></span> <span class='ocrx_word' id='word_1_662' title='bbox 493 2568 586 2594; x_wconf 73' lang='lat' dir='ltr'><em>Quaest.</em></span> <span class='ocrx_word' id='word_1_663' title='bbox 602 2565 688 2592; x_wconf 58' lang='lat' dir='ltr'><em>disput„</em></span> <span class='ocrx_word' id='word_1_664' title='bbox 706 2564 734 2586; x_wconf 87' lang='lat' dir='ltr'><em>de</em></span> <span class='ocrx_word' id='word_1_665' title='bbox 752 2564 861 2591; x_wconf 56' lang='lat' dir='ltr'><em>misterio</em></span> <span class='ocrx_word' id='word_1_666' title='bbox 879 2564 941 2586; x_wconf 83' lang='lat' dir='ltr'><em>Trin.</em></span> <span class='ocrx_word' id='word_1_667' title='bbox 954 2572 977 2593; x_wconf 85' lang='lat' dir='ltr'><em>q.</em></span> <span class='ocrx_word' id='word_1_668' title='bbox 989 2566 1011 2587; x_wconf 78' lang='lat'><em>2.</em></span> <span class='ocrx_word' id='word_1_669' title='bbox 1027 2572 1046 2587; x_wconf 83' lang='lat' dir='ltr'><em>a.</em></span> <span class='ocrx_word' id='word_1_670' title='bbox 1065 2567 1087 2588; x_wconf 73' lang='lat'><em>2.</em></span> <span class='ocrx_word' id='word_1_671' title='bbox 1104 2566 1133 2588; x_wconf 88' lang='lat' dir='ltr'><em>ad</em></span> <span class='ocrx_word' id='word_1_672' title='bbox 1152 2566 1172 2588; x_wconf 82' lang='lat' dir='ltr'><em>l.</em></span> 
     </span>
    </p>

    <p class='ocr_par' dir='ltr' id='par_1_19' title="bbox 329 2603 1173 2710">
     <span class='ocr_line' id='line_1_90' title="bbox 390 2603 1173 2632; baseline 0.001 -6"><span class='ocrx_word' id='word_1_673' title='bbox 390 2603 399 2616; x_wconf 80' lang='lat'><em>¹³</em></span> <span class='ocrx_word' id='word_1_674' title='bbox 418 2604 549 2627; x_wconf 78' lang='lat' dir='ltr'><em>Secundum</em></span> <span class='ocrx_word' id='word_1_675' title='bbox 567 2604 684 2626; x_wconf 79' lang='lat' dir='ltr'><em>Platonem</em></span> <span class='ocrx_word' id='word_1_676' title='bbox 702 2603 763 2624; x_wconf 74' lang='lat' dir='ltr'><em>Deus</em></span> <span class='ocrx_word' id='word_1_677' title='bbox 781 2603 894 2625; x_wconf 87' lang='lat' dir='ltr'><em>mundum</em></span> <span class='ocrx_word' id='word_1_678' title='bbox 912 2609 938 2625; x_wconf 78' lang='lat' dir='ltr'><em>ex</em></span> <span class='ocrx_word' id='word_1_679' title='bbox 962 2605 1054 2626; x_wconf 69' lang='lat' dir='ltr'><em>materia</em></span> <span class='ocrx_word' id='word_1_680' title='bbox 1072 2605 1173 2632; x_wconf 72' lang='lat' dir='ltr'><em>praeexi-</em></span> 
     </span>
     <span class='ocr_line' id='line_1_91' title="bbox 329 2642 1172 2671; baseline 0 -5"><span class='ocrx_word' id='word_1_681' title='bbox 329 2647 401 2666; x_wconf 72' lang='lat' dir='ltr'><em>stente</em></span> <span class='ocrx_word' id='word_1_682' title='bbox 419 2644 534 2666; x_wconf 81' lang='lat' dir='ltr'><em>formavit.</em></span> <span class='ocrx_word' id='word_1_683' title='bbox 551 2643 596 2665; x_wconf 83' lang='lat' dir='ltr'><em>Cl&#39;r.</em></span> <span class='ocrx_word' id='word_1_684' title='bbox 614 2644 638 2665; x_wconf 88' lang='lat' dir='ltr'><em>ll.</em></span> <span class='ocrx_word' id='word_1_685' title='bbox 657 2643 718 2664; x_wconf 80' lang='lat' dir='ltr'><em>Sent.</em></span> <span class='ocrx_word' id='word_1_686' title='bbox 735 2642 757 2663; x_wconf 88' lang='lat' dir='ltr'><em>d.</em></span> <span class='ocrx_word' id='word_1_687' title='bbox 777 2642 798 2663; x_wconf 79' lang='grc'><em>1.</em></span> <span class='ocrx_word' id='word_1_688' title='bbox 815 2648 839 2669; x_wconf 84' lang='lat' dir='ltr'><em>p.</em></span> <span class='ocrx_word' id='word_1_689' title='bbox 856 2642 871 2663; x_wconf 86' lang='lat' dir='ltr'><em>l.</em></span> <span class='ocrx_word' id='word_1_690' title='bbox 888 2648 907 2663; x_wconf 80' lang='lat' dir='ltr'><em>a.</em></span> <span class='ocrx_word' id='word_1_691' title='bbox 927 2643 947 2664; x_wconf 79' lang='grc'><em>1.</em></span> <span class='ocrx_word' id='word_1_692' title='bbox 965 2649 988 2671; x_wconf 83' lang='lat' dir='ltr'><em>q.</em></span> <span class='ocrx_word' id='word_1_693' title='bbox 1001 2644 1055 2665; x_wconf 59' lang='lat' dir='ltr'><em>ret</em></span> <span class='ocrx_word' id='word_1_694' title='bbox 1072 2643 1128 2666; x_wconf 79' lang='lat' dir='ltr'><em>(lub.</em></span> <span class='ocrx_word' id='word_1_695' title='bbox 1146 2645 1172 2671; x_wconf 63' lang='grc' dir='ltr'><em>Ἐς</em></span> 
     </span>
     <span class='ocr_line' id='line_1_92' title="bbox 330 2680 1172 2710; baseline -0.002 -5"><span class='ocrx_word' id='word_1_696' title='bbox 330 2683 385 2705; x_wconf 79' lang='lat' dir='ltr'><em>ibid.</em></span> <span class='ocrx_word' id='word_1_697' title='bbox 397 2689 416 2705; x_wconf 83' lang='lat' dir='ltr'><em>a.</em></span> <span class='ocrx_word' id='word_1_698' title='bbox 430 2684 451 2704; x_wconf 80' lang='lat'><em>2.</em></span> <span class='ocrx_word' id='word_1_699' title='bbox 462 2688 485 2710; x_wconf 87' lang='lat' dir='ltr'><em>q.</em></span> <span class='ocrx_word' id='word_1_700' title='bbox 498 2683 519 2704; x_wconf 77' lang='lat'><em>2.</em></span> <span class='ocrx_word' id='word_1_701' title='bbox 532 2681 639 2704; x_wconf 79' lang='lat' dir='ltr'><em>refellitur</em></span> <span class='ocrx_word' id='word_1_702' title='bbox 659 2686 723 2703; x_wconf 82' lang='lat' dir='ltr'><em>error</em></span> <span class='ocrx_word' id='word_1_703' title='bbox 739 2686 820 2702; x_wconf 81' lang='lat' dir='ltr'><em>eorum</em></span> <span class='ocrx_word' id='word_1_704' title='bbox 836 2680 875 2708; x_wconf 90' lang='lat' dir='ltr'><em>qui</em></span> <span class='ocrx_word' id='word_1_705' title='bbox 893 2680 987 2707; x_wconf 80' lang='lat' dir='ltr'><em>docent,</em></span> <span class='ocrx_word' id='word_1_706' title='bbox 1005 2681 1077 2703; x_wconf 82' lang='lat' dir='ltr'><em>Deum</em></span> <span class='ocrx_word' id='word_1_707' title='bbox 1095 2682 1172 2703; x_wconf 84' lang='lat' dir='ltr'><em>onmia</em></span> 
     </span>
    </p>
   </div>
   <div class='ocr_carea' id='block_1_8' title="bbox 329 2719 1202 2750">
    <p class='ocr_par' dir='ltr' id='par_1_20' title="bbox 329 2719 1202 2750">
     <span class='ocr_line' id='line_1_93' title="bbox 329 2719 1202 2750; baseline -0.001 -6"><span class='ocrx_word' id='word_1_708' title='bbox 329 2728 376 2744; x_wconf 82' lang='lat' dir='ltr'><em>non</em></span> <span class='ocrx_word' id='word_1_709' title='bbox 394 2721 526 2744; x_wconf 79' lang='lat' dir='ltr'><em>immediate</em></span> <span class='ocrx_word' id='word_1_710' title='bbox 544 2721 685 2748; x_wconf 62' lang='lat' dir='ltr'><em>produxisse.</em></span> <span class='ocrx_word' id='word_1_711' title='bbox 698 2732 729 2736; x_wconf 98' lang='lat'><strong>—</strong></span> <span class='ocrx_word' id='word_1_712' title='bbox 741 2719 851 2747; x_wconf 83' lang='lat' dir='ltr'><em>Superius</em></span> <span class='ocrx_word' id='word_1_713' title='bbox 869 2719 966 2741; x_wconf 64' lang='lat' dir='ltr'><em>vocibus</em></span> <span class='ocrx_word' id='word_1_714' title='bbox 982 2719 1049 2748; x_wconf 73' lang='grc' dir='ltr'><strong>111-1ῃο</strong></span> <span class='ocrx_word' id='word_1_715' title='bbox 1066 2720 1173 2743; x_wconf 72' lang='lat' dir='ltr'><em>omnium</em></span> <span class='ocrx_word' id='word_1_716' title='bbox 1201 2745 1202 2750; x_wconf 22' lang='lat'>¹</span> 
     </span>
    </p>
   </div>
   <div class='ocr_carea' id='block_1_9' title="bbox 329 2758 1173 3023">
    <p class='ocr_par' dir='ltr' id='par_1_21' title="bbox 329 2758 1173 2867">
     <span class='ocr_line' id='line_1_94' title="bbox 329 2758 1171 2787; baseline -0.002 -3"><span class='ocrx_word' id='word_1_717' title='bbox 329 2762 374 2784; x_wconf 86' lang='lat' dir='ltr'><em>DE</em></span> <span class='ocrx_word' id='word_1_718' title='bbox 392 2762 529 2783; x_wconf 88' lang='lat' dir='ltr'><em>interserunt</em></span> <span class='ocrx_word' id='word_1_719' title='bbox 551 2759 698 2787; x_wconf 82' lang='lat' dir='ltr'><em>immediata,</em></span> <span class='ocrx_word' id='word_1_720' title='bbox 717 2760 733 2781; x_wconf 89' lang='lat' dir='ltr'>B</span> <span class='ocrx_word' id='word_1_721' title='bbox 751 2759 816 2786; x_wconf 78' lang='lat' dir='ltr'><em>legit:</em></span> <span class='ocrx_word' id='word_1_722' title='bbox 842 2758 910 2787; x_wconf 63' lang='lat' dir='ltr'><em>oripo</em></span> <span class='ocrx_word' id='word_1_723' title='bbox 935 2758 1068 2782; x_wconf 71' lang='lat' dir='ltr'><em>immediate</em></span> <span class='ocrx_word' id='word_1_724' title='bbox 1092 2759 1171 2782; x_wconf 76' lang='grc' dir='ltr'><strong>011111ἱο</strong></span> 
     </span>
     <span class='ocr_line' id='line_1_95' title="bbox 330 2798 1173 2826; baseline -0.004 -2"><span class='ocrx_word' id='word_1_725' title='bbox 330 2807 414 2825; x_wconf 71' lang='lat' dir='ltr'><em>creans</em></span> <span class='ocrx_word' id='word_1_726' title='bbox 436 2802 456 2823; x_wconf 72' lang='lat' dir='ltr'><em>et</em></span> <span class='ocrx_word' id='word_1_727' title='bbox 479 2806 560 2823; x_wconf 74' lang='lat' dir='ltr'><em>omnes</em></span> <span class='ocrx_word' id='word_1_728' title='bbox 577 2805 659 2822; x_wconf 79' lang='lat' dir='ltr'><em>rer-am</em></span> <span class='ocrx_word' id='word_1_729' title='bbox 677 2798 787 2822; x_wconf 73' lang='lat' dir='ltr'><em>essentias</em></span> <span class='ocrx_word' id='word_1_730' title='bbox 807 2798 887 2826; x_wconf 77' lang='grc' dir='ltr'>(ΑΒΕ</span> <span class='ocrx_word' id='word_1_731' title='bbox 905 2804 989 2821; x_wconf 78' lang='lat' dir='ltr'><em>creans</em></span> <span class='ocrx_word' id='word_1_732' title='bbox 1006 2800 1027 2821; x_wconf 87' lang='lat' dir='ltr'><em>et</em></span> <span class='ocrx_word' id='word_1_733' title='bbox 1044 2798 1173 2821; x_wconf 69' lang='lat' dir='ltr'><em>essentiam</em></span> 
     </span>
     <span class='ocr_line' id='line_1_96' title="bbox 330 2844 484 2867; baseline -0.006 -4"><span class='ocrx_word' id='word_1_734' title='bbox 330 2846 410 2864; x_wconf 82' lang='lat' dir='ltr'><em>omnes</em></span> <span class='ocrx_word' id='word_1_735' title='bbox 428 2844 484 2867; x_wconf 81' lang='lat' dir='ltr'><em>res).</em></span> 
     </span>
    </p>

    <p class='ocr_par' dir='ltr' id='par_1_22' title="bbox 392 2878 601 2905">
     <span class='ocr_line' id='line_1_97' title="bbox 392 2878 601 2905; baseline -0.005 -4"><span class='ocrx_word' id='word_1_736' title='bbox 392 2878 401 2891; x_wconf 64' lang='lat'><em>“¹</em></span> <span class='ocrx_word' id='word_1_737' title='bbox 419 2879 501 2901; x_wconf 78' lang='lat' dir='ltr'><em>Psalm.</em></span> <span class='ocrx_word' id='word_1_738' title='bbox 518 2879 560 2905; x_wconf 69' lang='lat'><em>26,</em></span> <span class='ocrx_word' id='word_1_739' title='bbox 582 2879 601 2900; x_wconf 91' lang='lat' dir='ltr'><em>l.</em></span> 
     </span>
    </p>

    <p class='ocr_par' dir='ltr' id='par_1_23' title="bbox 331 2914 1173 3023">
     <span class='ocr_line' id='line_1_98' title="bbox 393 2914 1173 2945; baseline -0.005 -5"><span class='ocrx_word' id='word_1_740' title='bbox 393 2917 401 2929; x_wconf 78' lang='lat'>⁵</span> <span class='ocrx_word' id='word_1_741' title='bbox 419 2918 484 2940; x_wconf 78' lang='lat' dir='ltr'><em>Rom.</em></span> <span class='ocrx_word' id='word_1_742' title='bbox 504 2918 529 2944; x_wconf 75' lang='lat'><em>8,</em></span> <span class='ocrx_word' id='word_1_743' title='bbox 547 2918 589 2940; x_wconf 76' lang='lat'><em>32:</em></span> <span class='ocrx_word' id='word_1_744' title='bbox 605 2917 647 2945; x_wconf 82' lang='lat' dir='ltr'><em>Qui</em></span> <span class='ocrx_word' id='word_1_745' title='bbox 666 2916 733 2938; x_wconf 80' lang='lat' dir='ltr'><em>etiam</em></span> <span class='ocrx_word' id='word_1_746' title='bbox 752 2915 846 2943; x_wconf 86' lang='lat' dir='ltr'><em>proprio</em></span> <span class='ocrx_word' id='word_1_747' title='bbox 863 2915 918 2937; x_wconf 83' lang='lat' dir='ltr'><em>Filio</em></span> <span class='ocrx_word' id='word_1_748' title='bbox 936 2920 977 2935; x_wconf 75' lang='lat' dir='ltr'><em>suo</em></span> <span class='ocrx_word' id='word_1_749' title='bbox 995 2920 1040 2935; x_wconf 81' lang='lat' dir='ltr'><em>non</em></span> <span class='ocrx_word' id='word_1_750' title='bbox 1059 2914 1173 2941; x_wconf 74' lang='lat' dir='ltr'><em>pepercit,</em></span> 
     </span>
     <span class='ocr_line' id='line_1_99' title="bbox 331 2953 1172 2985; baseline -0.006 -6"><span class='ocrx_word' id='word_1_751' title='bbox 331 2958 370 2979; x_wconf 69' lang='lat' dir='ltr'><em>scil</em></span> <span class='ocrx_word' id='word_1_752' title='bbox 389 2964 430 2985; x_wconf 85' lang='lat' dir='ltr'><em>pro</em></span> <span class='ocrx_word' id='word_1_753' title='bbox 449 2957 514 2979; x_wconf 86' lang='lat' dir='ltr'><em>nobis</em></span> <span class='ocrx_word' id='word_1_754' title='bbox 530 2956 639 2978; x_wconf 75' lang='lat' dir='ltr'><em>omnibus</em></span> <span class='ocrx_word' id='word_1_755' title='bbox 657 2956 749 2978; x_wconf 83' lang='lat' dir='ltr'><em>tradidit</em></span> <span class='ocrx_word' id='word_1_756' title='bbox 764 2956 838 2981; x_wconf 85' lang='lat' dir='ltr'><em>illum;</em></span> <span class='ocrx_word' id='word_1_757' title='bbox 850 2953 969 2982; x_wconf 86' lang='lat' dir='ltr'><em>quomodo</em></span> <span class='ocrx_word' id='word_1_758' title='bbox 982 2959 1028 2975; x_wconf 92' lang='lat' dir='ltr'><em>nou</em></span> <span class='ocrx_word' id='word_1_759' title='bbox 1040 2953 1107 2975; x_wconf 82' lang='lat' dir='ltr'><em>etiam</em></span> <span class='ocrx_word' id='word_1_760' title='bbox 1120 2959 1172 2975; x_wconf 71' lang='lat' dir='ltr'><em>rum</em></span> 
     </span>
     <span class='ocr_line' id='line_1_100' title="bbox 332 2992 1173 3023; baseline -0.007 -4"><span class='ocrx_word' id='word_1_761' title='bbox 332 2997 367 3018; x_wconf 72' lang='lat' dir='ltr'><em>illi·</em></span> <span class='ocrx_word' id='word_1_762' title='bbox 385 2997 460 3018; x_wconf 79' lang='lat' dir='ltr'><em>omnia</em></span> <span class='ocrx_word' id='word_1_763' title='bbox 479 2996 546 3018; x_wconf 69' lang='lat' dir='ltr'><em>nobis</em></span> <span class='ocrx_word' id='word_1_764' title='bbox 563 2996 673 3017; x_wconf 69' lang='lat' dir='ltr'><em>‹lon-ivit?</em></span> <span class='ocrx_word' id='word_1_765' title='bbox 690 3007 720 3011; x_wconf 93' lang='lat'><em>——</em></span> <span class='ocrx_word' id='word_1_766' title='bbox 733 2995 785 3023; x_wconf 75' lang='lat' dir='ltr'><em>Seq.</em></span> <span class='ocrx_word' id='word_1_767' title='bbox 804 2995 867 3016; x_wconf 75' lang='lat' dir='ltr'><em>locus</em></span> <span class='ocrx_word' id='word_1_768' title='bbox 885 2996 918 3015; x_wconf 73' lang='lat' dir='ltr'><em>est</em></span> <span class='ocrx_word' id='word_1_769' title='bbox 936 2993 994 3014; x_wconf 82' lang='lat' dir='ltr'><em>lomi.</em></span> <span class='ocrx_word' id='word_1_770' title='bbox 1017 2993 1054 3019; x_wconf 70' lang='lat'><em>1⁴3,</em></span> <span class='ocrx_word' id='word_1_771' title='bbox 1078 2992 1114 3018; x_wconf 64' lang='grc' dir='ltr'><em>1ῐῄ</em></span> <span class='ocrx_word' id='word_1_772' title='bbox 1134 2995 1173 3014; x_wconf 83' lang='lat' dir='ltr'><em>ter·</em></span> 
     </span>
    </p>
   </div>
   <div class='ocr_carea' id='block_1_10' title="bbox 1200 2488 1204 3018">
    <p class='ocr_par' dir='ltr' id='par_1_24' title="bbox 1200 2488 1204 3018">
     <span class='ocr_line' id='line_1_101' title="bbox 1200 2488 1204 3018; baseline 0 0"><span class='ocrx_word' id='word_1_773' title='bbox 1200 2488 1204 3018; x_wconf 95' lang='lat' dir='ltr'><em> </em></span> 
     </span>
    </p>
   </div>
   <div class='ocr_carea' id='block_1_11' title="bbox 1229 2477 2077 2826">
    <p class='ocr_par' dir='ltr' id='par_1_25' title="bbox 1229 2477 2077 2554">
     <span class='ocr_line' id='line_1_102' title="bbox 1230 2477 2077 2514; baseline -0.004 -5"><span class='ocrx_word' id='word_1_774' title='bbox 1230 2487 1274 2509; x_wconf 86' lang='lat' dir='ltr'><em>tius</em></span> <span class='ocrx_word' id='word_1_775' title='bbox 1291 2487 1348 2514; x_wconf 86' lang='lat' dir='ltr'><em>Epli.</em></span> <span class='ocrx_word' id='word_1_776' title='bbox 1367 2487 1394 2513; x_wconf 78' lang='lat'><em>2,</em></span> <span class='ocrx_word' id='word_1_777' title='bbox 1412 2486 1437 2508; x_wconf 68' lang='lat' dir='ltr'><em>si:</em></span> <span class='ocrx_word' id='word_1_778' title='bbox 1461 2486 1555 2513; x_wconf 82' lang='lat' dir='ltr'><em>Propter</em></span> <span class='ocrx_word' id='word_1_779' title='bbox 1581 2485 1676 2507; x_wconf 80' lang='lat' dir='ltr'><em>nimiam</em></span> <span class='ocrx_word' id='word_1_780' title='bbox 1702 2477 1819 2507; x_wconf 73' lang='lat' dir='ltr'><em>caritatem</em></span> <span class='ocrx_word' id='word_1_781' title='bbox 1846 2491 1925 2512; x_wconf 78' lang='lat' dir='ltr'><em>suam,</em></span> <span class='ocrx_word' id='word_1_782' title='bbox 1951 2490 1997 2513; x_wconf 85' lang='lat' dir='ltr'><em>qua</em></span> <span class='ocrx_word' id='word_1_783' title='bbox 2022 2487 2077 2511; x_wconf 83' lang='lat' dir='ltr'><em>etc.;</em></span> 
     </span>
     <span class='ocr_line' id='line_1_103' title="bbox 1229 2524 1495 2554; baseline -0.008 -6"><span class='ocrx_word' id='word_1_784' title='bbox 1229 2529 1326 2554; x_wconf 78' lang='lat' dir='ltr'><em>quartus</em></span> <span class='ocrx_word' id='word_1_785' title='bbox 1343 2526 1398 2547; x_wconf 77' lang='lat' dir='ltr'><em>Luc.</em></span> <span class='ocrx_word' id='word_1_786' title='bbox 1419 2525 1440 2551; x_wconf 78' lang='lat' dir='ltr'><em>t,</em></span> <span class='ocrx_word' id='word_1_787' title='bbox 1458 2524 1495 2546; x_wconf 81' lang='lat'><em>78.</em></span> 
     </span>
    </p>

    <p class='ocr_par' dir='ltr' id='par_1_26' title="bbox 1292 2562 1785 2591">
     <span class='ocr_line' id='line_1_104' title="bbox 1292 2562 1785 2591; baseline -0.002 -5"><span class='ocrx_word' id='word_1_788' title='bbox 1292 2562 1302 2576; x_wconf 83' lang='lat'><strong>⁰</strong></span> <span class='ocrx_word' id='word_1_789' title='bbox 1320 2564 1388 2586; x_wconf 82' lang='lat' dir='ltr'><em>Marc.</em></span> <span class='ocrx_word' id='word_1_790' title='bbox 1405 2564 1430 2590; x_wconf 73' lang='lat'><em>9,</em></span> <span class='ocrx_word' id='word_1_791' title='bbox 1448 2564 1490 2585; x_wconf 76' lang='lat'><em>22:</em></span> <span class='ocrx_word' id='word_1_792' title='bbox 1509 2563 1531 2585; x_wconf 84' lang='lat' dir='ltr'><em>Si</em></span> <span class='ocrx_word' id='word_1_793' title='bbox 1549 2567 1614 2591; x_wconf 70' lang='lat' dir='ltr'><em>potes</em></span> <span class='ocrx_word' id='word_1_794' title='bbox 1631 2564 1726 2586; x_wconf 82' lang='lat' dir='ltr'><em>credere</em></span> <span class='ocrx_word' id='word_1_795' title='bbox 1743 2567 1785 2586; x_wconf 83' lang='lat' dir='ltr'><em>etc.</em></span> 
     </span>
    </p>

    <p class='ocr_par' dir='ltr' id='par_1_27' title="bbox 1231 2600 2076 2670">
     <span class='ocr_line' id='line_1_105' title="bbox 1293 2600 2076 2630; baseline -0.005 -5"><span class='ocrx_word' id='word_1_796' title='bbox 1293 2601 1301 2614; x_wconf 91' lang='lat'>⁷</span> <span class='ocrx_word' id='word_1_797' title='bbox 1319 2602 1380 2625; x_wconf 88' lang='lat' dir='ltr'><em>Libr.</em></span> <span class='ocrx_word' id='word_1_798' title='bbox 1397 2603 1428 2625; x_wconf 88' lang='grc'><strong>111.</strong></span> <span class='ocrx_word' id='word_1_799' title='bbox 1447 2603 1504 2630; x_wconf 79' lang='lat' dir='ltr'><em>neg.</em></span> <span class='ocrx_word' id='word_1_800' title='bbox 1521 2603 1563 2630; x_wconf 73' lang='lat'><em>21,</em></span> <span class='ocrx_word' id='word_1_801' title='bbox 1582 2603 1619 2625; x_wconf 79' lang='grc'><em>19.</em></span> <span class='ocrx_word' id='word_1_802' title='bbox 1636 2602 1692 2625; x_wconf 88' lang='lat' dir='ltr'><em>lbid.</em></span> <span class='ocrx_word' id='word_1_803' title='bbox 1709 2609 1731 2624; x_wconf 71' lang='lat' dir='ltr'><em>v.</em></span> <span class='ocrx_word' id='word_1_804' title='bbox 1750 2603 1786 2624; x_wconf 73' lang='lat'><em>2⁴).</em></span> <span class='ocrx_word' id='word_1_805' title='bbox 1805 2601 1918 2623; x_wconf 81' lang='lat' dir='ltr'><em>habentur</em></span> <span class='ocrx_word' id='word_1_806' title='bbox 1941 2600 1988 2622; x_wconf 89' lang='lat' dir='ltr'><em>duo</em></span> <span class='ocrx_word' id='word_1_807' title='bbox 2010 2606 2076 2628; x_wconf 84' lang='lat' dir='ltr'><em>seqq.</em></span> 
     </span>
     <span class='ocr_line' id='line_1_106' title="bbox 1231 2641 1748 2670; baseline -0.002 -6"><span class='ocrx_word' id='word_1_808' title='bbox 1231 2642 1286 2669; x_wconf 74' lang='lat' dir='ltr'><em>loci;</em></span> <span class='ocrx_word' id='word_1_809' title='bbox 1305 2642 1327 2664; x_wconf 90' lang='lat' dir='ltr'><em>in</em></span> <span class='ocrx_word' id='word_1_810' title='bbox 1344 2642 1421 2669; x_wconf 83' lang='lat' dir='ltr'><em>primo</em></span> <span class='ocrx_word' id='word_1_811' title='bbox 1439 2648 1481 2670; x_wconf 86' lang='lat' dir='ltr'><em>pro</em></span> <span class='ocrx_word' id='word_1_812' title='bbox 1498 2644 1566 2665; x_wconf 80' lang='lat' dir='ltr'><em>tuum</em></span> <span class='ocrx_word' id='word_1_813' title='bbox 1584 2642 1682 2670; x_wconf 81' lang='lat' dir='ltr'><em>Vulgata</em></span> <span class='ocrx_word' id='word_1_814' title='bbox 1700 2641 1748 2664; x_wconf 81' lang='lat' dir='ltr'><em>tibi.</em></span> 
     </span>
    </p>

    <p class='ocr_par' dir='ltr' id='par_1_28' title="bbox 1231 2678 2075 2752">
     <span class='ocr_line' id='line_1_107' title="bbox 1294 2678 2075 2707; baseline -0.006 -4"><span class='ocrx_word' id='word_1_815' title='bbox 1294 2679 1302 2692; x_wconf 60' lang='grc' dir='ltr'><strong>Β</strong></span> <span class='ocrx_word' id='word_1_816' title='bbox 1321 2681 1397 2703; x_wconf 80' lang='lat' dir='ltr'><em>Matth.</em></span> <span class='ocrx_word' id='word_1_817' title='bbox 1411 2681 1447 2707; x_wconf 77' lang='grc'><em>15,</em></span> <span class='ocrx_word' id='word_1_818' title='bbox 1459 2681 1501 2703; x_wconf 76' lang='lat'><em>&#39;252</em></span> <span class='ocrx_word' id='word_1_819' title='bbox 1514 2681 1562 2703; x_wconf 91' lang='lat' dir='ltr'><em>Non</em></span> <span class='ocrx_word' id='word_1_820' title='bbox 1575 2684 1609 2703; x_wconf 88' lang='lat' dir='ltr'><em>est</em></span> <span class='ocrx_word' id='word_1_821' title='bbox 1621 2680 1709 2703; x_wconf 87' lang='lat' dir='ltr'><em>bonum</em></span> <span class='ocrx_word' id='word_1_822' title='bbox 1721 2685 1814 2702; x_wconf 80' lang='lat' dir='ltr'><em>sumere</em></span> <span class='ocrx_word' id='word_1_823' title='bbox 1826 2684 1911 2706; x_wconf 85' lang='lat' dir='ltr'><em>panem</em></span> <span class='ocrx_word' id='word_1_824' title='bbox 1924 2678 2021 2699; x_wconf 83' lang='lat' dir='ltr'><em>tiliorum</em></span> <span class='ocrx_word' id='word_1_825' title='bbox 2034 2679 2075 2699; x_wconf 86' lang='lat' dir='ltr'><em>etc.</em></span> 
     </span>
     <span class='ocr_line' id='line_1_108' title="bbox 1231 2718 1816 2752; baseline -0.009 -8"><span class='ocrx_word' id='word_1_826' title='bbox 1231 2733 1261 2736; x_wconf 85' lang='lat'>—</span> <span class='ocrx_word' id='word_1_827' title='bbox 1278 2721 1295 2742; x_wconf 84' lang='grc' dir='ltr'>Α</span> <span class='ocrx_word' id='word_1_828' title='bbox 1311 2726 1399 2749; x_wconf 80' lang='lat' dir='ltr'><em>panem</em></span> <span class='ocrx_word' id='word_1_829' title='bbox 1416 2720 1564 2749; x_wconf 69' lang='lat' dir='ltr'><em>Anpeloram</em></span> <span class='ocrx_word' id='word_1_830' title='bbox 1583 2720 1633 2748; x_wconf 80' lang='lat' dir='ltr'><em>(cfr.</em></span> <span class='ocrx_word' id='word_1_831' title='bbox 1651 2720 1687 2741; x_wconf 82' lang='lat' dir='ltr'><em>Ps.</em></span> <span class='ocrx_word' id='word_1_832' title='bbox 1704 2719 1747 2745; x_wconf 74' lang='lat'><em>77,</em></span> <span class='ocrx_word' id='word_1_833' title='bbox 1760 2718 1816 2752; x_wconf 68' lang='lat'>²52)·</span> 
     </span>
    </p>

    <p class='ocr_par' dir='ltr' id='par_1_29' title="bbox 1231 2755 2076 2826">
     <span class='ocr_line' id='line_1_109' title="bbox 1293 2755 2076 2787; baseline -0.006 -5"><span class='ocrx_word' id='word_1_834' title='bbox 1293 2758 1303 2770; x_wconf 80' lang='lat'>⁹</span> <span class='ocrx_word' id='word_1_835' title='bbox 1321 2759 1504 2782; x_wconf 73' lang='lat' dir='ltr'><em>Vers.4i.1tiid.</em></span> <span class='ocrx_word' id='word_1_836' title='bbox 1516 2766 1540 2781; x_wconf 81' lang='lat' dir='ltr'><em>v.</em></span> <span class='ocrx_word' id='word_1_837' title='bbox 1561 2760 1594 2781; x_wconf 86' lang='grc'><em>13.</em></span> <span class='ocrx_word' id='word_1_838' title='bbox 1611 2765 1677 2787; x_wconf 86' lang='lat' dir='ltr'><em>seqq.</em></span> <span class='ocrx_word' id='word_1_839' title='bbox 1695 2758 1789 2780; x_wconf 81' lang='lat' dir='ltr'><em>dicitur:</em></span> <span class='ocrx_word' id='word_1_840' title='bbox 1808 2757 1852 2778; x_wconf 76' lang='lat' dir='ltr'><em>Nos</em></span> <span class='ocrx_word' id='word_1_841' title='bbox 1870 2758 1947 2778; x_wconf 84' lang='lat' dir='ltr'><em>autem</em></span> <span class='ocrx_word' id='word_1_842' title='bbox 1964 2755 2076 2778; x_wconf 86' lang='lat' dir='ltr'><em>debemus</em></span> 
     </span>
     <span class='ocr_line' id='line_1_110' title="bbox 1231 2794 2075 2826; baseline -0.006 -6"><span class='ocrx_word' id='word_1_843' title='bbox 1231 2798 1315 2824; x_wconf 61' lang='lat' dir='ltr'><em>gratias</em></span> <span class='ocrx_word' id='word_1_844' title='bbox 1332 2804 1400 2826; x_wconf 74' lang='lat' dir='ltr'><em>agere</em></span> <span class='ocrx_word' id='word_1_845' title='bbox 1418 2799 1465 2821; x_wconf 90' lang='lat' dir='ltr'><em>Deo</em></span> <span class='ocrx_word' id='word_1_846' title='bbox 1482 2804 1574 2826; x_wconf 80' lang='lat' dir='ltr'><em>semper</em></span> <span class='ocrx_word' id='word_1_847' title='bbox 1586 2804 1628 2825; x_wconf 88' lang='lat' dir='ltr'><em>pro</em></span> <span class='ocrx_word' id='word_1_848' title='bbox 1641 2796 1720 2823; x_wconf 69' lang='lat' dir='ltr'><em>vobis,</em></span> <span class='ocrx_word' id='word_1_849' title='bbox 1739 2797 1818 2817; x_wconf 77' lang='lat' dir='ltr'><em>tratres</em></span> <span class='ocrx_word' id='word_1_850' title='bbox 1830 2795 1904 2816; x_wconf 85' lang='lat' dir='ltr'><em>dilecti</em></span> <span class='ocrx_word' id='word_1_851' title='bbox 1917 2801 1929 2816; x_wconf 86' lang='lat' dir='ltr'><em>a</em></span> <span class='ocrx_word' id='word_1_852' title='bbox 1941 2795 1998 2821; x_wconf 85' lang='lat' dir='ltr'><em>Deo,</em></span> <span class='ocrx_word' id='word_1_853' title='bbox 2011 2794 2075 2823; x_wconf 87' lang='lat' dir='ltr'><em>quod</em></span> 
     </span>
    </p>
   </div>
   <div class='ocr_carea' id='block_1_12' title="bbox 1201 2831 2076 2865">
    <p class='ocr_par' dir='ltr' id='par_1_30' title="bbox 1201 2831 2076 2865">
     <span class='ocr_line' id='line_1_111' title="bbox 1201 2831 2076 2865; baseline -0.006 -6"><span class='ocrx_word' id='word_1_854' title='bbox 1201 2831 1203 2838; x_wconf 57' lang='lat'><strong>¹</strong></span> <span class='ocrx_word' id='word_1_855' title='bbox 1230 2838 1324 2864; x_wconf 74' lang='lat' dir='ltr'><em>elegerit</em></span> <span class='ocrx_word' id='word_1_856' title='bbox 1342 2844 1383 2860; x_wconf 72' lang='lat' dir='ltr'><em>ios</em></span> <span class='ocrx_word' id='word_1_857' title='bbox 1400 2838 1461 2860; x_wconf 78' lang='lat' dir='ltr'><em>Deus</em></span> <span class='ocrx_word' id='word_1_858' title='bbox 1479 2838 1591 2865; x_wconf 74' lang='lat' dir='ltr'><em>primitias</em></span> <span class='ocrx_word' id='word_1_859' title='bbox 1609 2837 1630 2858; x_wconf 90' lang='lat' dir='ltr'><em>in</em></span> <span class='ocrx_word' id='word_1_860' title='bbox 1649 2836 1759 2860; x_wconf 81' lang='lat' dir='ltr'><em>salutem,</em></span> <span class='ocrx_word' id='word_1_861' title='bbox 1777 2834 1798 2855; x_wconf 90' lang='lat' dir='ltr'><em>iu</em></span> <span class='ocrx_word' id='word_1_862' title='bbox 1818 2833 1995 2856; x_wconf 81' lang='lat' dir='ltr'><em>sanctificatione</em></span> <span class='ocrx_word' id='word_1_863' title='bbox 2012 2833 2076 2860; x_wconf 87' lang='lat' dir='ltr'><em>spiri-</em></span> 
     </span>
    </p>
   </div>
   <div class='ocr_carea' id='block_1_13' title="bbox 1231 2871 2075 2981">
    <p class='ocr_par' dir='ltr' id='par_1_31' title="bbox 1231 2871 2075 2981">
     <span class='ocr_line' id='line_1_112' title="bbox 1232 2871 2071 2906; baseline -0.005 -9"><span class='ocrx_word' id='word_1_864' title='bbox 1232 2879 1267 2898; x_wconf 88' lang='lat' dir='ltr'><em>tus</em></span> <span class='ocrx_word' id='word_1_865' title='bbox 1284 2880 1306 2898; x_wconf 83' lang='lat' dir='ltr'><em>et</em></span> <span class='ocrx_word' id='word_1_866' title='bbox 1323 2876 1347 2898; x_wconf 79' lang='lat' dir='ltr'><em>in</em></span> <span class='ocrx_word' id='word_1_867' title='bbox 1364 2876 1408 2906; x_wconf 80' lang='lat' dir='ltr'><em>fide</em></span> <span class='ocrx_word' id='word_1_868' title='bbox 1426 2876 1531 2900; x_wconf 72' lang='lat' dir='ltr'><em>reritatis</em></span> <span class='ocrx_word' id='word_1_869' title='bbox 1548 2880 1591 2898; x_wconf 82' lang='lat' dir='ltr'><em>etc.</em></span> <span class='ocrx_word' id='word_1_870' title='bbox 1608 2887 1639 2891; x_wconf 96' lang='lat'><em>--</em></span> <span class='ocrx_word' id='word_1_871' title='bbox 1657 2875 1710 2901; x_wconf 78' lang='lat' dir='ltr'><em>Seq.</em></span> <span class='ocrx_word' id='word_1_872' title='bbox 1728 2874 1791 2894; x_wconf 82' lang='lat' dir='ltr'><em>locos</em></span> <span class='ocrx_word' id='word_1_873' title='bbox 1808 2876 1842 2894; x_wconf 83' lang='lat' dir='ltr'><em>est</em></span> <span class='ocrx_word' id='word_1_874' title='bbox 1865 2873 1930 2895; x_wconf 83' lang='lat' dir='ltr'><em>Rom.</em></span> <span class='ocrx_word' id='word_1_875' title='bbox 1947 2872 1973 2899; x_wconf 85' lang='lat'><em>8,</em></span> <span class='ocrx_word' id='word_1_876' title='bbox 1991 2871 2071 2898; x_wconf 77' lang='lat'>35-39;</span> 
     </span>
     <span class='ocr_line' id='line_1_113' title="bbox 1231 2915 1484 2943; baseline 0.004 -7"><span class='ocrx_word' id='word_1_877' title='bbox 1231 2915 1310 2937; x_wconf 82' lang='lat' dir='ltr'><em>tertius</em></span> <span class='ocrx_word' id='word_1_878' title='bbox 1327 2916 1383 2943; x_wconf 71' lang='lat' dir='ltr'><em>Epo.</em></span> <span class='ocrx_word' id='word_1_879' title='bbox 1402 2916 1428 2942; x_wconf 83' lang='lat'><em>3,</em></span> <span class='ocrx_word' id='word_1_880' title='bbox 1450 2916 1484 2937; x_wconf 83' lang='lat'><em>¹7.</em></span> 
     </span>
     <span class='ocr_line' id='line_1_114' title="bbox 1294 2950 2075 2981; baseline -0.008 -4"><span class='ocrx_word' id='word_1_881' title='bbox 1294 2953 1312 2965; x_wconf 75' lang='lat'><em>¹⁰</em></span> <span class='ocrx_word' id='word_1_882' title='bbox 1330 2955 1412 2977; x_wconf 82' lang='lat' dir='ltr'><em>Psalm.</em></span> <span class='ocrx_word' id='word_1_883' title='bbox 1429 2955 1472 2981; x_wconf 74' lang='lat'><em>88,</em></span> <span class='ocrx_word' id='word_1_884' title='bbox 1490 2956 1510 2978; x_wconf 75' lang='lat'><em>(5,</em></span> <span class='ocrx_word' id='word_1_885' title='bbox 1528 2967 1559 2970; x_wconf 96' lang='lat'><strong>—</strong></span> <span class='ocrx_word' id='word_1_886' title='bbox 1577 2952 1671 2975; x_wconf 80' lang='lat' dir='ltr'><em>{userius</em></span> <span class='ocrx_word' id='word_1_887' title='bbox 1695 2951 1815 2979; x_wconf 65' lang='lat' dir='ltr'><em>respicitur</em></span> <span class='ocrx_word' id='word_1_888' title='bbox 1841 2951 1863 2973; x_wconf 83' lang='lat' dir='ltr'><em>n.</em></span> <span class='ocrx_word' id='word_1_889' title='bbox 1885 2950 1937 2973; x_wconf 90' lang='lat' dir='ltr'><em>Cor.</em></span> <span class='ocrx_word' id='word_1_890' title='bbox 1958 2951 1995 2977; x_wconf 70' lang='lat' dir='ltr'><em>ie,</em></span> <span class='ocrx_word' id='word_1_891' title='bbox 2014 2950 2035 2971; x_wconf 75' lang='lat'><em>2.</em></span> <span class='ocrx_word' id='word_1_892' title='bbox 2052 2952 2075 2971; x_wconf 75' lang='lat' dir='ltr'><em>et</em></span> 
     </span>
    </p>
   </div>
   <div class='ocr_carea' id='block_1_14' title="bbox 1232 2990 1897 3019">
    <p class='ocr_par' dir='ltr' id='par_1_32' title="bbox 1232 2990 1897 3019">
     <span class='ocr_line' id='line_1_115' title="bbox 1232 2990 1897 3019; baseline -0.003 -5"><span class='ocrx_word' id='word_1_893' title='bbox 1232 2993 1306 3014; x_wconf 70' lang='grc' dir='ltr'><em>Ι11111111.</em></span> <span class='ocrx_word' id='word_1_894' title='bbox 1323 2993 1350 3019; x_wconf 83' lang='lat'><em>7,</em></span> <span class='ocrx_word' id='word_1_895' title='bbox 1369 2993 1405 3015; x_wconf 72' lang='grc'><em>21.</em></span> <span class='ocrx_word' id='word_1_896' title='bbox 1424 2994 1462 3017; x_wconf 79' lang='grc'><strong>(110</strong></span> <span class='ocrx_word' id='word_1_897' title='bbox 1480 2993 1550 3015; x_wconf 81' lang='lat' dir='ltr'><em>domo</em></span> <span class='ocrx_word' id='word_1_898' title='bbox 1568 2991 1685 3013; x_wconf 78' lang='lat' dir='ltr'><em>aedificata</em></span> <span class='ocrx_word' id='word_1_899' title='bbox 1704 2996 1772 3017; x_wconf 84' lang='lat' dir='ltr'><em>supra</em></span> <span class='ocrx_word' id='word_1_900' title='bbox 1791 2990 1897 3017; x_wconf 72' lang='lat' dir='ltr'><em>petram).</em></span> 
     </span>
    </p>
   </div>
  </div>
 </body>
</html>
