2285 3398
432 208 487 236 xvt

431 286 459 309 ad
477 286 531 308 alias
548 286 655 308 veritates
671 285 715 308 sub
732 286 779 308 Deo
796 285 894 308 creditas
905 288 927 307 01
939 285 1027 307 habitas
1047 285 1109 307 Alius
1120 288 1211 307 econtra
1224 291 1275 313 pro-

431 333 534 361 greditur
551 339 562 355 a
580 333 690 355 creaturis
706 332 736 354 ad
747 332 877 355 Creatorem
890 338 931 360 per
943 338 981 354 sex
993 331 1080 360 gradus
1091 332 1189 354 scalares
1201 337 1274 360 usque

431 380 460 402 ad
477 380 617 408 anagogicos
639 386 760 406 excessus;
777 385 816 408 qul
835 380 886 406 licet
902 380 946 402 sint
970 380 1110 402 difficiliores
1124 382 1146 402 et
1163 380 1274 407 rariores,

430 426 499 448 debet
516 430 592 448 tamen
610 426 684 448 omnis
701 426 843 448 Christianus
859 425 889 447 ad
907 426 954 448 illos
965 426 1079 454 aspirare,
1091 426 1201 455 quoniam
1215 428 1275 449 theo-

430 474 489 501 logia
508 473 557 495 talis
574 473 669 500 mystica
687 473 780 501 proprie
797 479 831 495 est
842 472 1048 496 Christianorum...
1065 472 1180 496 Confiteor
1197 474 1274 502 itaque

431 524 452 542 ct
469 526 513 548 ego
530 520 552 542 in
570 520 698 548 insipientia
716 526 791 542 mea...
808 520 870 548 quod
897 526 908 542 a
935 521 1024 548 triginta
1050 521 1116 542 annis
1132 523 1154 542 et
1176 520 1275 548 amplius

430 567 490 590 circa
507 567 569 589 volui
586 566 672 589 habere
689 567 810 589 familiares
827 567 882 589 mihi
900 567 1030 594 praedictos
1047 567 1188 595 tractatulos,
1205 573 1275 595 saepe

430 614 540 642 legendo,
557 620 626 641 saepe
643 614 783 636 ruminando
800 614 869 636 etiam
887 620 959 643 usque
976 614 1005 636 ad
1023 613 1108 641 verba,
1125 615 1211 637 nedum
1227 621 1275 637 sen-

431 661 518 684 tentias.
535 662 561 684 Et
577 668 643 689 ecce,
661 662 703 684 hac
719 664 805 688 aetate,
824 663 866 684 hoc
883 662 929 684 otio
947 662 1009 684 velut
1025 661 1054 684 ad
1071 664 1151 684 votum
1168 662 1205 684 xix
1223 668 1275 690 per-

433 710 485 732 veni
503 709 533 732 ad
549 709 638 732 initium
656 712 738 738 gustus
753 716 834 733 eorum
846 719 868 732 n.

492 757 633 779 Recentioris
650 757 729 779 aetatis
745 758 854 785 egregius
871 758 1003 786 theologus,
1018 764 1088 787 quem
1100 761 1152 780 ante
1169 758 1228 781 duos
1239 765 1276 782 an·

430 810 473 827 nos
489 804 597 826 scientiae
614 805 756 832 theologicae
777 808 881 833 ereptum
899 805 1016 833 dolemus,
1039 805 1076 828 Dr.
1097 806 1177 833 loseph
1196 806 1276 828 301100-

431 851 488 878 ben,
506 851 528 873 in
545 857 587 873 suo
604 851 699 879 egregio
716 850 789 873 libro:
807 850 934 873 llandbuch
951 851 993 873 der
1009 851 1165 874 katholischen
1178 852 1276 880 Dogma-

431 899 463 920 tik
479 897 590 925 Freiburg
607 898 680 925 1873,
693 898 707 920 l.
719 904 773 926 pag.
786 898 844 925 432,
856 898 915 920 inter
932 898 974 920 alia
992 899 1107 927 praeclara
1125 899 1155 922 de
1172 899 1276 923 Brevita-

431 945 486 975 qnio
503 945 558 967 dicit
576 946 631 967 haec
644 944 715 967 verba
728 945 751 967 in
771 945 877 967 Latinum
896 951 976 973 versa,
987 946 1052 974 quod
1064 946 1236 975 Breviloquium
1248 947 1277 970 sit

431 994 529 1022 pretiosa
541 993 656 1022 quaedam
669 993 796 1021 theologica
808 993 986 1021 dactyliotheca,
999 994 1021 1016 in
1033 1000 1079 1023 qua
1092 995 1276 1024 unumquodque

431 1039 529 1062 verbum
547 1038 655 1067 magnam
672 1040 747 1062 solvat
770 1040 941 1068 quaestionem,
966 1044 988 1063 et
1009 1041 1151 1070 theologicae
1168 1042 1275 1064 scientiae

430 1087 530 1109 evolutio
553 1093 579 1109 ex
603 1086 718 1109 altissimis
736 1086 788 1109 ndei
806 1086 925 1115 principiis
942 1086 1079 1110 brevissimo
1096 1091 1118 1110 et
1134 1088 1275 1111 lucidissimo

431 1134 501 1156 modo
526 1133 598 1156 oculis
615 1133 697 1156 mentis
722 1137 880 1162 proponatur;
906 1134 982 1162 ipsum
999 1140 1050 1157 esse
1066 1135 1131 1163 quasi
1150 1136 1230 1158 florem
1253 1138 1275 1158 et

431 1181 553 1203 medullam
573 1181 701 1208 theologiae
718 1180 776 1202 illius
793 1180 879 1203 aetatis.

493 1227 506 1256 g
523 1228 544 1249 2.
562 1227 715 1250 Racensentur
731 1226 841 1250 editiones
851 1225 989 1257 principales
1004 1227 1152 1258 Breviloquii.
1169 1241 1200 1245 —
1217 1229 1275 1251 lnter

431 1273 507 1296 onmia
525 1274 594 1296 nostri
612 1274 711 1296 auctoris
727 1280 797 1302 opera
815 1274 943 1301 theologica
960 1275 1046 1296 nulluni
1064 1279 1110 1301 est,
1127 1276 1191 1304 quod
1207 1276 1230 1298 in
1243 1279 1275 1298 tot

431 1320 550 1343 codicibus
568 1320 634 1343 nobis
650 1321 678 1343 sit
695 1324 857 1343 conservatum
874 1324 952 1350 totque
964 1321 1104 1344 editionibus
1116 1321 1274 1350 divulgatum,

431 1370 488 1396 quot
505 1368 678 1396 Breviloquium
695 1371 717 1390 et
742 1368 884 1390 itinerarium
910 1368 992 1390 mentis
1012 1368 1035 1390 in
1054 1368 1135 1391 Deum.
1150 1381 1182 1385 —
1198 1370 1275 1392 Primo

431 1421 579 1437 recensemus
601 1415 649 1437 illas
672 1415 795 1441 editiones,
813 1421 872 1443 quae
897 1415 1013 1437 continent
1030 1416 1066 1437 vel
1084 1415 1157 1438 solum
1175 1416 1275 1439 Brevilo-

431 1461 524 1490 quium,
547 1461 583 1483 vel
600 1461 669 1483 etiam
685 1461 792 1484 adiuncto
809 1462 879 1483 altero
896 1462 1017 1489 opusculo.

498 1508 516 1531 1.
527 1508 647 1537 Antiquior
657 1508 761 1530 omnIum
774 1508 866 1530 videtur
877 1514 927 1530 esse
939 1508 1008 1530 editio
1020 1507 1194 1538 Nurimberqae
1210 1509 1275 1539 1472,

431 1557 497 1579 citata
514 1562 526 1578 a
544 1556 629 1578 Bonelli
646 1556 776 1584 (Prodrom.
793 1557 836 1578 col.
853 1556 897 1578 358
915 1555 959 1578 sub
976 1563 999 1578 n.
1017 1557 1063 1586 39.)
1081 1560 1103 1579 01
1119 1557 1233 1586 descripta
1246 1557 1275 1580 ab

432 1604 488 1626 Hain
508 1604 636 1632 (Repertor.
654 1603 808 1632 bibliograph.
826 1604 841 1626 1.
858 1610 879 1626 n.
898 1603 989 1631 3472),
1007 1604 1047 1633 qui
1060 1605 1133 1633 ipsam
1151 1605 1230 1627 tribuit
1242 1608 1276 1634 ty—

433 1653 553 1680 pographo
571 1651 647 1674 loanni
666 1651 850 1674 Sensenschmid.
863 1651 963 1674 Eandem
975 1651 1034 1674 vidit
1045 1652 1068 1674 P.
1080 1652 1163 1675 Fidelis
1175 1658 1187 1674 a
1199 1653 1275 1675 Fanna

432 1699 454 1720 in
472 1698 609 1721 bibliotheca
627 1698 724 1720 civitatis
740 1699 837 1721 Goerlitz
855 1698 886 1727 (in
905 1698 983 1720 silesia
1000 1699 1143 1727 Borussica)‚
1160 1700 1276 1728 compagi·

433 1748 508 1766 natum
522 1751 574 1767 cum
587 1745 690 1773 quodam
702 1744 755 1767 cod.
768 1750 870 1767 manusC.
881 1745 939 1773 sign.
952 1745 978 1767 Α.
990 1746 1014 1767 B.
1026 1745 1063 1767 54.
1074 1757 1105 1762 ·--
1118 1746 1237 1768 variantes
1248 1746 1276 1768 le-

433 1793 518 1815 ctiones
535 1799 561 1814 ex
579 1793 627 1820 ipsa
645 1792 784 1820 colligendas
801 1792 890 1815 curavit
902 1794 982 1815 limus
998 1793 1022 1815 D.
1036 1793 1122 1820 llefele,
1134 1799 1193 1815 nunc
1205 1793 1276 1821 episc.

433 1840 650 1868 Rottcnburgcnsis,
667 1839 763 1868 quasin
786 1845 827 1861 sua
852 1840 906 1862 edit.
931 1840 994 1861 tertia
1020 1839 1165 1868 Brevitoquii,
1190 1839 1276 1862 Tubin-

435 1893 478 1914 gac
498 1887 563 1913 1861,
580 1886 706 1908 annotavit.

497 1936 517 1956 2.
536 1934 607 1955 Editio
625 1934 673 1955 sine
689 1939 748 1955 anno
766 1935 787 1955 et
804 1933 867 1960 loco,
878 1939 948 1961 quam
961 1932 1084 1955 habuimus
1100 1932 1199 1961 benigne
1215 1940 1275 1956 coni·

434 1981 550 2003 modatam
569 1987 581 2002 a
599 1979 757 2008 superioribus
773 1979 905 2002 Conventus
922 1979 943 2001 S.
962 1980 1095 2002 Ilernardini
1117 1980 1226 2002 Tridenti.
1252 1981 1274 2003 ln

435 2029 479 2050 tine
491 2028 594 2050 eiusdem
607 2028 630 2050 P.
643 2028 658 2050 1.
674 2027 791 2054 Chrysost.
809 2027 865 2049 Avol
882 2027 919 2049 die
935 2027 957 2049 6.
974 2027 1024 2049 Maii
1044 2027 1103 2050 1773
1120 2028 1205 2055 scripto
1223 2031 1275 2050 atte-

435 2078 519 2102 statur,
536 2081 587 2097 eam
605 2081 655 2097 esse
672 2075 808 2102 impressam
826 2074 942 2102 Augustae
962 2074 1133 2097 vindelicorum
1151 2081 1193 2103 per
1210 2076 1276 2098 Anto-

435 2124 499 2146 nium
517 2124 583 2151 Sorg.
592 2122 708 2145 Consentit
718 2121 786 2144 etiam
799 2121 856 2143 llain
869 2120 933 2150 (ibid.
945 2128 967 2143 n.
980 2121 1067 2151 3470.).
1080 2122 1125 2144 Sed
1137 2122 1198 2145 idem
1211 2123 1275 2145 Pater

436 2170 458 2192 in
476 2170 513 2192 fol.
530 2169 681 2197 praecedente
702 2168 790 2190 initium
807 2168 911 2196 opusculi
928 2168 996 2190 etiam
1014 2174 1100 2191 annum
1117 2169 1276 2197 impressionis

437 2217 531 2244 indicat,
548 2216 597 2238 scil.
613 2222 649 2238 an.
668 2215 735 2237 1475.
753 2215 873 2237 111νο11111111
890 2217 924 2237 051
940 2215 1000 2238 enim
1014 2215 1036 2237 in
1049 2215 1184 2239 bibliotheca
1198 2223 1275 2239 mona-

436 2263 498 2286 sterii
514 2262 641 2285 Griescnsis
662 2262 723 2290 apud
741 2262 863 2284 Bulsanum
882 2261 955 2290 (quod
972 2265 1025 2285 tunc
1041 2265 1090 2285 erat
1106 2262 1275 2286 Canonicorum

437 2311 584 2339 Regularium
603 2309 797 2338 lateranensium)
815 2310 936 2338 volumen,
954 2311 1016 2338 quod
1029 2311 1105 2338 primo
1116 2312 1165 2334 loeo
1177 2311 1277 2334 habebat

436 2358 622 2387 Breviloquium,
639 2356 723 2379 deinde
739 2356 781 2378 tria
799 2357 909 2384 opuscula
922 2357 945 2379 S.
956 2357 1066 2380 Bernardi
1079 2361 1100 2380 et
1114 2367 1125 2378 α
1138 2358 1222 2381 librum
1234 2359 1276 2381 Au-

438 2405 534 2433 gustini,
551 2405 591 2433 qui
612 2407 708 2426 vocatur
732 2403 902 2432 Quinquaginta
915 2412 936 2431 n,
953 2404 992 2432 qui
1009 2404 1033 2426 in
1050 2404 1095 2427 flne
1111 2405 1199 2428 eisdem
1217 2406 1277 2434 typis

438 2451 537 2474 habebat
553 2453 609 2474 haec
627 2450 697 2473 verba
714 2451 842 2478 impressa:
862 2459 873 2470 ιι
885 2450 950 2472 Α11110
968 2451 1009 2473 Dni
1029 2451 1215 2475 MCCCCLXXV.
1236 2452 1277 2475 cir-

438 2499 493 2521 citer
518 2499 568 2521 Kal.
592 2497 709 2520 Februarii
734 2497 860 2525 impressus
876 2500 910 2519 est
926 2497 983 2520 liber
998 2498 1040 2520 iste
1057 2498 1086 2521 ad
1104 2500 1214 2522 honorem
1236 2499 1278 2522 Dei

438 2551 479 2572 per
496 2545 634 2567 Anthonium
653 2545 711 2572 Sorg
728 2544 750 2566 in
767 2544 869 2571 Augusta
882 2552 902 2565 n.
921 2544 1001 2568 Sextus
1017 2545 1140 2567 voluminis
1156 2545 1213 2567 liber
1229 2548 1278 2567 erat

441 2600 452 2611 α
465 2592 584 2614 Tractatus
602 2591 703 2619 magistri
721 2591 809 2614 loannis
826 2590 855 2613 de
873 2591 947 2613 Turre
964 2591 1069 2614 Cremata
1085 2591 1139 2614 Ord.
1157 2591 1237 2614 Praed.
1248 2591 1278 2614 de

439 2638 537 2660 efficacia
555 2644 628 2667 aquae
640 2638 785 2665 benedictae,
802 2640 906 2665 tempore
917 2637 1011 2661 Concilii
1023 2638 1155 2660 Basileensis
1172 2638 1278 2666 compila-

440 2689 475 2706 tus
488 2693 509 2706 n.
527 2696 557 2701 —
575 2685 619 2707 Sed
637 2685 677 2707 ista
694 2691 732 2707 sex
749 2685 859 2712 opuscula
877 2684 964 2707 eisdem
982 2685 1077 2707 omnino
1095 2685 1155 2713 typis
1170 2688 1277 2712 expressa

440 2734 461 2752 et
479 2731 498 2752 in
517 2738 587 2753 unum
605 2732 714 2754 volumen
731 2732 823 2754 collecta
840 2733 992 2759 eran13unde
1004 2732 1110 2755 concludi
1122 2733 1203 2759 potest,
1214 2730 1277 2758 quod

444 2777 507 2799 3tiam
525 2778 558 2799 illa
576 2778 715 2807 Breviloquii
731 2778 800 2800 editio
816 2785 877 2801 anno
896 2779 955 2802 1475
972 2778 1088 2807 prodierit.
1099 2790 1129 2794 —
1141 2778 1170 2799 Ex
1183 2777 1231 2805 ipsa
1248 2777 1278 2798 le-

444 2828 526 2845 ,1101105
538 2824 653 2847 variantes
669 2825 775 2847 collectae
791 2828 844 2847 sunt
860 2825 881 2848 in
899 2826 935 2847 cit.
947 2825 1000 2848 edit.
1013 2824 1153 2852 Tubingensi
1169 2826 1191 2846 et
1201 2823 1277 2845 denuo

442 2871 464 2891 in
477 2873 561 2892 nostra.

504 2916 526 2938 3.
543 2916 608 2943 110111,
624 2917 789 2946 Arqentoratc',
807 2924 847 2946 per
864 2919 985 2944 ilenricum
1003 2918 1144 2945 Eggesteyn,
1159 2917 1207 2939 sine
1218 2923 1278 2939 anno

443 2963 506 2992 (vide
522 2963 577 2985 llaIn
596 2970 618 2985 n.
630 2963 716 2992 3469.)
730 2964 800 2986 Etiam
818 2965 873 2987 hacc
891 2965 912 2986 in
930 2965 966 2986 cit.
984 2964 1083 2985 editione
1100 2963 1200 2992 Tubing.
1217 2963 1278 2986 adhi-

443 3010 487 3033 bita
505 3013 546 3033 est.

1128 206 1367 236 PROLEGOMENA
1388 206 1416 234 C.
1438 207 1477 235 111.

1395 284 1416 306 4.
1433 285 1605 313 Breviloquium
1623 284 1690 307 simul
1708 290 1761 307 eum
1779 283 1850 306 Biblia
1872 289 2001 312 pauperum
2020 283 2086 311 (falso
2103 282 2174 305 Bona-

1331 334 1441 353 venturae
1458 331 1564 359 tributa),
1586 331 1697 359 Venetia,
1711 331 1820 359 impensis
1836 331 1897 353 10311.
1914 330 1943 353 (10
1959 330 2053 353 Colonia
2070 330 2173 359 sociique

1331 378 1380 400 eins
1391 379 1452 400 loan.
1467 387 1477 397 ιι
1491 379 1597 400 mantheu
1615 378 1644 400 de
1655 379 1802 401 Gherretzem
1815 388 1825 398 n
1835 396 1839 406 ,
1851 384 1912 400 anno
1925 378 2014 400 Domini
2028 377 2088 400 1477
2101 377 2172 406 (apud

1331 425 1388 447 l-lain
1405 431 1428 447 n.
1445 425 1533 453 3473.).
1550 425 1624 447 Exstat
1635 425 1658 447 in
1671 424 1807 448 bibliotheca
1824 425 1966 448 Communali
1985 424 2077 453 Niceae,
2094 425 2118 447 in
2134 425 2174 447 Na-

1331 472 1408 495 tionali
1426 472 1531 500 Neapoli,
1549 472 1570 494 in
1588 473 1659 500 Regia
1677 473 1795 495 Monachii.
1813 473 1862 500 lpsa
1880 471 1981 494 adhibita
1999 472 2067 495 estin
2079 471 2116 494 cit.
2127 471 2173 494 edi-

1331 520 1392 543 tione
1408 519 1559 548 Tubingensi.

1394 568 1415 590 5.
1433 569 1501 595 110111,
1518 567 1684 597 Ανρκηίοναιῖ,
1701 574 1743 596 per
1759 568 1879 590 Martinum
1897 567 1976 595 Flach‚
1994 573 2031 589 an.
2050 566 2124 594 1479,
2136 567 2173 589 ad-

1332 614 1401 638 hibita
1419 615 1441 637 in
1458 614 1539 637 eadem
1557 614 1664 637 editione.

1394 663 1416 684 6.
1433 662 1456 684 7.
1473 662 1507 684 Ab
1524 662 1607 684 eodem
1625 662 1681 684 llain
1698 662 1809 684 editiones
1824 661 1880 684 aliae
1891 661 1951 683 duae
1962 660 2121 687 nominantur,
2133 660 2172 683 sed

1332 716 1376 732 non
1394 708 1556 732 describuntur
1569 708 1601 736 (n.
1613 708 1682 731 3471.
1694 712 1716 731 et
1727 708 1818 737 3474.),
1835 715 1933 737 quarum
1951 715 1995 731 una
2008 707 2173 736 Nurimbergae

1332 757 1380 779 51110
1397 763 1470 783 anno,
1482 756 1550 778 altera
1562 762 1598 778 an.
1617 756 1676 777 1199
1694 755 1743 777 51110
1760 755 1823 783 1000;
1841 755 1870 778 de
1886 755 1972 784 quibus
1988 761 2031 778 nee
2048 761 2090 778 nos
2109 755 2174 784 quid-

1332 810 1403 833 quam
1420 809 1522 826 asserere
1539 809 1671 831 possumus.

1395 852 1418 873 8.
1434 850 1607 879 Breviloquium
1625 850 1692 872 simul
1709 856 1762 872 cum
1780 849 1894 872 ltinerario
1911 850 1993 873 mentis
2011 850 2031 872 in
2049 850 2122 872 Deum
2135 850 2174 872 im-

1332 905 1438 928 pressum
1448 897 1542 922 Patavii
1550 898 1558 919 l
1565 897 1617 920 562,
1628 897 1650 919 111
1660 896 1811 925 sequentibus
1822 897 1917 920 saeculis
1927 897 2103 926 prodiitpluries
2112 897 2172 920 alibi.

1395 947 1454 969 lnter
1470 948 1587 974 separatas
1604 944 1742 973 Breviloquii
1759 944 1871 967 editiones
1887 945 2052 968 recentioribus
2067 945 2174 973 tempori-

1333 994 1377 1017 bus
1394 995 1463 1016 factas
1480 993 1540 1015 duae
1556 991 1680 1020 specialem
1697 991 1834 1013 memoriam
1852 994 1976 1014 merentur.

1394 1040 1417 1062 9.
1435 1039 1507 1061 Editio
1520 1039 1558 1061 Dr.
1569 1037 1643 1061 Caroli
1659 1038 1748 1066 losephi
1765 1038 1853 1065 Hefele,
1869 1038 1939 1066 episc.
1956 1038 2174 1067 Rottenburgensis,

1332 1086 1467 1114 praesertim
1483 1084 1565 1113 tercia,
1582 1091 1642 1114 quae
1658 1087 1692 1107 est
1709 1085 1855 1113 locupletior,
1872 1091 1925 1107 011111
1942 1085 1962 1108 01
1979 1085 2084 1108 additum
2102 1086 2131 1108 sit
2142 1086 2175 1108 lti-

1332 1133 1447 1156 nerarium
1465 1132 1547 1155 mentis
1563 1132 1585 1154 in
1603 1132 1690 1159 Deum,
1706 1135 1729 1155 et
1745 1132 1901 1160 emendation
1920 1133 1975 1155 11300
1992 1133 2077 1161 prodiit
2089 1131 2174 1155 Tubin-

1332 1185 1375 1207 gae
1394 1179 1461 1201 1861.
1485 1180 1508 1201 111
1533 1179 1673 1207 praefatione
1690 1181 1742 1207 post
1758 1178 1854 1201 brevem
1872 1179 1941 1201 vitam
1959 1180 1982 1201 S.
1999 1179 2174 1201 Bonaventurae

1332 1227 1427 1256 eiusque
1444 1226 1517 1254 elogia
1535 1227 1615 1249 R.mus
1635 1226 1759 1254 episcopus
1775 1227 1804 1248 ita
1823 1227 1983 1255 prosequitur:
2004 1236 2015 1246 ιι
2027 1226 2135 1249 Ceterum
2152 1228 2174 1249 et

1331 1275 1354 1297 in
1371 1275 1517 1303 Breviloquio
1533 1277 1556 1296 et
1572 1274 1595 1296 in
1612 1274 1727 1297 itinerario
1744 1275 1872 1296 Romanam
1888 1274 2012 1297 editionem
2029 1274 2083 1296 anni
2101 1274 2174 1301 1596,

1332 1323 1362 1345 ad
1378 1322 1444 1345 cuius
1460 1328 1567 1344 normam
1592 1328 1673 1344 omnes
1694 1322 1870 1349 praestantiores
1887 1324 1939 1344 sunt
1955 1322 2072 1349 exaratae,
2089 1322 2173 1349 secuti,

1332 1369 1409 1391 multis
1433 1374 1484 1391 eam
1510 1369 1564 1391 locis
1589 1368 1778 1394 emendavimus.
1796 1368 1894 1390 indicem
1911 1371 1933 1390 et
1949 1371 2015 1390 notas
2034 1368 2173 1397 adiecimus,

1332 1416 1394 1438 locos
1411 1422 1429 1438 s.
1446 1415 1577 1443 Scripturae
1602 1417 1624 1437 et
1648 1414 1740 1437 Patrum
1757 1419 1769 1436 a
1787 1415 1810 1436 S.
1827 1414 1985 1437 Bonaventura
2011 1415 2115 1437 laudatos
2139 1420 2175 1437 ac-

1331 1463 1433 1485 curatius
1450 1462 1615 1489 indicavimus,
1632 1465 1654 1484 et
1670 1462 1753 1484 reiecta
1771 1462 1843 1484 veteri
1857 1461 2025 1490 interpunction
2045 1461 2122 1490 inepta
2139 1462 2175 1484 fal·

1332 1517 1415 1539 saque,
1436 1509 1539 1532 membra
1564 1510 1673 1532 orationis
1690 1510 1719 1531 ita
1737 1509 1892 1536 distinximus,
1909 1512 1934 1532 ut
1950 1515 2031 1531 sensus
2048 1515 2075 1531 eo
2092 1509 2174 1532 clarior

1332 1560 1487 1585 appareret».
1503 1569 1534 1573 -
1552 1557 1659 1585 Sequitur
1676 1555 1706 1578 ibi
1724 1556 1833 1579 elenchus
1849 1556 1956 1579 codicum
1969 1556 2139 1579 lllonacensium
2150 1559 2173 1579 et

1331 1604 1477 1633 quarundam
1495 1603 1633 1630 editionum,
1645 1609 1716 1632 qnos,
1728 1607 1822 1631 rogatus
1832 1603 1862 1626 ab
1873 1603 1972 1631 editore,
1984 1602 2067 1626 Custos
2078 1606 2100 1626 et
2111 1604 2174 1626 Prae-

1333 1652 1403 1673 fectus
1421 1650 1571 1672 bibliothecae
1596 1650 1737 1673 Monacensis
1761 1649 1892 1678 Krabinger
1916 1655 1969 1672 cum
1992 1650 2092 1672 editione
2115 1649 2174 1672 Vati-

1332 1704 1387 1720 cana
1405 1698 1542 1724 contulerat,
1559 1703 1659 1726 quorum
1677 1698 1814 1726 principales
1830 1697 1936 1720 lectiones
1952 1697 2067 1720 variantes
2084 1696 2113 1719 ab
2129 1697 2174 1720 edi-

1333 1747 1381 1767 tore
1393 1745 1415 1766 in
1425 1744 1484 1766 notis
1496 1743 1607 1766 indicatae
1618 1746 1677 1766 sunt.
1689 1756 1720 1760 —
1732 1745 1761 1767 Ex
1774 1745 1817 1767 hoc
1826 1745 1920 1766 elencho
1933 1746 2001 1773 patet,
2013 1750 2097 1767 novem
2114 1744 2174 1767 codi-

1333 1798 1370 1814 ces
1387 1795 1409 1814 et
1426 1792 1529 1820 quinque
1550 1792 1655 1820 antiquas
1671 1792 1783 1815 editiones
1801 1792 1911 1821 (quarum
1934 1792 2055 1813 nonnullae
2077 1790 2107 1813 ab
2123 1791 2174 1819 1050

1332 1839 1420 1861 editore
1441 1839 1530 1861 revisae
1546 1839 1625 1867 erant)
1648 1839 1676 1861 ad
1700 1839 1765 1861 istam
1785 1839 1906 1862 editionem
1929 1838 2044 1861 adhibitos
2065 1845 2126 1867 esse,
2149 1842 2173 1861 ut

1332 1886 1375 1908 loci
1392 1886 1495 1908 mendosi
1512 1886 1690 1913 corrigerentur.
1712 1886 1734 1908 ln
1752 1886 1805 1908 locis
1822 1892 1867 1908 non
1884 1886 1977 1914 proprie
1995 1886 2083 1908 vitiosis
2099 1886 2172 1909 editor

1332 1935 1416 1955 textum
1430 1932 1551 1955 Vaticanae
1567 1933 1665 1955 retinere
1681 1933 1748 1961 solet,
1761 1933 1811 1955 licet
1825 1933 1911 1961 antiqui
1928 1933 2020 1955 codices
2031 1939 2084 1955 cum
2098 1933 2173 1955 multis

1331 1979 1470 2002 editionibus
1481 1979 1548 2001 aliam
1561 1979 1681 2002 exhibeant
1692 1980 1810 2002 lectionem
1823 1979 1913 2006 bonam,
1922 1980 1958 2002 vel
1968 1980 2036 2002 etiam
2046 1980 2174 2002 meliorem.

1399 2027 1432 2049 10.
1449 2027 1522 2049 Altera
1540 2027 1610 2049 editio
1623 2027 1707 2055 prodiit
1724 2027 1791 2049 novis
1808 2027 1868 2049 curis
1879 2027 1902 2049 1).
1914 2027 2004 2049 Antonii
2018 2027 2100 2050 Mariae
2112 2033 2124 2049 a
2137 2027 2173 2050 Vi-

1332 2074 1396 2101 cetia,
1413 2075 1512 2096 Reform.
1530 2074 1663 2096 Provinciae
1680 2074 1780 2097 Venetae
1802 2074 1900 2102 theologi
1922 2073 1945 2096 b.
1962 2081 2007 2101 m.,
2030 2075 2105 2103 primo
2122 2075 2173 2103 qui-

1332 2121 1384 2143 dem
1404 2121 1504 2143 Venetiis
1521 2127 1546 2143 ex
1559 2121 1711 2149 typographia
1724 2121 1845 2144 Aemiliana
1867 2120 1936 2147 1874,
1948 2121 2032 2143 deinde
2049 2122 2117 2144 altera
2130 2121 2173 2144 Fri-

1332 2168 1401 2196 burgi
1419 2168 1522 2197 (Badeo),
1533 2168 1597 2196 apud
1608 2169 1703 2196 Ilerder,
1715 2169 1783 2191 1881.
1794 2169 1877 2191 Auctor
1890 2168 1957 2190 huius
1973 2168 2077 2191 editionis
2089 2168 2173 2191 nitidae

1332 2218 1354 2237 et
1364 2218 1465 2237 correcte
1482 2215 1607 2243 impressae
1619 2216 1689 2238 multo
1701 2215 1777 2238 studio
1787 2218 1809 2237 et
1819 2214 1896 2237 labore
1907 2221 1933 2237 ex
1945 2215 2053 2238 omnibus
2064 2215 2173 2244 operibus

1332 2262 1446 2290 seraphici
1458 2262 1561 2284 Doctoris
1572 2262 1663 2289 collegit
1675 2262 1832 2285 illustrationes
1842 2261 1871 2283 ad
1884 2261 1982 2284 verbum
1995 2262 2141 2290 transcriptas
2151 2265 2173 2284 et

1332 2315 1376 2331 non
1394 2315 1445 2331 raro
1469 2309 1535 2331 valde
1551 2309 1657 2337 diffusas,
1679 2312 1701 2332 et
1717 2309 1805 2332 addidit
1826 2309 1847 2330 in
1864 2309 1953 2336 singula
1976 2310 2050 2338 capita
2071 2309 2171 2339 tabulas,

1333 2356 1385 2377 11111(-
1403 2355 1454 2377 inde
1470 2356 1538 2377 etiam
1556 2356 1697 2382 appendices
1713 2358 1734 2378 et
1751 2356 1773 2378 in
1797 2355 1841 2377 nne
1862 2355 1960 2378 indicem
1983 2362 2060 2378 rerum
2083 2356 2171 2379 notabi-

1332 2403 1397 2425 lium,
1413 2403 1549 2429 Plerumque
1566 2405 1651 2424 textum
1668 2401 1758 2424 exhibet
1779 2402 1883 2424 editionis
1905 2403 1983 2425 tertiae
2006 2403 2171 2431 Tubingensis;

1333 2452 1407 2471 tamen
1425 2449 1474 2476 ipse
1491 2455 1517 2470 ex
1535 2452 1624 2471 vetusta
1641 2449 1740 2472 editione
1755 2449 1893 2478 Breviloquii
1910 2456 1947 2472 an.
1966 2450 2025 2473 1484
2048 2450 2106 2479 (sine
2122 2451 2171 2473 loco

1332 2495 1497 2523 impressionis)
1515 2495 1591 2518 varias
1608 2496 1714 2518 lectiones
1730 2496 1848 2524 diligenter
1870 2497 1960 2525 collegit
1979 2500 2002 2520 et
2022 2504 2068 2520 non
2085 2500 2171 2520 tantum

1333 2542 1354 2564 in
1371 2542 1429 2564 notis
1446 2541 1567 2569 indicavit,
1589 2542 1629 2564 sed
1647 2543 1728 2569 etiam,
1750 2543 1877 2565 auctoritati
1900 2544 1967 2566 huius
1989 2544 2095 2567 editionis
2116 2544 2172 2566 inni-

1332 2595 1384 2616 xus,
1403 2591 1487 2610 textum
1504 2589 1591 2616 pluries
1606 2590 1751 2617 reformavit,
1767 2590 1887 2618 aliquoties
1902 2590 1996 2619 quidem
2020 2592 2124 2619 feliciter,
2141 2591 2170 2614 ita

1333 2640 1357 2659 ut
1378 2637 1514 2659 xetustiores
1536 2637 1627 2660 codices
1649 2638 1800 2665 consentiant,
1823 2638 1864 2660 sed
1884 2638 1981 2665 pluries,
2004 2638 2172 2667 refragantibus

1332 2684 1440 2706 omnibus
1456 2683 1575 2706 codicibus
1597 2688 1619 2707 et
1635 2684 1802 2714 antiquioribus
1823 2684 1974 2712 editionibus,
1996 2689 2020 2707 ut
2041 2691 2067 2708 ex
2088 2685 2172 2708 nostris

1332 2732 1392 2754 notis
1407 2731 1525 2754 observari
1543 2735 1625 2760 potest.
1636 2733 1671 2755 llia
1688 2732 1746 2754 enim
1759 2731 1827 2754 editio
1844 2732 1897 2754 anni
1910 2732 1969 2755 1484
1981 2735 2015 2755 051
2026 2733 2120 2761 quidem
2133 2733 2172 2754 im-

1333 2784 1411 2806 pressa
1429 2778 1560 2806 diligentius
1571 2782 1593 2801 et
1604 2779 1727 2801 correctius
1737 2784 1807 2806 quarn
1824 2778 1894 2800 editio
1906 2779 1956 2801 anni
1973 2779 2041 2806 1475,
2053 2785 2112 2808 (11130
2124 2785 2172 2801 sca-

1334 2828 1364 2848 tet
1385 2825 1507 2848 erroribus
1524 2826 1708 2853 typographicis;
1724 2827 1823 2846 attamen
1845 2825 1923 2853 quoad
1941 2826 2016 2853 ipsum
2034 2828 2118 2848 textum
2136 2826 2170 2848 illa

1334 2873 1405 2895 multo
1422 2872 1513 2900 longius
1528 2878 1598 2901 quam
1622 2873 1677 2894 haee
1694 2871 1760 2893 distat
1777 2877 1788 2892 a
1806 2872 1923 2893 communi
1946 2872 2040 2894 lectione
2065 2872 2170 2894 codicum

1334 2925 1394 2941 saec.
1411 2919 1466 2941 Xlll.

1400 2966 1433 2987 tl.
1452 2965 1531 2987 Ultima
1544 2965 1613 2986 editio
1631 2964 1712 2987 nostris
1729 2965 1789 2986 curis
1806 2970 1859 2986 cuni
1877 2967 1936 2987 textu
1953 2966 2075 2987 reformato
2087 2965 2171 2992 prodiit

1336 3011 1356 3033 in
1380 3012 1415 3033 8.0
1438 3011 1466 3032 ad
1483 3010 1559 3033 Claras
1577 3012 1653 3039 Aquas
1679 3010 1746 3037 1890,
1764 3016 1824 3038 quae
1840 3011 1939 3033 continet
1962 3014 2051 3038 praeter
2071 3010 2171 3032 Brevilo-
