2285 3398
827 184 1065 213 PROLEGOMENA
1086 184 1113 212 C.
1138 184 1177 213 lli.

193 264 231 286 77.
249 262 348 291 Ibidem,
360 263 414 286 cod.
429 269 490 286 saec.
501 263 552 286 XV.
565 262 700 291 inscriptus:
714 262 756 286 Isti
764 263 821 286 sunt
835 261 901 289 libri,
914 268 972 291 quos
996 284 998 286 ,

129 316 173 340 epo
186 309 326 339 Amplonius
338 307 444 339 Ratynelc
454 309 482 332 de
493 307 572 332 Berka
583 308 655 331 habeo
665 317 673 337 ‚·
690 308 734 331 sub
751 315 773 330 n.
791 309 843 330 133,
856 310 973 330 recenset:

133 355 242 380 volumen
253 355 353 384 bonum,
365 355 406 378 sed
413 361 532 385 parvum,
551 355 575 378 in
587 361 634 384 quo
645 357 701 378 sunt
712 353 889 384 Breviloquium
902 354 974 376 liona-

133 403 229 426 venture
240 403 343 431 quatuor
354 401 473 425 sententiis
484 401 670 430 correspondens
681 404 725 424 etc.

193 448 232 470 78.
249 447 371 477 Erlanyen
394 448 416 470 in
442 448 550 476 navaria,
573 447 710 470 bibliotheca
732 447 901 474 Universitatis,
923 447 975 469 cod.

132 496 203 517 chart.
220 494 242 516 in
261 495 298 516 [οΙ.
314 496 420 517 exaratus
436 500 496 516 anno
515 494 583 516 1157.
599 507 630 511 --
647 493 692 516 roi.
709 495 763 516 299.
780 494 876 521 legitur:
897 493 975 523 Sequi-

132 542 172 564 tur
189 540 367 570 Breoiloquium
382 541 554 564 Btmaventure.
572 540 657 563 Desinit
674 541 710 562 tol.
727 541 806 563 ultimo
822 541 908 563 codicis
928 547 975 563 vor-

133 588 183 611 bis:
202 587 230 611 Et
248 587 282 611 sic
299 589 334 610 est
354 587 408 618 finis
430 586 575 617 Breviloquii
593 588 758 610 Bonaventure
773 587 912 610 rma-rabilis
925 593 975 610 ma-

131 634 208 664 yistri.

194 681 231 703 79.
250 681 395 709 Florentiae,
422 680 558 703 bibliotheca
581 681 853 708 lllediceo-Lnurentiana,
869 681 922 704 cod.
939 682 976 703 26.

133 728 195 756 (011111
213 727 345 750 Conventus
362 729 397 750 Ss.
409 728 560 750 Annuntiatae
578 728 657 756 1315.)
676 728 774 751 membr.
786 729 808 750 in
821 729 841 750 8.
853 734 913 751 saec.
927 729 975 750 XV.

132 773 191 796 circa
210 773 321 795 medium.
338 785 369 790 —
386 774 466 801 Incipit
484 774 520 795 [01.
538 774 558 795 1.
575 779 594 796 r.
611 774 656 796 col.
674 774 695 796 1.
712 776 734 796 et
750 774 833 796 desinit
850 774 885 795 [01.
904 774 941 795 81.
958 779 976 795 Γ.

134 820 177 842 col.
194 820 215 841 2.
233 821 256 841 ut
274 819 296 841 in
313 819 388 841 editis.

197 866 233 887 80.
250 864 350 892 Ibidem,
366 866 418 888 cod.
434 865 544 893 Leopold.
560 865 633 889 CVlll.
650 865 749 888 membr.
760 866 782 888 in
795 866 832 888 t'ol.
849 871 908 887 saec.
926 864 977 886 XV.

131 924 163 930 —-
179 912 268 934 Titulus
284 914 318 934 est
336 913 372 934 [01.
390 912 444 934 112.
460 918 479 934 Γ.
495 913 539 935 col.
559 913 581 934 1.
598 918 639 940 per
655 912 743 935 verba:
768 911 852 941 Incipit
873 910 976 934 Brerilo-

133 958 215 988 quium
229 959 253 981 in
264 964 336 981 sacra
352 958 486 988 scriptura,
505 958 563 981 liber
578 958 691 988 mayistri
701 959 764 982 Bone
777 958 879 988 fortune.
891 957 978 979 Desinit

134 1005 169 1027 tol.
190 1005 241 1027 159.
259 1005 302 1027 col.
323 1005 344 1027 1.
357 1007 381 1027 ut
398 1005 420 1027 in
433 1005 506 1027 editis.
519 1005 575 1027 Dein
588 1005 752 1032 grandioribus
763 1004 857 1027 litteris:
872 1003 977 1033 Explicit

132 1051 310 1081 Breriloqnium
322 1051 345 1074 in
357 1057 427 1075 sacra
439 1051 569 1081 scriptura.

195 1099 233 1120 81.
250 1097 366 1127 Friburyi
387 1099 409 1120 in
426 1099 541 1127 Helvetia,
558 1097 695 1120 bibliotheca
712 1098 827 1125 Civitatis,
844 1097 896 1119 cod.
913 1097 935 1119 3.
952 1098 977 1119 L.

132 1143 232 1166 membr.
249 1144 270 1166 in
289 1145 326 1166 tol.
342 1151 401 1167 saec.
419 1145 479 1167 XlV.
489 1156 520 1161 —
531 1144 704 1173 Breviloquium
720 1148 754 1167 est
765 1145 870 1167 mutilum
882 1144 905 1166 in
917 1143 977 1171 prin-

133 1191 208 1220 cipi0;
227 1191 305 1218 incipit
322 1191 382 1213 enim
402 1192 438 1213 [01.
456 1191 493 1213 57.
509 1197 540 1213 r.:
558 1191 591 1213 De
606 1192 756 1213 sacramento
773 1190 914 1213 eucharistie
934 1190 977 1213 hoc

132 1237 256 1260 tenendam
275 1239 318 1259 etc.
336 1237 436 1259 Desinit:
453 1236 617 1259 ardentissime
634 1236 822 1265 transferantur.
840 1236 950 1266 Explicit.

196 1284 239 1312 82.
260 1283 353 1306 Gedani
373 1283 478 1311 (During)
505 1283 525 1305 in
551 1282 670 1309 Borussia,
698 1281 836 1305 bibliotheca
864 1283 977 1305 Ecclesiae

133 1331 156 1353 S.
175 1330 268 1355 Mariae,
285 1330 354 1352 scrin.
378 1330 416 1352 70.
439 1330 490 1353 cod.
508 1330 530 1352 2.
547 1328 644 1352 membr.
662 1329 684 1351 in
703 1330 724 1352 8.
741 1335 802 1352 saec.
821 1329 881 1352 XlV.
898 1341 929 1346 —
946 1331 977 1352 ln-

133 1376 189 1404 cipit
205 1376 258 1398 tolio
277 1376 298 1398 1.
317 1382 336 1398 Γ.
353 1376 402 1398 sine
418 1376 483 1397 titulo
500 1377 522 1397 et
537 1374 620 1397 desinit
636 1375 674 1397 [οΙ.
696 1374 734 1397 51.
751 1381 769 1396 Γ.
786 1378 811 1397 ut
827 1375 890 1397 editi.
907 1375 977 1397 Addi-

133 1425 184 1445 tur:
203 1422 308 1451 Explicit
317 1421 495 1451 Brerz'loquium
504 1421 619 1451 pauperis
630 1420 732 1444 hominis
745 1421 769 1444 in
780 1421 909 1451 scriptio-a.

197 1470 233 1491 83.
251 1469 357 1492 Genevae
374 1469 395 1491 in
413 1468 526 1496 Helvetia,
538 1467 676 1490 bibliotheca
688 1468 802 1495 Civitatis,
813 1467 866 1490 cod.
877 1468 914 1490 23.
926 1473 979 1495 par-

134 1515 174 1537 tim
200 1515 299 1538 membr.
325 1516 346 1537 in
372 1516 409 1538 sol.
433 1521 493 1537 saec.
518 1515 569 1537 XV.
584 1527 616 1531 —
632 1516 679 1537 Fol.
697 1515 750 1537 112.
767 1521 786 1537 Γ.
804 1514 879 1542 prima
896 1520 979 1537 manus

133 1562 250 1584 exaravit:
267 1561 352 1590 Incipit
367 1561 532 1590 compendium
548 1561 634 1591 fratris
651 1561 825 1584 Bonacenture.
841 1560 875 1582 Ad
893 1561 978 1583 calcem

133 1608 215 1635 altera,
241 1609 282 1631 sed
306 1614 392 1630 coaeva
418 1614 500 1631 manus
517 1608 618 1630 notavit:
635 1607 703 1631 Liber
720 1607 762 1631 iste
779 1609 841 1631 totus
857 1609 978 1631 comecias

133 1653 165 1676 ad
180 1654 336 1684 exemplaria,
352 1656 428 1684 prout
443 1661 467 1677 se
484 1654 546 1677 dedit
560 1654 733 1684 opportunitas,
751 1656 779 1677 ut
794 1654 883 1677 maiori
898 1653 979 1676 animo

134 1700 212 1730 ipsum
228 1701 394 1731 conspicientes
411 1701 517 1724 studium
534 1701 671 1729 adhibeant,
686 1707 769 1731 preces
785 1700 876 1730 fundite
884 1706 931 1730 pro
943 1699 978 1722 his

134 1748 176 1778 qui
191 1754 289 1778 operam
306 1748 366 1771 libro
383 1748 504 1771 dederunt.
521 1761 552 1765 —
568 1748 617 1771 Alia
635 1748 717 1770 iterum
730 1754 812 1770 manus
828 1748 861 1769 sic
878 1747 979 1769 Brevilo-

134 1795 215 1824 quium
233 1795 393 1818 commendat:
410 1795 437 1818 Si
454 1794 512 1818 libro
526 1794 632 1824 predicto
650 1794 753 1818 volueris
773 1800 828 1817 cum
845 1793 911 1816 omni
927 1793 979 1815 dili-

134 1842 213 1871 yenn'n
238 1841 349 1865 laborare
365 1847 393 1865 ac
410 1841 512 1864 studiose
529 1841 553 1865 in
569 1841 649 1864 animo
666 1840 793 1864 recondere
810 1845 870 1869 quae
888 1839 912 1861 in
929 1839 978 1868 ipso

134 1887 252 1918 descripta
262 1890 330 1916 sunt,
343 1894 374 1911 ez:
388 1887 497 1911 omnibus
515 1887 550 1911 his
567 1894 628 1917 quae
643 1887 758 1916 Mayister
773 1885 943 1909 sententiarum
955 1885 978 1907 in

134 1941 178 1958 suo
191 1935 250 1958 libro
262 1934 412 1964 conscripsit,
425 1934 567 1957 intellectum
579 1933 656 1963 capies
667 1939 697 1956 ac
708 1933 732 1955 in
744 1933 860 1962 tbeoloqin
872 1933 979 1962 fructum

134 1988 251 2012 magnum
259 1981 399 2012 presenties,
411 1980 610 2010 quemadmodum
624 1980 713 2009 poterit
727 1979 873 2008 experientia
889 1978 979 2001 docere.

201 2028 238 2050 81.
256 2027 350 2051 Giessae
366 2027 390 2049 in
407 2027 485 2049 Bassia
494 2044 499 2054 ,
516 2026 566 2048 cod.
579 2026 633 2048 673.
644 2027 715 2048 chart.
731 2025 754 2047 in
767 2025 804 2047 sol.
815 2031 875 2047 saec.
887 2025 938 2046 XV.
948 2036 979 2041 —

135 2075 183 2097 Fol.
200 2075 254 2097 243.
270 2080 305 2096 r.:
329 2073 415 2102 Incipit
436 2071 613 2101 Breviloquium
629 2071 744 2101 pauperis
762 2071 786 2094 in
802 2071 935 2100 scriptura,
957 2074 979 2093 et

137 2122 173 2144 tol.
190 2122 244 2143 295.
261 2127 280 2143 r.
296 2120 395 2148 legitur:
412 2118 518 2148 Earplicit
532 2118 685 2142 Breciarium
701 2119 765 2141 Bone
781 2120 886 2141 venture.

199 2168 236 2190 85.
255 2166 378 2196 Gottinyae
395 2166 417 2188 in
434 2166 570 2188 llannovera
579 2182 584 2191 ,
597 2164 734 2187 bibliotheca
746 2164 915 2192 Universitatis,
927 2164 979 2186 cod.

136 2214 168 2236 th.
185 2213 273 2236 Luneb.
290 2213 327 2235 33.
344 2214 416 2235 chart.
432 2212 454 2233 in
472 2212 510 2233 [01.
526 2216 587 2233 saec.
603 2210 654 2233 XV.
670 2222 702 2227 --
718 2210 797 2238 incipit
814 2211 851 2232 [01.
869 2210 919 2232 1.Γ.
930 2210 979 2232 51110

136 2260 208 2282 titulo.
228 2260 313 2282 Desinit
332 2259 422 2281 verbis:
441 2256 545 2287 Explicit
559 2258 688 2285 tractatus,
706 2256 748 2286 qui
765 2256 851 2280 dicitur
876 2256 979 2280 Brevilo-

136 2305 232 2335 quiam,
249 2305 325 2328 editus
341 2311 357 2327 a
373 2304 541 2327 Bonaventura
558 2302 648 2326 ordinis
664 2303 771 2332 frah-um
788 2303 916 2326 minorum.

200 2353 238 2374 86.
254 2351 390 2375 Gottwiciac
407 2350 538 2380 (Gottweig)
556 2350 580 2371 in
597 2350 697 2378 nustria,
719 2350 855 2373 bibliotheca
872 2351 980 2372 1110113510-

137 2399 176 2427 1·11,
193 2399 246 2421 cod.
262 2398 316 2421 254.
333 2399 403 2420 chart.
427 2397 450 2419 in
471 2397 508 2419 [01.
532 2402 593 2418 saec.
617 2396 669 2418 XV.
684 2409 715 2413 —
731 2396 836 2420 Continet
860 2397 918 2419 inter
937 2397 979 2418 alia

137 2444 309 2472 Breviloquium
327 2443 371 2466 sub
388 2442 495 2465 rubrica:
512 2441 597 2471 Incipit
611 2443 727 2465 tractatus
747 2442 932 2466 introductorius
948 2442 980 2464 ad

137 2487 315 2519 intelligentiam
331 2494 400 2511 sacre
415 2488 534 2518 scripture
558 2489 579 2511 et
602 2488 658 2518 fidei
681 2488 821 2517 christiane,
835 2488 863 2511 de
879 2488 926 2511 illis
947 2495 979 2511 se-

134 2537 199 2564 ptem
215 2535 243 2558 de
257 2535 340 2565 quibus
352 2536 386 2558 est
396 2535 520 2565 theologia.
533 2535 633 2557 Desinit:
645 2535 675 2558 Et
684 2535 718 2559 sic
729 2537 763 2559 esi
770 2535 825 2566 finis
837 2535 980 2565 Breviloquii

136 2583 201 2606 Bone
212 2586 309 2607 venture
320 2582 409 2612 eyn-cyil
418 2582 520 2606 doctoris
531 2588 603 2612 super
614 2588 710 2605 sacram
718 2582 842 2612 paqinam.
855 2583 922 2605 Anno
939 2582 980 2605 do-

138 2628 198 2652 mini
207 2629 325 2653 MCCCGL
332 2629 377 2651 VII.
389 2628 450 2658 seria
462 2627 487 2652 4.
496 2630 551 2658 post
560 2629 647 2658 festum
658 2634 677 2651 s.
690 2628 760 2656 Galli,
772 2628 809 2651 die
820 2629 883 2651 XIX
892 2628 979 2651 mensis

138 2675 251 2703 octobris,
264 2676 323 2699 Ιιονα
336 2682 490 2705 vesperarum
501 2676 526 2698 in
537 2681 607 2698 sacro
623 2674 752 2698 Basileensi
767 2674 865 2698 concilio
874 2681 980 2704 pronun-

138 2720 236 2744 ciatum.

201 2768 238 2790 87.
257 2767 422 2798 Gratianopoli
438 2769 460 2791 in
477 2769 558 2796 Gallia,
575 2767 713 2791 bibliotheca
728 2768 843 2797 CivitatiS‚
859 2769 913 2792 cod.
926 2769 981 2792 772.

139 2814 238 2836 membr.
255 2814 277 2837 in
294 2815 315 2837 8.
332 2821 392 2837 saec.
414 2816 474 2838 XlV.
490 2818 580 2838 exeunt.
596 2827 627 2831 —
643 2815 690 2837 Fol.
707 2816 728 2837 6.
744 2822 764 2838 r.
780 2816 926 2839 inscribitur:
943 2817 981 2839 In-

138 2859 194 2889 cipit
209 2860 326 2890 proloyas
346 2861 370 2884 in
390 2861 566 2891 Breriloquium
583 2867 598 2884 a
617 2861 693 2890 fratre
710 2862 878 2886 Bomventura
890 2863 981 2886 ordinis

139 2906 261 2930 minorum
284 2907 447 2937 compositum.
471 2908 506 2930 Ad
523 2900 608 2930 calcem
627 2908 732 2930 additur:
754 2908 859 2938 Explicit
881 2909 982 2932 Brevita-

139 2952 222 2981 quium
232 2953 317 2982 fratris
328 2954 500 2977 Bonaeenture.
614 2942 617 2945 Ι

1812 188 1867 216 XXI

1092 262 1128 284 88.
1146 261 1246 292 Hasniae
1269 262 1324 284 urbs
1347 263 1454 291 princeps
1478 263 1499 285 111
1527 264 1608 291 Dnnla,
1626 263 1763 287 bibliotheca
1786 266 1868 292 Regia,

1029 308 1081 330 cod.
1099 308 1167 330 1381.
1184 309 1254 330 chart.
1272 309 1295 330 in
1314 309 1334 331 lu.
1351 321 1382 325 —
1398 309 1463 332 Circa
1482 309 1627 332 medietatem
1652 311 1774 333 voluminis
1792 312 1830 333 [01.
1852 317 1870 333 r.

1030 355 1079 376 sinc
1096 361 1192 377 numero
1208 357 1313 377 notatur:
1330 355 1413 385 Incipit
1425 355 1599 385 Bret‘iloquium
1613 356 1673 379 Bone
1688 359 1793 380 venture.
1812 358 1871 379 Desi-

1032 401 1079 424 nit:
1096 400 1162 424 nobis
1181 403 1271 431 prestet
1295 401 1440 431 omnipotens
1461 403 1529 425 Deus.
1550 404 1631 426 Amen.
1653 403 1871 432 Ιι“.1ῚιΙί1;1’ἱΗι·εῑ-1Ἰ1ι-

1031 448 1113 478 qnium
1121 449 1184 472 Bone
1190 450 1287 472 venture
1293 449 1449 472 communiter
1455 449 1611 473 nominatum.
1619 451 1636 473 Λ
1640 457 1686 473 11110
1694 450 1788 474 Domini
1796 449 1825 473 14
1835 450 1870 474 M.

1032 494 1056 517 in
1065 495 1170 524 profesto
1181 494 1277 518 vincula
1289 495 1355 518 Petri
1366 496 1425 524 (sic).

1095 542 1131 564 89.
1149 542 1230 571 Hayae
1241 541 1353 565 comitum
1365 543 1387 564 in
1406 543 1535 570 llollandia,
1553 544 1605 566 cod.
1622 545 1674 566 206.
1692 544 1790 567 membr.
1807 546 1829 567 in
1850 546 1872 567 8.

1032 593 1090 610 saec.
1109 589 1168 610 xlv.
1185 600 1215 605 -—
1232 588 1404 617 Breviloquium
1423 588 1499 617 incipit
1515 593 1537 612 et
1553 590 1636 612 desinit
1653 590 1755 613 absolute
1766 591 1815 613 51110
1828 592 1872 614 ullo

1032 633 1106 661 titul03
1116 639 1176 662 quae
1186 634 1261 662 ipsum
1272 635 1413 662 praecedunt
1421 639 1443 657 et
1451 638 1578 664 sequuntur
1588 640 1677 659 exarata
1690 640 1741 659 sunt
1753 644 1812 659 saec.
1822 638 1873 660 XV.

1096 679 1132 701 90.
1150 679 1325 709 Heidelberyae,
1349 679 1486 703 bibliotheca
1512 681 1680 709 Universitatis,
1698 683 1747 705 rod.
1766 683 1818 705 358.
1836 683 1873 705 tt.

1032 726 1104 747 chart.
1121 725 1143 747 in
1162 725 1182 747 t.
1200 731 1260 748 saec.
1277 726 1328 748 XV.
1344 738 1375 743 —
1392 726 1465 749 liabet
1482 727 1503 749 in
1521 728 1648 756 principlo:
1667 728 1749 758 Incipit
1757 729 1873 759 proioaus

1033 770 1177 800 Breviloquii
1186 771 1249 794 Bone
1260 773 1362 795 venture.
1376 773 1461 795 Desinit
1472 775 1497 795 ut
1509 773 1529 795 in
1539 774 1613 796 editis.

1095 817 1133 839 91.
1150 816 1270 846 Herbipoli
1286 818 1307 840 in
1329 819 1437 846 Bavaria,
1455 819 1590 842 bibliotheca
1607 820 1738 843 Conventus
1756 821 1778 843 S.
1795 821 1873 844 Crucis

1032 863 1143 885 Minorum
1161 863 1364 892 Conventualium,
1382 866 1433 888 cod.
1450 865 1475 889 C.
1492 866 1506 888 1.
1524 867 1546 888 2.
1563 867 1634 889 chart.
1651 867 1672 889 in
1690 868 1726 890 [01.
1743 874 1803 890 saec.
1823 869 1874 891 XV.

1032 921 1063 925 —
1080 909 1159 937 incipit
1182 910 1230 932 sine
1255 911 1299 933 ullo
1324 912 1403 939 titulo:
1429 912 1457 934 ad
1476 913 1544 935 tlnem
1562 919 1618 936 vero
1636 915 1692 936 haec
1709 914 1873 937 subiiciuntur:

1033 955 1129 979 Domini
1139 957 1304 981 Bonaacnture
1315 958 1417 982 doctoris
1428 958 1505 982 devoti
1516 959 1699 990 Breviloquium.
1713 961 1809 984 Littavie
1823 961 1874 991 fide-

1033 1002 1086 1026 liter
1097 1003 1214 1033 scriptum
1230 1010 1372 1034 summaque
1383 1005 1504 1035 diliqentia
1516 1008 1649 1030 correctum
1660 1006 1758 1036 earplicit
1767 1007 1873 1037 feliciter.

1033 1049 1101 1072 Anno
1114 1050 1285 1074 incarnationis
1297 1051 1394 1075 Domini
1404 1052 1600 1076 MCCCCLXXII.

1096 1096 1133 1118 92.
1152 1096 1255 1119 Hilarini
1269 1098 1417 1127 (Wilhering)
1435 1100 1458 1121 111
1475 1100 1576 1127 Austria,
1595 1100 1730 1123 bibliotheca
1748 1102 1875 1124 Monasterii

1033 1142 1124 1164 Patrum
1142 1142 1337 1172 cisterciensium,
1350 1145 1401 1166 cod.
1414 1145 1466 1167 136.
1484 1151 1515 1167 111.
1532 1146 1553 1168 111
1572 1146 1593 1168 4.
1610 1153 1669 1169 saec.
1681 1147 1735 1169 Xlll.
1746 1151 1835 1169 exeunt.
1846 1160 1877 1164 —

1033 1189 1206 1217 Breviloquium
1216 1190 1293 1217 incipit
1305 1191 1364 1213 circa
1377 1191 1523 1213 medietatem
1535 1192 1632 1219 codicis,
1645 1193 1792 1221 prosequitur
1803 1200 1876 1222 usque

1033 1235 1063 1257 ad
1080 1241 1129 1262 cap.
1148 1235 1169 1257 6.
1187 1236 1279 1264 quintae
1296 1237 1378 1265 partis,
1395 1240 1470 1259 cetera
1486 1238 1653 1261 desiderantur.

1097 1282 1134 1304 93.
1151 1282 1245 1312 Hispali
1260 1283 1282 1305 in
1300 1284 1420 1312 Hispania,
1438 1284 1575 1307 bibliotheca
1592 1284 1741 1313 Columbina,
1754 1287 1806 1309 cod.
1818 1288 1842 1309 Β.
1854 1288 1878 1309 B.

1034 1327 1091 1350 Tab.
1109 1328 1161 1350 145.
1178 1335 1200 1351 11.
1219 1329 1256 1351 17.
1273 1329 1371 1352 membr.
1390 1330 1412 1352 in
1436 1331 1456 1353 1.
1479 1337 1538 1354 saec.
1562 1332 1618 1354 Xlll.
1634 1344 1666 1348 —
1682 1333 1728 1354 Fol.
1746 1333 1783 1355 66.
1800 1340 1818 1355 Γ.
1836 1334 1876 1356 alia

1034 1381 1117 1397 manus
1140 1381 1200 1398 saec.
1225 1376 1285 1398 XlV.
1310 1377 1443 1404 praemisit:
1461 1377 1545 1407 Incipit
1561 1378 1738 1408 Breviloquinm
1760 1379 1878 1403 Benacen-

1034 1423 1102 1450 ture‚·
1120 1422 1160 1444 sed
1178 1423 1251 1450 prima
1269 1429 1352 1446 manus
1368 1427 1502 1446 exaraverat
1518 1425 1548 1447 ad
1565 1425 1650 1447 calcem
1669 1426 1736 1449 huius
1753 1427 1809 1449 solii:
1826 1427 1879 1450 Bre-

1035 1468 1165 1498 viloquium
1184 1469 1299 1499 pauperis
1320 1470 1345 1492 in
1367 1470 1487 1500 scriptura
1507 1477 1587 1494 sacra.
1610 1472 1695 1495 Desinit
1712 1473 1749 1495 [01.
1766 1473 1802 1495 98.
1820 1480 1839 1495 Γ.
1856 1478 1877 1496 ut

1035 1516 1102 1543 editi,
1118 1516 1198 1538 addito
1214 1516 1325 1546 Eoeplicit.

1097 1563 1136 1585 94.
1152 1563 1241 1586 Insulis
1252 1564 1274 1586 in
1291 1564 1359 1586 Gallia
1368 1581 1373 1591 ,
1391 1563 1528 1587 bibliotheca
1540 1565 1655 1593 Civitatis,
1667 1566 1719 1589 cod.
1731 1573 1829 1590 numero
1841 1574 1880 1590 va-

1035 1611 1071 1631 cat
1089 1609 1151 1637 (olim
1170 1609 1225 1638 22.),
1250 1611 1322 1632 chart.
1342 1610 1362 1632 in
1380 1611 1417 1632 [01.
1435 1617 1494 1633 saec.
1512 1611 1563 1633 XV.
1579 1623 1609 1627 —
1627 1612 1673 1633 Fol.
1691 1612 1727 1634 16.
1743 1618 1762 1634 Γ.
1781 1616 1815 1634 cst
1831 1613 1880 1635 titu-

1035 1656 1084 1678 lus:
1101 1655 1186 1685 Incipit
1200 1656 1379 1686 Breviloquium
1394 1656 1479 1686 fratris
1490 1657 1656 1680 Bonacenture
1671 1657 1698 1680 tte
1714 1658 1796 1681 ordine
1807 1659 1880 1682 mino-

1035 1707 1099 1724 rum.
1116 1702 1204 1724 Desinit
1220 1703 1257 1724 [01.
1275 1703 1312 1724 96.
1329 1709 1352 1725 ν.
1369 1703 1412 1725 001.
1429 1705 1457 1731 2;
1475 1704 1580 1727 additur:
1606 1704 1700 1727 Finitnr
1722 1704 1760 1727 liic
1779 1705 1879 1729 Brerilo-

1035 1746 1118 1775 qnium
1133 1746 1218 1775 fratris
1235 1747 1400 1770 Bonaventure
1412 1748 1439 1770 de
1450 1748 1532 1771 ordine
1544 1749 1672 1772 minorum.

1098 1793 1134 1815 95.
1152 1792 1274 1816 Lambacii
1294 1794 1316 1816 in
1342 1795 1431 1817 Austria
1448 1795 1575 1824 superiore,
1598 1796 1734 1819 bibliotheca
1752 1798 1879 1821 Monasterii

1035 1841 1127 1866 patrum
1144 1839 1195 1862 ord.
1212 1840 1235 1862 S.
1252 1840 1382 1868 Benedicti,
1400 1841 1452 1864 cod.
1471 1842 1521 1864 142.
1539 1842 1639 1865 membr.
1656 1843 1678 1864 in
1697 1843 1718 1865 4.
1739 1850 1799 1866 saec.
1821 1845 1880 1867 XIV.

1035 1885 1121 1907 ineunt.
1143 1897 1174 1902 —
1192 1887 1243 1908 Post
1259 1887 1329 1909 finem
1355 1888 1432 1915 operis
1456 1888 1530 1916 prima
1555 1895 1637 1911 manus
1662 1889 1758 1911 adiecit:
1778 1889 1880 1919 Explicit

1034 1930 1212 1960 Breviloquium
1235 1931 1355 1962 theoloyye
1375 1933 1487 1962 manistri
1504 1934 1678 1957 Bonaventure.
1699 1936 1722 1957 ln
1745 1936 1789 1958 hoc
1811 1936 1878 1958 etiam

1035 1977 1087 1999 cod.
1103 1980 1137 1999 est
1153 1978 1335 2000 additamentum
1353 1979 1382 2001 ad
1400 1985 1450 2007 cap.
1468 1980 1489 2002 4.
1507 1980 1578 2007 partis
1595 1981 1619 2003 ll.
1635 1984 1660 2003 ut
1676 1987 1746 2009 supra
1764 1988 1787 2003 n.
1805 1982 1843 2004 26.

1098 2024 1135 2045 96.
1154 2023 1252 2052 Ibidem,
1271 2025 1294 2047 in
1311 2025 1393 2048 eadem
1419 2025 1570 2053 bibliotheca,
1591 2027 1642 2049 cod.
1660 2028 1712 2049 312.
1731 2029 1802 2050 chart.
1819 2029 1840 2050 in
1858 2028 1880 2050 4.

1033 2082 1065 2087 —
1081 2071 1128 2092 Fol.
1146 2071 1167 2092 2.
1184 2077 1203 2093 Γ,
1220 2071 1243 2093 111
1260 2075 1325 2099 parte
1342 2073 1461 2100 superiore
1478 2073 1646 2101 praemittitur:
1671 2074 1755 2103 Incipit
1776 2074 1880 2098 Breoilo-

1035 2116 1118 2146 quium
1137 2117 1220 2140 eoeimii
1238 2117 1341 2141 doctoris
1360 2119 1526 2142 Bonaventure
1541 2126 1613 2149 super
1630 2122 1736 2150 quatuor
1748 2120 1820 2144 libros
1831 2127 1880 2145 sen-

1034 2163 1175 2186 tenciarum.
1187 2164 1271 2186 Eadem
1289 2168 1424 2193 repetuntur
1441 2169 1493 2194 post
1508 2166 1613 2196 Explicit
1628 2173 1681 2189 cum
1694 2169 1736 2190 hac
1748 2168 1879 2191 additione:

1035 2210 1113 2233 Finito
1126 2210 1185 2233 libro
1197 2211 1228 2234 sit
1239 2211 1293 2234 laus
1305 2213 1326 2235 et
1337 2212 1415 2242 (floria
1427 2212 1520 2236 Christo
1530 2221 1537 2236 :
1555 2215 1576 2237 et
1593 2213 1634 2237 isle
1652 2214 1744 2238 libellus
1755 2216 1789 2238 est
1798 2215 1881 2245 finitus

1035 2263 1098 2280 anno
1110 2257 1206 2280 Domini
1216 2258 1358 2281 MGCCC-i'd'.
1376 2259 1400 2281 in
1417 2261 1499 2282 octava
1516 2260 1594 2283 sancti
1604 2260 1697 2284 Kiliani
1709 2262 1824 2291 martyris
1837 2263 1881 2286 Pa-

1035 2303 1100 2326 troni
1110 2303 1188 2326 nostri
1197 2305 1217 2327 el
1228 2304 1368 2327 Monasterii
1378 2304 1552 2329 Lambacensis.

1097 2350 1136 2372 97.
1148 2350 1227 2373 Leodii
1237 2351 1259 2373 in
1271 2352 1357 2379 Belgio,
1369 2351 1505 2374 bibliotheca
1519 2353 1612 2375 maioris
1624 2353 1752 2381 Seminarii,
1761 2354 1812 2376 cod.
1822 2355 1849 2376 H.
1859 2355 1878 2376 1,

1035 2399 1107 2419 chart.
1119 2397 1141 2419 in
1154 2397 1175 2419 8.
1187 2403 1247 2420 saec.
1259 2398 1310 2420 XV.
1321 2410 1353 2414 —
1364 2399 1401 2421 Est
1412 2398 1457 2421 sub
1468 2400 1561 2421 nomine
1577 2400 1677 2422 auctoris
1694 2400 1715 2422 in
1733 2401 1846 2429 principio
1858 2404 1880 2423 et

1036 2444 1081 2465 tine
1104 2444 1147 2465 hoc
1175 2444 1260 2466 modo:
1283 2444 1389 2474 Explicit
1409 2445 1586 2475 Breoiloquium
1607 2446 1693 2475 fratris
1714 2447 1880 2470 Bonacenture

1035 2489 1063 2512 de
1084 2489 1239 2519 intelliqenlia
1260 2497 1328 2514 sacre
1352 2491 1477 2521 scripture.
1498 2492 1562 2515 Laus
1587 2493 1634 2516 Deo
1657 2493 1720 2516 trino
1742 2495 1764 2516 et
1785 2500 1833 2517 uno
1855 2493 1879 2516 in

1035 2537 1151 2559 eternam.

1098 2583 1136 2604 98.
1158 2582 1262 2612 Lipsiae,
1285 2583 1423 2607 bibliotheca
1443 2585 1548 2613 Paulina,
1569 2586 1620 2608 cod.
1640 2585 1692 2607 426.
1712 2587 1783 2608 chart.
1803 2586 1825 2608 in
1844 2586 1880 2608 tol.

1036 2634 1096 2651 saec.
1113 2629 1163 2652 XV.
1180 2642 1211 2646 —
1223 2630 1286 2652 lnitio
1298 2633 1320 2653 et
1331 2631 1375 2653 tine
1387 2634 1438 2659 post
1450 2631 1555 2661 Explicit
1570 2632 1684 2654 titulatur:
1704 2630 1878 2661 Breviloquiunt

1036 2676 1212 2704 Bonavmzture,
1224 2677 1365 2705 simpliciter.

1099 2723 1136 2746 99.
1148 2723 1247 2752 Ibidem,
1265 2725 1318 2747 cod.
1335 2725 1389 2747 667.
1405 2726 1429 2747 in
1449 2726 1485 2748 [01.
1506 2731 1565 2748 saec.
1585 2726 1644 2748 XlV.
1664 2737 1695 2742 —
1712 2725 1880 2747 Praemittitur:

1037 2769 1120 2798 Incipit
1133 2769 1251 2799 proloyus
1269 2770 1293 2793 in
1310 2770 1488 2800 Breviloquiam
1505 2770 1589 2799 fratris
1604 2770 1775 2797 Bonaaenture,
1790 2770 1881 2792 additur

1038 2816 1061 2838 in
1073 2816 1130 2837 line:
1141 2816 1244 2846 Ezrplicit
1256 2816 1431 2846 Breviloquium
1449 2816 1534 2846 fratris
1549 2817 1614 2839 Bone
1627 2817 1724 2839 venture
1738 2815 1880 2839 introducto-

1037 2862 1090 2885 rius
1107 2862 1177 2885 totius
1192 2869 1261 2886 sacre
1276 2863 1403 2893 scripture.

1102 2909 1153 2930 100.
1166 2908 1264 2937 Ibidem,
1277 2910 1329 2932 cod.
1342 2910 1394 2931 862.
1406 2908 1505 2932 membr.
1517 2909 1539 2931 in
1552 2909 1572 2931 8.
1586 2909 1751 2931 miscellaneus.
1763 2920 1794 2925 -
1806 2908 1881 2930 81011-

1038 2955 1142 2983 loquium
1154 2958 1189 2977 est
1204 2962 1265 2978 saec.
1276 2956 1336 2978 ΚΝ.
1347 2956 1431 2978 ineunt.
1444 2955 1488 2978 sub
1500 2956 1562 2985 titulo
1573 2962 1578 2976 t
1595 2955 1880 2984 1110171317“ἰῆ01111ῑέ111111·1’
