2285 3398
432 362 623 440 INDEX
673 329 1112 441 OPUSGULORUM
1163 361 1674 441 THEOLOGIGORUM

555 514 739 571 QUAE
772 514 947 562 SUNT
985 513 1053 560 [N
1088 513 1342 572 QUINTO
1376 513 1559 561 TOMO

193 812 302 835 Praefatio
309 828 817 835 ..............
848 818 904 842 pay.
1015 813 1029 834 l.

193 859 355 886 Prolegornena
374 859 394 880 in
413 858 440 880 V.
458 860 545 880 tomum

192 904 245 928 CAP.
300 906 315 927 1.
331 905 354 927 ln
364 904 512 933 Quaestiones
523 905 648 934 disputatas
657 906 686 928 dc
695 906 787 929 scientia
797 906 858 929 Chri-

346 952 374 975 sti
391 955 413 975 et
428 952 457 974 de
475 953 582 980 mysterio
601 954 635 976 Ss.
651 954 779 977 Trinitatis.
813 970 818 975 .
852 970 857 976 .
891 963 902 973 υ
998 953 1030 976 lll.

290 999 314 1022 ll.
330 998 353 1022 ln
371 998 518 1028 Quaestiones
532 1000 658 1028 disputatas
675 1001 704 1023 de
720 1000 859 1029 perfectione

346 1046 476 1074 evangelica
503 1063 858 1070 ..........
891 1057 902 1068 ιι
993 1048 1030 1072 Vl.

280 1092 311 1115 ΙΙΙ.
328 1093 350 1115 ln
367 1093 537 1121 Breviloquiuni
541 1111 860 1118 .........
892 1104 904 1115 22
980 1096 1030 1119 XV.

273 1139 310 1161 tv.
326 1140 348 1162 ln
366 1140 505 1162 itinerarium
524 1141 606 1163 mentis
622 1141 644 1164 in
662 1141 734 1164 Deum
774 1158 779 1163 .
813 1158 819 1163 .
852 1158 858 1164 .
890 1150 902 1161 n
948 1142 1030 1165 XXVl.

285 1186 313 1208 V.
329 1187 352 1208 ln
369 1186 505 1215 opusculum
522 1187 552 1210 de
567 1188 708 1211 Reductione
728 1188 811 1211 artium
828 1188 857 1211 ad

347 1232 482 1261 theologiam
501 1250 858 1257 ..........
878 1241 902 1255 ἰι
929 1234 1030 1258 xxxm.

273 1278 309 1301 Vl.
325 1279 348 1301 ln
365 1278 499 1302 Collationes
515 1280 537 1302 in
555 1280 711 1303 Hexae'meron
736 1298 742 1304 .
776 1298 782 1303 .
815 1298 821 1304 .
854 1299 859 1303 .
892 1290 904 1302 n
924 1281 1030 1305 XXXVl.

1086 812 1136 835 Cir.
1163 812 1207 835 Vll.
1226 813 1247 835 ln
1254 812 1389 836 Collationes
1397 813 1426 836 de
1435 817 1523 842 septem
1533 814 1599 837 donis
1608 815 1705 843 Spiritus
1714 815 1737 838 S.
1745 821 1800 845 paq.
1879 816 1926 839 XL.

751 1388 1052 1433 QUAES'I'IONES
1076 1389 1365 1427 DISPUTA'I'AE.

447 1507 484 1529 DE
501 1506 628 1530 SClENTlA
645 1506 767 1530 CHRlSTl.

194 1598 288 1627 Quasi.
336 1600 351 1622 Ι.
368 1600 447 1622 Utrum
465 1600 557 1623 scientia
577 1599 673 1627 Christi,
695 1600 824 1623 secundum
841 1601 906 1630 quod

375 1649 409 1669 est
418 1645 534 1674 Verbum,
546 1649 598 1669 actu
611 1652 636 1668 se
648 1646 753 1669 extendat
761 1647 791 1670 ad
800 1647 886 1669 inssuita
895 1653 954 1677 paq.
1017 1647 1031 1669 3

324 1693 348 1715 ll.
365 1694 445 1716 Utrum
462 1693 524 1716 Deus
540 1699 577 1716 res
593 1695 718 1721 cognoscat
728 1700 770 1722 per
780 1693 907 1716 similitudi-

329 1755 333 1757 -
374 1746 415 1763 nes
432 1746 524 1768 rerum,
542 1746 571 1762 an
589 1746 631 1768 per
648 1745 728 1763 earum
745 1740 867 1763 essentiam
901 1757 907 1762 .
939 1748 951 1760 a
1018 1740 1031 1762 6

313 1787 345 1809 lll.
362 1788 441 1810 Utrum
460 1787 521 1810 Deus
537 1793 575 1809 res
596 1789 720 1814 cognoscat
741 1793 783 1816 per
804 1787 906 1810 similitu·

375 1834 441 1856 dines
457 1833 547 1856 realiter
563 1833 695 1856 differentes
704 1850 906 1857 ......
939 1842 950 1854 n
999 1834 1032 1856 to

314 1880 351 1902 lV.
368 1881 449 1903 Utrum
472 1879 586 1909 quidquid
604 1887 616 1902 a
633 1879 700 1903 nobis
721 1880 907 1903 certitudinalioer

374 1927 522 1955 cognoscitur
537 1930 689 1955 cognoscatur
706 1927 728 1949 in
744 1927 801 1955 ipsis
817 1927 906 1950 rationi-

376 1972 421 1996 bus
438 1973 536 1996 aeternis
549 1989 906 1996 ..........
939 1981 950 1993 ¹³
1002 1973 1031 1996 ⁴7

321 2020 347 2042 V.
364 2021 444 2043 Utrum
461 2020 536 2042 anima
554 2019 636 2043 Christi
657 2020 725 2043 fuerit
745 2020 836 2048 sapiens
857 2022 907 2042 tan-

374 2070 423 2090 tum
440 2067 551 2095 sapientia
568 2068 680 2095 increata,
692 2074 721 2091 an
732 2068 801 2091 etiam
818 2067 907 2095 sapien-

377 2115 406 2136 tia
422 2116 497 2137 creata
514 2120 567 2136 cum
586 2114 684 2136 increata
706 2129 907 2137 ......
938 2123 950 2135 n
1001 2114 1030 2137 27

313 2161 348 2183 Vl.
366 2162 447 2183 Utrum
456 2161 533 2183 anima
545 2160 628 2184 Christi
639 2161 820 2189 comprehendat
831 2161 905 2190 ipsam

377 2207 512 2235 sapientiam
531 2207 653 2232 increatam
665 2223 905 2230 .......
938 2216 949 2228 n
1000 2208 1029 2230 32

306 2254 349 2276 Vll.
367 2254 447 2276 Utrum
454 2254 530 2276 anima
539 2254 622 2277 Christi
631 2254 812 2282 comprehendat
820 2254 906 2283 omnia,

376 2307 436 2330 quae
453 2300 628 2328 comprehendit
644 2301 755 2329 sapientia
771 2301 871 2324 increata
899 2318 904 2323 .
937 2310 949 2322 υ
1000 2301 1029 2324 37

417 2371 454 2393 DE
471 2370 615 2393 MYSTERto
633 2371 800 2394 TRlNlTATlS.

539 2439 649 2467 QUAESTlO
666 2441 681 2463 l.

298 2487 330 2510 De
342 2486 492 2514 certitudine,
504 2493 552 2516 qua
563 2486 686 2510 existentia
699 2487 741 2510 Dei
751 2487 914 2516 cognoscitur,

336 2535 359 2557 et
369 2533 397 2557 de
407 2533 452 2564 fide
459 2552 465 2562 ,
478 2540 526 2564 qua
536 2533 640 2558 eiusdem
653 2534 757 2558 Trinitas
768 2534 880 2558 creditur.

190 2579 245 2602 Anr.
272 2580 286 2602 1.
303 2581 383 2602 Utrum
400 2580 473 2602 Deum
491 2587 541 2603 esse
558 2581 586 2603 sit
602 2587 684 2603 verum
702 2581 865 2604 indubitabile.
898 2597 904 2603 .
937 2590 949 2601 n
1000 2580 1029 2603 45

262 2627 285 2648 ll.
302 2627 382 2649 Utrum
400 2627 473 2649 Deum
491 2633 540 2649 esse
558 2627 642 2650 trinum
659 2627 688 2650 sit
702 2633 784 2650 verum
795 2627 905 2650 credibile
936 2636 948 2647 νο
999 2627 1025 2650 51

535 2674 645 2701 Ωυᾼεετιο
660 2674 685 2696 11.

307 2719 393 2741 Utrum
401 2718 479 2748 possit
488 2718 561 2742 simul
571 2720 636 2742 stare
646 2719 741 2743 trinitas
749 2726 911 2750 personarum

469 2771 524 2789 cum
535 2767 637 2789 naturae
648 2766 744 2790 unitate.

189 2812 243 2835 Ant.
269 2813 284 2834 1.
301 2813 380 2835 Utrum
399 2813 503 2835 divinum
520 2819 569 2836 esse
585 2813 613 2835 sit
629 2819 720 2836 summe
737 2820 825 2837 unum.
858 2831 864 2837 .
897 2831 903 2837 .
936 2823 947 2834 π
998 2814 1027 2837 59

262 2859 285 2880 ll.
303 2859 382 2882 Utrum
400 2860 476 2882 unitas
492 2861 586 2884 naturae
603 2859 675 2887 possit.
689 2859 757 2882 simul
774 2862 835 2883 stare
850 2867 903 2884 cum

329 2905 425 2928 trinitate
442 2911 593 2933 personarum

1155 860 1208 882 Vlll.
1226 861 1248 882 ln
1265 860 1399 883 collationes
1415 861 1444 884 de
1461 861 1541 884 decem
1558 862 1686 890 praeceptis
1711 880 1716 885 .
1750 880 1754 885 .
1787 871 1798 883 n
1861 863 1925 886 XLll.

1173 906 1210 929 lX.
1228 907 1249 929 ln
1263 908 1385 930 Sermones
1393 907 1487 930 selectos
1495 908 1525 930 de
1534 907 1603 931 rebus
1614 908 1754 936 theologicis.
1787 918 1798 929 n
1857 909 1926 932 XLV.

1178 954 1206 975 X.
1224 953 1255 976 De
1272 954 1412 983 quibusdam
1429 955 1546 983 opusculis
1563 961 1607 978 non
1624 955 1730 983 genuinis
1750 973 1756 978 .
1788 965 1799 976 n
1840 956 1925 980 XLVll.

1170 1000 1207 1022 xl.
1225 1000 1257 1022 De
1274 1000 1343 1023 variis
1359 1000 1497 1024 editionibus
1513 1007 1639 1029 parvorum
1657 1007 1755 1030 opuscu-

1243 1048 1316 1070 lorum
1334 1048 1357 1070 S.
1374 1048 1547 1071 bonaventurae
1555 1065 1755 1072 ......
1787 1058 1799 1069 x>
1884 1050 1926 1073 Lll.

1158 1095 1205 1117 xn.
1222 1095 1368 1124 Antiquiores
1384 1095 1476 1118 indiculi
1499 1098 1522 1117 et
1542 1095 1639 1124 catalogi
1658 1102 1756 1124 operum
1828 1127 1830 1129 ι

1243 1143 1266 1165 S.
1283 1142 1456 1164 Bonaventurae
1478 1158 1755 1165 ........
1789 1151 1800 1163 u
1882 1144 1928 1166 LV.

1087 1189 1198 1212 Elenchus
1215 1189 1322 1211 codicum
1335 1189 1356 1211 in
1368 1189 1404 1211 his
1416 1189 1534 1217 opusculis
1548 1189 1644 1212 edendis
1659 1196 1672 1212 a
1690 1189 1758 1213 nobis

1149 1235 1293 1258 collatorum.
1309 1236 1332 1258 ln
1349 1236 1393 1258 ssne
1411 1236 1488 1264 imago
1504 1242 1610 1264 expressa
1628 1236 1756 1266 (lacsimile)

1149 1281 1249 1304 duarum
1266 1282 1405 1310 paginarum
1422 1282 1542 1305 cuiusdam
1559 1282 1646 1305 codicls
1673 1300 1679 1305 .
1712 1300 1718 1306 .
1749 1293 1756 1305 r.
1790 1292 1801 1303 n
1865 1283 1928 1306 LXll.

1433 1509 1543 1537 QuAesrio
1560 1509 1591 1532 lll.

1183 1554 1269 1577 Utrum
1280 1554 1354 1578 simul
1364 1556 1425 1578 stent
1436 1554 1531 1579 trinitas
1542 1556 1564 1579 et
1573 1561 1669 1578 summa
1679 1555 1826 1586 simplicitas.

1088 1601 1143 1623 Ακτ,
1168 1601 1183 1623 l.
1200 1601 1281 1623 Utrum
1299 1600 1404 1623 divinum
1420 1607 1469 1624 esse
1485 1601 1514 1624 sit
1530 1601 1725 1630 simplicissimum
1759 1619 1765 1625 .
1794 1608 1852 1633 paq.
1899 1603 1928 1625 68

1161 1647 1184 1669 ll.
1202 1647 1281 1669 Utrum
1299 1647 1387 1676 possint
1403 1648 1470 1670 simul
1486 1651 1546 1671 stare
1563 1648 1650 1671 trinitas
1670 1652 1692 1671 et
1713 1655 1804 1672 summa

1228 1694 1362 1722 simplicitas
1371 1711 1804 1719 ............
1837 1705 1849 1717 n
1898 1696 1936 1723 73.

1424 1743 1536 1772 Qunzsrto
1553 1744 1590 1766 lV.

1229 1788 1315 1811 Utrum
1328 1788 1424 1813 trinitas
1433 1790 1477 1813 stet
1488 1796 1542 1813 cum
1553 1796 1650 1813 summa
1661 1780 1783 1820 infiizitate.

1087 1833 1143 1856 Anr.
1168 1835 1183 1857 l.
1199 1834 1279 1857 Utrum
1296 1835 1400 1858 divinum
1418 1842 1467 1859 esse
1483 1836 1511 1859 sit
1528 1824 1704 1860 infinitissimum
1721 1854 1727 1860 .
1760 1854 1766 1860 .
1799 1854 1805 1860 .
1837 1846 1848 1857 n
1899 1837 1929 1860 79

1160 1882 1184 1904 11.
1202 1882 1282 1904 Utrum
1300 1882 1389 1910 possint
1404 1886 1465 1906 stare
1481 1877 1653 1906 simut'trinitas
1670 1886 1692 1906 et
1708 1884 1805 1907 infinitas
1838 1893 1848 1904 n
1900 1884 1929 1907 84

1191 1917 1194 1921 ¹
1431 1930 1542 1958 Quas-rio
1558 1931 1586 1953 V.

1213 1975 1298 1999 Utrum
1312 1982 1474 2006 personarum
1491 1977 1585 2001 trim'tas
1602 1977 1675 2001 simul
1690 1978 1735 2002 stet
1749 1983 1806 2001 cum

1376 2030 1473 2047 summa
1489 2014 1633 2048 aeternitate.

1084 2070 1141 2093 Anr.
1166 2071 1182 2093 l.
1199 2071 1279 2094 Utrum
1296 2071 1402 2094 divinum
1419 2077 1468 2095 esse
1484 2072 1514 2095 sit
1529 2074 1648 2095 aeternum
1682 2089 1688 2095 .
1722 2090 1727 2095 .
1760 2090 1765 2095 .
1799 2090 1804 2095 .
1837 2081 1848 2093 ιι
1900 2073 1929 2095 86

1159 2117 1183 2140 ll.
1200 2118 1281 2140 Utrum
1298 2118 1365 2140 simul
1382 2120 1440 2140 stent
1457 2118 1544 2140 trinitas
1561 2120 1582 2141 et
1599 2119 1726 2147 aeternitas.
1761 2136 1766 2142 .
1799 2136 1805 2141 .
1838 2128 1849 2139 »
1900 2119 1929 2142 93

1425 2161 1536 2193 Qunzsrni
1553 2165 1591 2188 Vl.

1142 2210 1228 2233 Utrum
1240 2210 1334 2234 trim‘tas
1343 2211 1420 2241 possit
1429 2212 1494 2234 stare
1506 2217 1560 2235 cum
1571 2218 1667 2235 summa
1679 2211 1873 2237 immutabilitate.

1085 2258 1142 2280 Am.
1167 2258 1182 2280 l.
1199 2258 1279 2280 Utrum
1296 2264 1345 2281 esse
1362 2258 1468 2281 divinum
1485 2265 1514 2281 sit
1531 2259 1686 2282 immutabile.
1718 2276 1725 2282 .
1759 2276 1765 2282 .
1798 2277 1803 2282 .
1823 2267 1847 2279 ·⁷1
1899 2260 1928 2282 97

1159 2305 1183 2327 ll.
1200 2305 1281 2327 Utrum
1298 2304 1365 2327 simul
1383 2307 1441 2327 stent
1458 2305 1546 2333 trinitas
1566 2308 1589 2328 et
1609 2312 1701 2328 summa
1723 2306 1804 2328 immu-

1226 2349 1323 2372 tabilitas
1331 2367 1577 2374 ........

1418 2398 1528 2426 Qum-:sno
1545 2399 1591 2420 Vll.

1168 2443 1254 2466 Utrum
1262 2443 1338 2473 possit
1349 2445 1413 2467 stare
1424 2444 1519 2468 trinitas
1530 2450 1585 2468 cum
1596 2451 1692 2468 summa
1702 2445 1844 2469 necessitate.

1084 2489 1141 2512 Ant.
1166 2489 1182 2511 l.
1199 2489 1279 2512 Utrum
1296 2495 1345 2513 esse
1361 2489 1467 2512 dix-inum
1485 2490 1513 2512 sit
1528 2496 1619 2512 summe
1636 2491 1802 2514 necessarium.
1835 2500 1846 2511 n
1882 2492 1926 2514 406

1159 2536 1181 2558 ll.
1198 2537 1278 2559 Utrum
1295 2540 1354 2559 stent
1365 2537 1432 2559 simul
1444 2537 1533 2560 trinitas
1542 2540 1565 2560 et
1576 2543 1667 2560 summa
1678 2538 1802 2561 necomitas
1834 2547 1846 2558 ι»
1882 2539 1925 2561 409
1956 2535 1963 2541 ‘

1413 2584 1524 2612 Qttfflsrto
1538 2584 1596 2608 vul.

1242 2630 1329 2654 Utrum
1342 2630 1418 2660 possit
1434 2630 1507 2654 simul
1522 2631 1698 2655 staram-initas
1714 2637 1770 2655 cum

1384 2683 1479 2700 summa
1494 2677 1615 2707 primitate
1616 2694 1802 2701 ......
1833 2688 1846 2700 1»
1882 2679 1890 2701 4
1898 2680 1925 2702 12

1281 2748 1318 2769 DE
1334 2747 1526 2771 PERFECTIONE
1543 2748 1729 2772 EVANGELICA.

1434 2819 1544 2846 Qun-:sno
1561 2820 1576 2841 l.

1105 2862 1138 2885 De
1149 2861 1280 2886 humilitate
1291 2863 1370 2893 quoad
1380 2866 1461 2887 actum
1473 2864 1555 2894 ipsius,
1567 2866 1650 2888 utrum
1661 2864 1748 2889 scilicet
1759 2863 1901 2888 christianae

1199 2908 1349 2938 perfectiouis
1360 2910 1391 2933 sit
1401 2917 1425 2933 se
1436 2911 1514 2940 ipsum
1525 2911 1639 2941 vilificare
1646 2917 1693 2941 pro
1706 2910 1805 2935 Christo.
1832 2919 1843 2930 n
1880 2909 1924 2932 ⁴⁴7
