2285 3398
613 180 655 208 DE
678 180 843 209 Mi'sTtinto
864 180 1051 209 Τ111Ν1ΤΑΤ18Δ
1065 180 1200 216 QUAEsT.
1224 181 1263 208 vt.
1287 182 1357 209 aar.
1382 182 1408 209 ll.

220 257 246 285 3.
269 257 306 285 Ad
327 257 395 286 illud
416 258 490 294 quod
510 258 655 292 obiicitur,
677 258 750 295 quod
772 258 914 295 corruptio
932 265 985 286 non

142 306 231 340 potest
252 303 365 341 intelligi
387 304 446 332 sine
467 305 633 338 mutatione;
654 304 815 339 dicendum,
837 304 910 341 1111011
932 312 985 332 non

17 356 128 376 Differentia
140 352 182 377 est
196 349 300 378 simile:
316 350 382 387 quia
396 350 545 387 corruptio
559 350 624 378 dicit
638 351 811 379 amissionem
826 360 900 384 eas-e,
915 358 986 388 quae

11 380 59 399 inter
64 384 128 398 corru-

11 403 99 429 puouom,
109 404 128 421 οι
140 396 251 432 quidem
274 405 327 425 non
350 400 439 433 potest
461 397 589 432 intelligi,
610 397 661 425 nisi
685 397 730 425 liat
753 401 811 434 post
833 407 891 425 esse
909 397 987 434 prius

16 428 121 450 generatio<

17 454 67 468 nem.

11 1659 126 1680 Notandum.

140 442 282 477 habitum;
305 452 336 472 ac
357 452 406 480 per
428 444 479 472 hoc
499 444 533 472 de
555 444 714 472 necessitate
736 445 925 472 mutationem
947 443 987 471 in-

140 489 241 524 cludit,
263 498 335 527 quae
356 499 410 518 non
432 494 520 527 potest
541 499 600 519 esse
622 491 672 519 nisi
702 491 727 519 in
758 500 787 519 re
814 491 939 519 mutabili
961 493 987 519 et

141 536 264 565 variabili
287 540 401 573 propter
422 537 576 571 defectum,
597 545 679 574 quem
701 538 773 566 dicit.
797 538 846 565 Sed
867 546 987 574 {senera-

141 582 179 610 tto
200 586 241 611 est
261 583 335 610 datio
356 583 398 611 vel
419 583 540 620 acceptio
561 592 619 612 esse
644 593 693 621 per
721 584 987 612 consubstantialita-

141 631 211 667 tem;
234 631 260 656 01
282 628 334 657 hoc
356 632 445 665 potest
470 637 528 658 esse
557 630 630 659 circa
658 630 857 660 nobilissiumm
885 638 934 657 ens
961 632 987 658 et

141 674 376 709 actualissimum,
398 676 464 713 quia
485 677 536 705 boc
557 677 664 705 nullum
686 677 751 705 dicit
778 677 931 710 defectum,
956 684 987 704 ac

141 728 190 756 per
212 721 263 749 hoc
285 719 339 749 non
361 722 394 750 de
416 723 576 751 necessitate
599 723 712 751 includit
732 723 988 756 1101101ἰο110111,31-

141 769 188 795 cut
209 768 359 804 corruptio.
383 770 448 798 Nam
471 770 524 797 11111·
549 769 730 806 penei-atione?
757 778 810 797 non
838 770 987 806 opponitur

141 814 307 850 corruptio,
330 815 377 844 sed
399 816 436 844 illi
458 816 523 850 soli,
538 824 609 853 quae
624 819 683 844 erat
700 816 724 843 in
740 819 884 850 creatura,
903 825 986 853 quam

141 859 252 896 quidem
273 862 416 899 corruptio
437 862 555 899 quodam
577 862 657 890 modo
679 862 805 899 sequitur
826 866 853 891 et
868 863 985 899 quodam

141 906 222 934 modo
242 908 385 936 antecedit.
414 921 426 933 «
438 908 583 937 Generatio
604 909 676 936 enim
692 909 775 937 unius
789 909 932 945 corruptio
946 912 987 937 est

140 952 299 987 alterius»,
322 955 393 983 sicut
413 955 478 983 dicit
500 955 680 991 Philosophus
693 956 710 983 ¹.

219 999 245 1027 [ι.
268 1000 305 1028 Ad
327 1001 393 1029 illud
415 1001 488 1038 quod
517 1001 661 1034 obiicitur,
684 1002 757 1039 quod
788 1001 928 1037 generatio
959 1001 985 1029 in

142 1047 265 1082 tempore
286 1047 362 1083 ponit
384 1047 565 1076 mutationem
588 1047 613 1075 in
637 1051 774 1084 tempore:
797 1055 862 1083 ergo
893 1050 920 1075 et
941 1054 986 1083 ge-

141 1092 247 1120 neratio
268 1093 295 1120 in
316 1094 477 1123 aeternitate
499 1094 581 1123 infert
602 1095 782 1124 mutationem
814 1094 841 1122 iu
869 1094 987 1122 aeterni-

141 1141 212 1172 tate;
233 1138 397 1174 dicendum,
412 1141 485 1178 quod
508 1141 552 1170 ille
575 1141 671 1170 modus
687 1140 818 1170 inferendi
835 1143 923 1174 tenet,
938 1140 986 1169 ubi

140 1192 194 1212 11011
216 1188 257 1213 031
278 1186 478 1216 determinatio
499 1186 682 1220 disti-aliens,-
703 1196 756 1216 non
778 1187 817 1215 sic
837 1190 930 1215 autem
945 1190 987 1215 est

140 1231 167 1259 in
190 1233 343 1269 proposito:
365 1234 430 1271 quia
451 1235 591 1271 generatio
621 1234 648 1262 in
676 1234 837 1263 aeternitate
858 1237 899 1262 est
919 1234 986 1263 alte-

140 1277 200 1307 rius
221 1279 293 1307 modi
315 1288 399 1317 quam
421 1280 561 1317 generatio
582 1281 609 1308 in
630 1283 769 1316 tempore,
790 1280 861 1308 sicut
882 1280 986 1308 dictum

140 1327 196 1358 est;
219 1327 273 1353 11011
294 1326 326 1353 fit
346 1326 380 1354 de
401 1329 463 1355 ente
484 1327 511 1355 in
532 1326 666 1363 potentia,
681 1326 752 1354 sicut
773 1326 818 1354 illa
832 1334 903 1363 quae
919 1329 986 1355 tem-

140 1378 207 1407 pore
227 1375 407 1401 mensuratur
419 1373 438 1400 2.
461 1373 492 1401 Et
513 1372 573 1401 ideo
594 1381 648 1401 non
669 1372 811 1410 sequitur,
833 1372 986 1410 quodsiad

140 1417 210 1446 hanc
232 1418 412 1455 consequitur
432 1422 539 1453 motus,
561 1419 635 1456 quod
649 1419 683 1448 ad
698 1419 771 1448 illam
786 1423 986 1457 consequatur,

140 1463 224 1492 immo
246 1465 337 1501 potius
357 1466 524 1502 oppositum.

219 1512 244 1539 5.
266 1511 303 1540 Ad
324 1512 392 1541 illud
413 1513 487 1550 quod
507 1513 651 1547 obiicitur,
673 1513 769 1551 quodsi
792 1514 910 1551 Spiritus
925 1522 987 1543 san-

140 1560 201 1586 ctus
222 1562 418 1595 generaretur,
441 1559 515 1596 quod
536 1562 708 1594 mutaretur;
730 1560 890 1594 dicendum,
912 1561 986 1597 quod

140 1604 207 1632 illud
228 1600 424 1641 argumentum
453 1606 595 1643 sequitur,
616 1615 671 1635 non
699 1607 765 1644 quia
793 1607 932 1644 900010.φή
952 1607 987 1636 311

140 1651 271 1684 mutari,
293 1651 340 1679 sed
361 1652 440 1688 quia,
462 1652 551 1688 posito
571 1653 646 1689 quod
667 1661 721 1682 non
742 1656 867 1690 oportet,
888 1654 987 1682 accidit

141 1696 215 1734 1111011
236 1705 290 1725 0011
311 1698 450 1734 oportet?
474 1698 563 1726 Posito
585 1699 674 1733 enim,
696 1699 769 1736 quod
791 1699 910 1736 Spiritus
924 1707 986 1728 san-

141 1746 214 1777 ctus,
236 1743 284 1780 qui
304 1744 403 1780 accipit
424 1753 482 1772 esse
503 1752 552 1781 per
574 1745 768 1781 spirationem,
789 1753 860 1782 quae
875 1746 987 1774 realiter

139 1790 230 1819 differt
250 1798 267 1818 a
287 1791 479 1827 generatione,
500 1791 615 1828 accipiat
635 1801 694 1821 esse
714 1800 763 1828 per
778 1793 850 1820 viam
872 1800 986 1829 genera-

139 1837 238 1871 tionis;
260 1838 373 1874 ponitur
393 1837 427 1866 de
448 1839 624 1873 necessitate,
646 1839 719 1876 quod
741 1842 862 1868 transeat
882 1839 917 1868 ab
931 1847 987 1868 uno

139 1883 221 1912 modo
241 1884 385 1912 emanandi
406 1884 440 1912 ad
461 1884 579 1913 alterum
601 1885 714 1914 modum
734 1886 845 1914 realiter
858 1885 987 1914 differen-

141 1933 212 1965 tem;
234 1934 261 1959 et
283 1931 321 1959 sic
343 1931 455 1967 ponitur
476 1931 510 1960 de
531 1931 692 1960 necessitate
706 1932 836 1966 mutari,
852 1940 905 1960 non
920 1932 986 1969 quia

140 1977 178 2005 illi
199 1977 272 2005 modi
294 1977 404 2006 oriundi
420 1985 469 2006 seu
484 1978 628 2006 emanandi
642 1978 734 2007 dicant
747 1982 839 2008 motus
860 1979 903 2008 vel
924 1987 986 2008 mu-

140 2024 271 2058 tationes,
293 2024 341 2053 sed
361 2024 427 2061 quia
449 2025 582 2053 transitus
602 2025 637 2053 ab
659 2034 714 2054 uno
735 2026 762 2054 in
784 2026 903 2055 alterum
930 2034 985 2055 non

139 2073 229 2107 potest
259 2070 373 2108 intelligi
404 2071 462 2099 sine
493 2074 579 2100 motu.
602 2071 633 2100 Et
653 2072 784 2109 quoniam
814 2072 930 2101 mutatio
958 2072 985 2101 in

139 2117 232 2145 divino
252 2126 310 2145 esse
331 2126 386 2146 non
407 2118 579 2152 admittitur,
601 2118 665 2147 hinc
686 2122 742 2152 est,
764 2119 837 2156 quod
859 2119 985 2156 impossi-

140 2164 194 2193 bile
215 2168 271 2199 est,
293 2165 368 2201 quod
388 2173 521 2202 persona,
542 2172 613 2201 quae
645 2173 694 2202 per
721 2165 899 2202 spirationem
921 2174 985 2203 pro-

139 2210 265 2245 ducitur,
297 2214 455 2248 generetur.
487 2212 518 2240 Et
550 2211 613 2240 hinc
634 2215 688 2246 est,
709 2212 783 2249 quod
811 2212 873 2241 licet
894 2213 985 2241 Pater

138 2261 253 2295 yeneret
272 2261 296 2286 et
316 2258 421 2295 spiret,
450 2266 504 2286 non
526 2261 617 2287 tamen
644 2261 784 2293 mutatur,
811 2259 877 2296 quia
903 2260 985 2288 simul

140 2304 193 2333 ista
212 2304 268 2333 duo
289 2307 362 2333 stant
384 2305 458 2333 circa
478 2312 623 2341 personam
644 2305 747 2339 Patris,
763 2305 869 2342 spirare
882 2306 986 2335 30111001

141 2354 168 2380 01
179 2358 328 2388 generare,
342 2359 433 2388 neque
444 2354 553 2388 oportet
563 2351 598 2380 ab
612 2359 668 2380 uno
682 2351 710 2380 in
724 2352 842 2380 alterum
857 2352 984 2381 transire.

141 2397 192 2426 Sed
213 2397 241 2426 hi
262 2397 318 2426 duo
339 2397 412 2426 modi
434 2406 487 2426 non
503 2401 618 2434 possunt
632 2398 713 2426 simul
727 2401 884 2435 competere
897 2398 985 2428 eidem

142 2451 275 2481 personae
293 2444 471 2481 productae,
492 2452 523 2473 ac
544 2452 594 2481 per
615 2444 683 2479 hoc,
705 2444 797 2482 311101
819 2445 986 2482 impossihile

141 2490 311 2528 intelligatur
331 2491 395 2528 poni
417 2491 490 2520 circa
510 2491 630 2528 aliquam
658 2491 768 2520 illarum
789 2500 984 2529 personarum,

205 2682 213 2695 ¹
230 2683 292 2707 Lihr.
309 2684 325 2706 1.
342 2684 372 2707 de
396 2684 502 2706 Generat.
527 2686 549 2706 01
573 2687 675 2712 corrupt.
697 2687 750 2707 text.
767 2686 804 2708 20.
827 2685 856 2714 (c.
873 2686 904 2715 3.)
923 2689 945 2709 et
961 2687 985 2709 lL

143 2722 242 2750 Metaph.
258 2725 311 2745 text.
334 2722 358 2746 7.
381 2723 406 2752 (1.
431 2722 537 2750 brevior,
554 2728 574 2745 0.
591 2723 631 2752 2.).
647 2735 679 2740 -
696 2723 807 2752 Superius
832 2724 889 2747 inter
914 2725 985 2747 verba

142 2761 203 2785 sicut
220 2762 342 2792 corruptio
359 2763 533 2791 suppressimus
550 2763 579 2785 et.
844 2766 846 2768 ’

205 2799 215 2813 ³
232 2800 278 2824 etr.
295 2802 395 2829 Aristot.,
412 2802 449 2824 tv.
466 2802 534 2829 Phys.
551 2803 604 2823 text.
622 2801 674 2824 114.
691 2808 741 2831 seq.
758 2802 788 2830 (c.
800 2803 854 2833 iz),
866 2803 905 2826 ubi
917 2804 986 2832 expli-

144 2843 220 2868 catur,
237 2841 294 2869 quid
311 2841 339 2864 sit
356 2841 378 2863 in
397 2844 501 2869 tempore
518 2846 569 2863 esse
585 2843 608 2862 et
624 2843 729 2869 ternpore
745 2843 881 2866 mensurari.

205 2877 214 2890 ⁸
232 2879 303 2902 Simili
321 2880 392 2903 modo
409 2880 440 2902 ait
457 2880 548 2902 Aristot.
565 2880 619 2902 Vlll.
636 2880 705 2907 Phys.
721 2883 773 2903 text.
791 2881 828 2903 36.
846 2881 875 2910 (c.
892 2882 937 2911 5.):
963 2882 990 2904 Si.

143 2923 200 2945 ergo
216 2924 332 2946 ponamus
348 2919 459 2947 possibile
475 2925 538 2946 esse,
556 2919 644 2941 nullum
669 2918 810 2947 impossibile
827 2921 928 2948 accidet,
949 2922 986 2943 fal-

143 2962 195 2979 sum
212 2960 288 2981 autem
306 2958 416 2981 fortassis.
427 2958 493 2980 —in
511 2958 554 2980 bac
570 2958 645 2985 solut„
662 2958 691 2980 de
708 2964 753 2986 qua
771 2959 812 2981 etr.
829 2959 844 2982 Ι.
856 2960 917 2983 Sent.
928 2960 951 2983 d.
963 2960 986 2983 7.

236 3003 263 3028 S.
279 3004 370 3028 Bonae.
385 3016 417 3021 —
435 3005 504 3027 Tom.
520 3004 551 3027 V.

1831 185 1882 211 ion

1043 265 1094 294 perv
1114 257 1184 286 idem
1207 257 1372 294 impossibile
1395 259 1506 295 ponitur
1527 262 1553 287 et
1567 264 1678 294 motus,
1693 261 1758 297 quia
1774 260 1884 297 [militur

1043 303 1142 332 variari
1164 304 1332 339 producendi
1355 305 1459 333 modus.

1122 352 1147 378 (i.
1170 350 1207 378 Ad
1228 350 1295 378 illud
1326 352 1398 387 quod
1427 352 1571 387 obiicitur,
1593 354 1666 390 quod
1688 354 1791 382 scilicet
1823 362 1886 390 pro-

1042 397 1135 425 ductio
1155 400 1196 426 est
1218 397 1244 425 111
1265 397 1380 431 divinis,
1402 402 1449 426 aut
1471 407 1536 435 ergo
1569 400 1816 434 tweeszst'tatefaut
1836 409 1884 428 vo-

1043 443 1168 476 luricam,-
1189 443 1350 477 dicendum‚
1372 445 1459 481 quod,
1475 445 1546 473 sicut
1569 446 1593 473 in
1616 446 1775 482 quaestione
1789 446 1822 475 de
1837 455 1884 474 ne-

1042 490 1188 519 cessitate⁴
1219 490 1318 529 melius
1348 491 1506 527 apparebit,
1529 492 1563 519 ibi
1596 495 1636 520 est
1663 493 1781 529 quodam
1803 493 1883 521 modo

1042 537 1206 565 meotes-itate
1226 540 1253 565 et
1275 537 1392 574 quodam
1415 538 1495 566 modo
1512 538 1661 566 voluntate.
1679 539 1734 567 Non
1750 543 1791 567 est
1812 539 1883 568 enim

1043 592 1092 620 per
1121 584 1308 612 necessitatem
1341 585 1514 618 coactionis,
1544 585 1589 614 sed
1622 586 1884 618 tinmutaottitatts·;

1043 638 1096 658 non
1118 639 1167 667 per
1189 631 1357 659 voluntatem
1385 631 1545 668 ettyentam,
1567 632 1613 659 sed
1636 640 1684 668 per
1716 633 1882 661 voluntatem

1042 677 1281 714 xeiitpiternaliter
1302 681 1512 714 (temptantem,
1534 678 1686 706 secundum
1717 687 1799 715 quam
1823 687 1885 715 pro-

1041 723 1145 753 ducens
1166 724 1192 752 in
1215 723 1395 761 productione
1417 725 1585 753 nobilissima
1606 725 1656 753 sibi
1688 726 1838 761 complacet
1859 729 1885 753 et

1042 771 1123 799 etiam
1144 771 1304 800 delectatur.
1328 771 1359 800 Et
1380 771 1440 799 ideo
1462 780 1515 799 non
1532 772 1680 808 sequitur,
1702 772 1774 809 quod
1802 773 1885 808 possit

1043 817 1078 845 ibi
1100 825 1159 851 esse
1182 818 1296 846 variatio
1316 817 1507 846 mutabilitatis
1528 821 1554 847 et
1569 818 1717 847 coarctatio
1732 819 1885 855 potestatis,

1041 863 1106 900 quia
1128 864 1209 892 simul
1232 864 1275 893 ille
1290 864 1337 901 qui
1354 864 1517 901 producitur
1538 865 1701 901 producitur
1716 865 1883 898 necessario,

1043 910 1191 939 liberaliter
1213 913 1240 939 et
1261 914 1395 947 potenter.

1121 958 1146 984 7.
1169 957 1205 984 Ad
1227 957 1293 985 illud
1315 958 1389 994 quod
1409 958 1553 991 obiicitur,
1575 958 1649 995 quod
1677 958 1884 988 immutabilitas

1042 1005 1186 1030 creaturae
1208 1003 1331 1031 excludit
1352 1004 1572 1040 generationem,
1595 1004 1666 1032 sicut
1692 1007 1765 1041 patet
1787 1005 1812 1032 in
1835 1005 1885 1031 An-

1041 1048 1116 1084 gelo,
1139 1056 1204 1086 ergo
1225 1052 1252 1077 et
1274 1049 1299 1077 in
1322 1050 1392 1084 Deo;
1415 1050 1577 1083 dicendum,
1598 1051 1672 1087 quod
1688 1050 1754 1078 illud
1770 1059 1823 1095 11011
1839 1059 1886 1079 va-

1042 1094 1094 1127 let,
1116 1095 1180 1130 quia
1205 1098 1333 1123 creatura
1364 1096 1391 1123 in
1419 1096 1575 1132 generando
1602 1105 1656 1125 non
1688 1100 1776 1133 potest
1802 1100 1885 1125 totam

1041 1140 1107 1169 dare
1127 1141 1308 1170 substantiam
1330 1150 1424 1176 suam,
1450 1146 1563 1179 propter
1585 1143 1636 1171 1100
1658 1144 1730 1180 quod
1759 1144 1851 1172 deficit
1872 1152 1887 1171 a

1040 1195 1148 1216 summa
1159 1187 1332 1224 simplicitate
1344 1192 1371 1217 et
1383 1189 1541 1217 actualitate
1552 1192 1579 1217 et
1590 1190 1869 1218 communicabilitate
1880 1201 1885 1223 ;

1042 1233 1102 1262 ideo
1124 1234 1290 1270 impossihile
1311 1238 1368 1269 est,
1389 1235 1464 1271 quod
1484 1235 1588 1272 aliquid
1608 1235 1641 1264 de
1663 1236 1816 1264 substantia
1837 1244 1887 1264 sua

1040 1283 1204 1317 generetur,
1226 1281 1293 1318 quin
1315 1284 1447 1310 mutetur.
1470 1283 1554 1310 secus
1574 1284 1667 1311 autem
1682 1282 1765 1310 031111
1788 1290 1887 1319 propo-

1040 1327 1108 1361 sito,
1129 1327 1201 1355 sicut
1221 1327 1393 1364 praedictum
1408 1328 1486 1361 est⁵‚
1502 1328 1568 1365 quia
1585 1336 1720 1365 generans
1741 1329 1767 1356 in
1790 1328 1889 1357 divinis

1040 1376 1246 1410 generatonon
1267 1374 1313 1402 dat
1335 1382 1401 1403 suae
1427 1374 1561 1403 essentiae
1592 1377 1713 1411 partem,
1735 1374 1781 1403 sed
1804 1378 1888 1403 totam

1041 1421 1187 1449 essentiam
1207 1421 1253 1450 dat
1274 1421 1503 1458 simplicissimam
1526 1424 1552 1449 et
1571 1421 1728 1457 perfectam.
1745 1437 1782 1442 —
1797 1422 1888 1450 Posset

1042 1470 1131 1496 tamen
1153 1467 1222 1501 dici⁷
1237 1467 1311 1504 quod
1332 1470 1359 1495 et
1374 1470 1502 1496 creatura
1516 1467 1667 1503 spiritualis
1685 1468 1887 1505 generationem

1041 1514 1124 1542 habet
1146 1514 1338 1547 intrinsecam,
1360 1522 1431 1550 quae
1452 1513 1563 1550 quidem
1593 1517 1649 1542 est·
1666 1509 1762 1551 ipsius'
1773 1515 1850 1543 verbi
1872 1523 1887 1542 a

1041 1563 1148 1593 mente,
1170 1567 1241 1596 quae
1262 1560 1334 1588 inter
1355 1563 1447 1588 cetera
1477 1563 1569 1588 creata
1600 1560 1739 1597 potissime
1760 1561 1831 1598 gerit
1851 1562 1886 1591 31-

1040 1606 1224 1635 militudinem
1245 1606 1429 1643 generationis
1450 1610 1585 1636 aeternae.
1770 1601 1775 1609 ⁹

1120 1653 1146 1680 8.
1168 1652 1206 1681 Ad
1227 1653 1295 1681 illud
1316 1653 1390 1690 quod
1410 1653 1553 1688 obiicitur,
1575 1654 1648 1691 quod
1670 1662 1753 1683 causa
1773 1663 1887 1692 genera-

1042 1699 1122 1728 tionis
1143 1702 1170 1728 et
1191 1700 1377 1736 corruptionis
1398 1703 1439 1729 est
1461 1700 1539 1737 longe
1559 1700 1661 1730 distare
1681 1709 1698 1730 a
1719 1702 1823 1738 primo;
1845 1702 1886 1731 di-

1042 1746 1175 1779 cendum,
1197 1746 1270 1783 quod
1291 1747 1337 1775 illa
1362 1755 1415 1775 non
1446 1750 1487 1776 est
1519 1750 1577 1776 tota
1599 1748 1677 1776 ratio.
1699 1748 1765 1777 Nam
1787 1749 1885 1784 homo,

1042 1793 1063 1821 si
1085 1793 1204 1821 stetisset
1225 1793 1251 1821 111
1283 1796 1356 1822 statu
1388 1794 1573 1829 innocentiae,
1595 1802 1738 1832 nunquam
1761 1803 1888 1824 corrum-

1041 1842 1171 1876 peretur,
1192 1843 1219 1868 et
1240 1843 1332 1869 tamen
1353 1843 1505 1877 generaret.
1528 1841 1603 1870 Unde
1634 1841 1776 1878 generatio
1796 1842 1888 1878 potius

1041 1889 1082 1915 est
1103 1894 1139 1915 ex
1160 1886 1326 1923 perfectione
1347 1895 1455 1916 summa
1482 1890 1509 1916 et
1536 1888 1702 1917 fecunditate
1725 1892 1753 1917 et
1773 1889 1887 1917 actuali-

1042 1936 1096 1961 tate
1118 1933 1204 1969 ipsius
1225 1933 1306 1970 primi
1327 1934 1470 1971 principii,
1492 1942 1576 1971 quam
1598 1934 1632 1963 sit
1653 1935 1687 1963 ad
1713 1935 1888 1972 supplemen-

1042 1982 1101 2008 tum
1121 1980 1244 2009 defectus
1265 1980 1452 2017 corruptionis
1473 1980 1560 2017 ipsius
1580 1980 1708 2017 principii
1721 1981 1886 2018 productivi.

1042 2027 1175 2063 Loquitur
1196 2035 1263 2063 ergo
1283 2027 1465 2064 Philosophus
1485 2027 1519 2055 de
1539 2035 1623 2056 causa
1642 2028 1826 2065 generationis
1847 2037 1888 2057 se-

1041 2073 1163 2102 cundum
1184 2076 1287 2102 statum
1311 2073 1462 2102 deficientis
1489 2076 1621 2109 naturae,
1643 2082 1697 2103 non
1722 2075 1887 2112 generaliter

1041 2123 1067 2148 et
1088 2120 1241 2149 secundum
1262 2120 1376 2148 modum
1401 2120 1586 2157 generationis
1612 2121 1687 2150 illius
1708 2122 1886 2158 completissi-

1041 2174 1114 2201 mae,
1135 2174 1206 2203 quae
1227 2169 1268 2195 est
1295 2166 1373 2204 origo
1400 2167 1488 2195 omnis
1509 2167 1706 2204 productionis.
1729 2168 1806 2197 Nam
1827 2178 1886 2206 spe-

1040 2213 1095 2241 ciei
1112 2216 1266 2250 yenerator
1286 2213 1386 2242 omnia
1408 2212 1477 2242 liaeo
1491 2214 1671 2249 constituite,
1692 2218 1720 2243 et
1741 2215 1814 2252 ipse,
1836 2216 1883 2253 qui

1040 2259 1243 2296 generationem
1274 2259 1334 2296 aliis
1361 2252 1474 2294 tribuit,
1497 2269 1550 2289 non
1572 2264 1661 2298 potest
1689 2261 1790 2290 sterilis
1810 2270 1884 2296 esse,

1041 2306 1193 2335 secundum
1214 2307 1289 2344 quod
1309 2306 1410 2336 dicitur
1431 2308 1528 2336 ultimo
1550 2308 1641 2337 Isaiae.

1120 2353 1145 2381 9.
1168 2353 1206 2381 Ad
1226 2353 1294 2382 illud
1314 2354 1389 2391 quod
1409 2354 1551 2389 obiicitur,
1573 2355 1647 2392 quod
1668 2356 1741 2384 Deus
1762 2364 1816 2384 11011
1838 2364 1886 2392 po-

1041 2402 1093 2429 test
1114 2400 1267 2437 producere
1288 2401 1392 2438 aliquid
1412 2401 1445 2430 de
1466 2402 1559 2439 aliqua
1580 2405 1708 2431 creatura
1729 2402 1787 2431 sine
1812 2402 1886 2430 illius

1041 2447 1266 2482 commutatione3
1287 2447 1450 2482 dicendum,
1472 2448 1545 2485 quod
1566 2457 1620 2477 non
1641 2452 1682 2478 est
1697 2449 1797 2478 simile:
1812 2449 1886 2486 quia,

1041 2501 1105 2522 cum
1126 2497 1255 2522 creatura
1275 2494 1310 2522 sit
1331 2494 1472 2523 mutabilis
1492 2498 1519 2523 et
1540 2503 1594 2523 non
1620 2495 1731 2524 omnino
1752 2495 1885 2531 simplex,

1042 2687 1099 2710 dub.
1117 2687 1143 2715 zi,
1160 2688 1229 2716 paulo
1247 2688 1354 2716 superius
1370 2689 1422 2711 voci
1440 2688 1496 2718 quia
1513 2688 1661 2716 praefiximus
1678 2687 1731 2716 sed,
1750 2691 1772 2710 01
1789 2688 1882 2710 inferius

1042 2732 1103 2756 quae
1119 2727 1171 2749 voci
1189 2726 1294 2750 realiter.

1104 2765 1114 2778 ⁴
1131 2766 1224 2795 Quaest.
1240 2772 1289 2795 seq.
1306 2773 1327 2789 a.
1344 2767 1371 2794 2,
1388 2767 1440 2789 licet
1456 2767 1478 2789 in
1496 2768 1540 2789 hoe
1557 2767 1622 2794 cod.,
1634 2767 1655 2789 in
1667 2767 1781 2795 principio
1797 2766 1883 2794 posita,

1042 2805 1123 2828 ordine
1140 2805 1271 2832 praecedat.
1286 2818 1318 2822 —
1335 2806 1357 2828 ln
1375 2806 1420 2828 tine
1436 2807 1504 2828 solut.
1521 2806 1540 2828 D
1556 2806 1626 2828 semel
1643 2806 1725 2828 omittit
1734 2805 1885 2835 producitur.

1105 2842 1114 2855 ⁵
1131 2845 1223 2873 Quaest.
1240 2845 1262 2867 2.
1279 2851 1300 2867 a.
1317 2846 1339 2867 2.
1356 2845 1378 2867 in
1396 2851 1460 2874 corp.
1477 2848 1499 2868 et
1515 2845 1545 2867 ad
1563 2846 1585 2867 3.

1104 2881 1114 2894 ⁶
1132 2883 1185 2910 Sap.
1204 2883 1248 2910 ⁴3,
1266 2884 1291 2906 3:
1310 2884 1399 2912 Speciei
1416 2884 1477 2906 enim
1496 2887 1616 2911 generator
1633 2887 1677 2906 etc.
1692 2896 1724 2900 —
1741 2883 1817 2906 Verba
1835 2883 1885 2905 lsai.

1043 2921 1084 2949 66,
1102 2922 1124 2944 9.
1141 2924 1205 2944 sunt:
1223 2922 1245 2944 Si
1264 2928 1316 2950 ego,
1333 2923 1373 2952 qui
1399 2923 1571 2951 generationem
1591 2923 1671 2945 ceteris
1696 2921 1785 2949 tribuo,
1803 2921 1884 2943 sterilis

1043 2966 1095 2988 ero,
1113 2961 1143 2983 ait
1160 2961 1273 2984 Dominus
1289 2962 1351 2984 Deus
1367 2963 1437 2984 tuus?

1760 3007 1787 3029 44

1899 497 1953 516 Nota.

1900 1102 2015 1121 Notandum.

1902 1426 1969 1445 Aliter.

1904 1846 2019 1866 Notandum.
