2285 3398
739 222 781 250 DE
803 221 901 250 noxis
923 221 1067 250 Sl'lRlTUS
1089 220 1113 248 S.
1136 220 1296 250 Cotim‘i‘to
1321 221 1348 250 V.

172 300 284 337 ligatus,
306 303 333 328 et
355 300 479 329 venirent
502 300 656 328 l'liilisthnvi
679 301 710 328 ad
733 308 812 334 cum,
834 303 865 328 ut
887 302 1015 336 caperent

171 355 251 381 eum,
280 347 371 376 statim
403 348 478 384 rupit
510 348 596 376 l'unes.
630 348 694 375 item
727 348 803 384 petiit
830 348 865 375 ab
891 356 939 381 eo,
967 347 1013 376 ubi

171 397 242 423 esset
257 394 388 422 fortitudo
403 402 468 427 sua;
491 397 517 423 et
531 394 614 422 dixit:
638 395 670 422 Si
684 394 792 431 ligatus
812 394 897 431 fitero
912 396 1014 431 septem

170 440 294 477 funibus
316 441 413 476 novis,
435 441 487 480 qui
506 441 636 469 *tiendum
657 441 779 478 luerunt
800 442 831 469 in
852 450 951 477 operam·
967 448 1014 469 ero

171 489 241 517 sicut
263 488 345 517 ceteri
369 488 500 517 homines.
523 488 615 517 Tertio
635 488 706 516 dixit
726 489 765 517 ei:
789 488 822 517 Si
841 492 943 525 septem
966 495 1013 516 ca-

169 535 254 572 pillos
275 544 351 563 meos
373 534 510 572 infixeris
524 535 555 564 in
577 539 656 563 terra
678 544 743 564 cum
758 536 852 570 clavo,
874 544 922 564 cro
943 535 1014 564 sicut

171 583 253 611 ceteri
271 582 402 611 homines.
419 583 523 618 Quarto
544 583 675 611 revelavit
689 583 711 611 ei
732 583 874 611 veritatem
889 585 915 611 et
929 582 1012 610 dixit:

172 630 206 658 Si
225 634 331 667 septeni
350 629 470 666 capillos
490 638 583 663 meos,
605 631 656 667 qui
675 635 743 658 sitiit
765 630 795 659 in
821 630 913 667 cupite
934 638 1012 663 meo,

172 677 338 710 abrascris,
364 686 412 705 cro
439 676 543 705 similis
565 677 663 705 ceteris
691 676 872 710 bominibus,-
893 680 920 705 et
948 679 1013 710 tunc

44 728 158 753 Explicatur·
172 727 305 761 ceperunt
326 732 390 752 eum
420 723 584 752 Philistliaoi.
610 724 681 760 Quid
709 728 750 753 est
778 725 853 753 hoc?
875 740 912 745 -—
933 724 1013 758 Dico,

171 771 244 807 quod
266 770 374 799 abrasio
394 769 557 807 capillorum
581 770 716 807 significat
737 771 951 800 subtractionem
973 778 1014 799 se-

171 818 308 854 ptiformis
329 817 431 853 gratiae
454 817 572 853 Spiritus
594 817 679 846 sancti
693 819 710 845 ¹.
734 818 771 846 De
799 818 928 846 omnibus
949 818 1014 846 San-

171 865 221 893 ctis
242 865 355 901 planum
376 867 432 898 est,
458 864 544 901 quod,
571 865 703 901 quamdiu
726 865 858 894 remansit
884 873 948 894 cum
976 865 1015 894 eis

170 912 258 949 gratia
279 912 398 949 Spiritus
418 911 517 945 sancti,
540 912 624 940 fortes
645 912 766 941 suerunt.
788 928 823 933 --
849 913 939 949 Quare
960 920 1015 940 non

171 959 241 987 dixit
262 959 302 992 ei,
325 958 371 987 ubi
392 960 464 987 esset
484 958 616 987 fortitudo
644 967 693 987 sua
707 962 718 987 ’ἲ
746 958 855 993 Videte,
885 959 912 987 in
933 959 1015 988 amis-

171 1006 246 1035 sione
266 1006 385 1042 Spiritus
416 1005 502 1034 sancti
523 1008 564 1034 est
596 1006 644 1034 istc
667 1013 829 1042 processus;
859 1013 908 1042 per
936 1006 1015 1035 istam

37 1085 54 1098 m
72 1057 157 1099 Omblem-
171 1053 242 1081 viani
264 1053 390 1090 perditur
417 1052 535 1089 Spiritus
563 1056 682 1081 sauctus.
704 1054 828 1088 Quatuor
849 1055 915 1080 sunt
941 1053 1015 1081 oble-

38 1086 85 1123 ιιιῗιῗ.
114 1087 159 1104 ⁴¹¹¹³‘
172 1103 308 1129 ctamenta
329 1108 474 1134 sensuum,
497 1100 599 1128 scilicet
621 1099 785 1137 occupatio,
803 1099 956 1136 coyitatio,
971 1100 1016 1128 in—

171 1149 305 1177 curvatio
340 1147 524 1185 affectionum
559 1147 731 1176 interiorum
766 1148 793 1175 et
831 1146 1016 1183 tmpuynacz'o

170 1195 341 1224 divinarum
364 1195 466 1232 leyuin.
490 1194 517 1222 ln
539 1195 636 1223 ultimo
657 1193 792 1222 amittitur
815 1192 933 1229 Spiritus
954 1200 1015 1220 san-

170 1245 246 1276 ctus,
268 1242 295 1270 in
316 1241 376 1270 aliis
404 1249 470 1270 vero
491 1241 646 1278 disponitur
673 1241 755 1269 homo
776 1239 809 1268 ad
838 1239 898 1268 hoc.
926 1239 1016 1267 Primo

169 1289 295 1317 diabolus
315 1289 396 1317 oll'ert
417 1287 593 1317 delectabilia
611 1296 727 1320 sensus;
748 1290 775 1315 et
790 1287 841 1314 hoc
856 1289 898 1315 est
911 1289 1016 1323 septem

169 1335 292 1373 fiinibus
312 1336 452 1364 nerviceis
482 1335 567 1373 ligari.
591 1335 700 1373 Postea,
722 1342 786 1362 cum
815 1333 898 1362 homo
919 1333 1015 1361 immo-

170 1386 248 1411 ratur
263 1382 473 1420 cogitationibus
494 1382 521 1411 in
535 1381 687 1411 delectabili
709 1380 815 1415 oblato,
831 1384 895 1409 tunc
916 1380 1016 1417 ligatur

169 1433 273 1467 septem
288 1429 411 1467 funibus
424 1430 520 1464 noeis,
536 1429 588 1468 qui
601 1429 728 1457 nondum
744 1426 867 1464 fuerunt
881 1427 1014 1464 inopere.

170 1478 232 1506 Post
253 1477 379 1514 sequitur
401 1477 566 1505 incurvatio
581 1474 778 1513 affectionzmi:
801 1474 872 1503 sic-ut
893 1482 929 1502 ex
944 1474 1016 1502 mul-

171 1524 286 1553 titudine
308 1523 449 1552 radiorum
474 1525 623 1560 generatur
644 1521 733 1556 calor;
756 1522 808 1555 sic,
836 1521 947 1559 quando
975 1523 1017 1550 est

169 1572 316 1608 multiplex
331 1570 457 1607 cogitatio
479 1570 506 1598 in
527 1569 632 1603 anima,
656 1572 721 1597 tunc
740 1568 904 1597 incurvatur
926 1568 1017 1597 anima

170 1619 203 1647 ad
219 1618 301 1652 illud;
323 1621 349 1646 et
372 1618 423 1646 hoc
443 1616 578 1654 significat
593 1616 693 1654 liyatio
708 1616 837 1644 crinium
853 1624 920 1644 cum
935 1615 1017 1644 clavo

170 1666 201 1694 in
222 1668 310 1693 terra.
327 1664 421 1692 Adhuc
436 1672 490 1692 non
515 1663 605 1700 perdit
626 1663 709 1692 homo
723 1663 857 1700 Spiritum
880 1666 1015 1691 sanctum.

170 1712 221 1741 Sed
235 1714 335 1749 quarto
356 1711 483 1748 sequitur
507 1711 691 1748 impugnatio
710 1710 883 1739 divinarum
905 1710 1016 1747 leyum,

170 1767 233 1788 cum
248 1759 338 1788 crines
352 1759 448 1796 capitis
462 1758 645 1792 abraduntur,
656 1758 683 1786 id
694 1761 744 1791 est,
756 1766 819 1786 cum
834 1757 922 1794 gratia
933 1757 1017 1794 Spiri-

62 1808 157 1832 Erssot'us·
171 1810 216 1836 tus
233 1807 320 1836 sancti
341 1806 525 1835 subtrahitur.
542 1822 578 1826 —
594 1805 731 1834 Habemus
745 1804 837 1839 modo,
853 1813 869 1833 a
883 1813 939 1842 quo
954 1813 1017 1841 pro-

171 1853 242 1882 cedit
258 1853 361 1882 donum
383 1853 502 1890 Spiritus
516 1852 617 1886 sancti,
632 1853 698 1889 quia
715 1860 731 1880 a
749 1852 804 1881 Deo
818 1855 986 1889 proteqente,
1002 1860 1018 1880 a

170 1901 226 1930 Deo
241 1900 395 1929 redimente
409 1902 436 1928 et
450 1908 466 1927 a
487 1899 542 1928 Deo
557 1898 743 1927 inhabitante.
760 1899 810 1927 Per
824 1899 939 1935 gratiam
959 1898 1017 1934 Spi-

171 1948 242 1977 ritus
270 1947 356 1976 sancti
384 1950 484 1975 natura
508 1945 627 1975 custodit
653 1945 787 1982 originem
812 1945 899 1978 vitae,
920 1948 947 1973 et
968 1952 1018 1973 nos

170 1995 303 2024 debemus
316 1993 456 2023 custodire
470 1993 598 2029 spiritum
614 1992 692 2020 vitae.
715 1991 785 2028 Quid
800 1992 903 2020 valeret
922 1992 1016 2026 homo,

172 2042 222 2071 nisi
244 2042 359 2070 haberet
380 2040 512 2077 Spiritum
535 2041 685 2068 sanctum?

251 2089 277 2116 9.
300 2087 379 2116 Dicas
399 2086 499 2115 modo:
522 2093 571 2122 per
596 2084 663 2122 quid
683 2085 838 2121 disponitur
865 2085 957 2114 anima
983 2085 1017 2114 ad

52 2131 98 2150 pm
107 2131 128 2150 ¹¹·
138 2131 165 2150 ΒΘ
175 2134 377 2171 susceptionem
401 2132 526 2161 influxus
548 2132 626 2160 istius
647 2131 731 2160 doni?
749 2131 829 2165 Dico,
849 2132 922 2169 quod
941 2132 1017 2161 forti—

42 2155 253 2215 ffss‘gssfflffimdo’
276 2189 347 2218 quae
368 2183 409 2208 est
429 2179 532 2207 donum
554 2178 672 2215 Spiritus
693 2179 795 2213 sancti,
818 2179 892 2208 venit
913 2179 940 2208 in
968 2187 1018 2209 nos

39 2204 158 2257 {⁰⁵:⁰23ng
173 2228 262 2265 primo
278 2235 327 2264 per
348 2225 571 2263 inexpugnabile
584 2224 653 2261 fidei
672 2229 803 2258 scutum,·
818 2225 953 2261 secundo,
968 2235 1018 2264 per

173 2272 409 2312 imperturbabile
422 2273 484 2309 spei
496 2272 649 2305 solacium·
663 2275 690 2301 et
704 2272 800 2307 tertio,
816 2281 865 2310 per
880 2273 1018 2303 inexstin-

172 2321 279 2359 ,quibile
300 2320 436 2349 caritatis
457 2320 632 2348 incendium.

255 2370 298 2397 10.
315 2368 420 2402 Primo,
435 2367 508 2401 dieo,
523 2367 678 2404 disponitur
692 2368 784 2397 anima
797 2368 830 2397 ad
845 2369 948 2398 donum
964 2369 1018 2399 sor-

91 2421 160 2439 Prinu-
176 2415 299 2445 titudinis
321 2423 369 2452 per
390 2413 614 2451 inexpuynabile
633 2413 702 2452 futei
714 2419 838 2444 scutum,
860 2415 935 2444 Unde
950 2417 1018 2454 Apo-

175 2463 262 2492 stolus
282 2461 316 2490 ad
344 2461 480 2490 Hebraeos
495 2461 524 2489 2;
549 2462 606 2497 Qui
630 2470 684 2498 per
710 2461 795 2498 sidem
816 2462 947 2491 vicerunt
975 2471 1019 2491 re-

173 2518 234 2547 qna
255 2512 322 2543 etc.;
342 2507 432 2546 fortes
453 2507 527 2545 facti
546 2512 614 2537 sunt
635 2508 667 2537 in
697 2508 782 2542 bello,·
809 2509 843 2538 ad
872 2509 1017 2546 Ephesios:

177 2556 210 2584 ln
231 2555 366 2584 omnibus
386 2558 529 2584 sumentes
549 2558 666 2583 scutum
685 2555 769 2592 fidei,
791 2556 823 2585 in
850 2565 906 2595 quo
924 2557 1019 2594 possi-

176 2604 213 2632 tis
233 2603 334 2632 omnia
355 2603 410 2632 tela
430 2602 602 2640 nequissimi
622 2602 706 2640 iynea
726 2603 925 2641 exstinquere;
946 2607 973 2632 et
990 2604 1018 2633 in

239 2791 247 2804 ¹
265 2792 311 2815 Csr.
336 2791 417 2820 supra*
434 2798 489 2820 pag.
516 2792 571 2820 459,
594 2794 647 2814 nota
670 2792 693 2815 9.
719 2795 740 2815 et
768 2793 790 2815 in
814 2794 922 2816 llexaiim.
945 2795 1020 2821 collat.

181 2832 214 2854 14.
232 2838 253 2854 n.
272 2832 308 2854 23.

239 2869 248 2883 ²
265 2869 321 2897 Cap.
340 2870 376 2898 ll,
394 2870 431 2892 33.
449 2872 471 2892 et
488 2869 525 2892 34.
541 2882 573 2886 —
591 2870 644 2899 Seq.
663 2870 727 2893 locus
749 2873 782 2894 est
799 2872 856 2900 Eph.
874 2873 901 2899 6,
920 2872 961 2899 «165
979 2875 1021 2895 ter-

178 2910 222 2932 tius
239 2909 271 2931 ΙΙΙ.
289 2908 353 2931 Esdr.
370 2909 397 2935 3,
416 2908 495 2931 ⁴042.

240 2946 249 2960 ³
266 2947 337 2976 Epist.
353 2948 369 2969 l.
385 2947 447 2969 Ioan.
464 2948 489 2975 2,
508 2948 546 2970 ⁴6.
810 2948 820 2961 ⁴
837 2950 905 2972 Prov.
923 2950 965 2977 23,
983 2950 1021 2973 32¹.

240 2986 249 2999 ⁶
266 2987 350 3009 Psalm.
366 2986 409 3014 90,
427 2987 448 3009 5.
459 2998 490 3003 -
503 2987 556 3015 Seq.
573 2987 638 3010 locus
655 2990 688 3010 est
704 2988 719 3010 l.
736 2988 794 3010 Petr.
811 2988 838 3016 5,
856 2989 879 3011 8.
895 2991 917 3011 et
933 2989 961 3012 9:
978 2989 1021 3012 Ad-

178 3026 294 3059 xcrsarius
310 3028 387 3048 vester
404 3024 510 3048 diabolus
526 3028 636 3054 tanquam
654 3029 702 3055 εις,
718 3027 797 3050 tertius
813 3028 838 3050 ll.
854 3028 927 3050 Pal-al.
942 3028 981 3056 16,
1000 3029 1022 3051 9.

274 3073 300 3097 S.
316 3073 405 3097 Bonav.
422 3085 453 3089 —
471 3073 539 3096 Tom.
556 3073 585 3095 V.
607 3071 609 3073 '

1853 222 1904 251 [281

1072 299 1169 327 Esdra:
1185 301 1279 328 Fortis
1297 310 1341 328 res
1356 305 1396 329 est
1412 301 1521 335 vinum,
1533 300 1640 338 fortior
1651 305 1691 329 est
1702 309 1764 335 rex,
1775 300 1911 337 fortiores*

1070 350 1138 373 sunt
1158 347 1302 381 mulieres,
1321 348 1392 376 dixit
1414 348 1530 382 tertius;
1549 351 1575 376 et
1596 351 1714 385 quartus
1733 348 1822 376 dixit:
1840 347 1910 375 For-

1071 393 1184 421 tissima
1206 403 1250 422 res
1271 398 1310 422 est
1331 395 1446 423 veritas.
1470 411 1506 415 —
1528 394 1668 430 Ostendit,
1689 395 1808 432 qualiter
1830 394 1912 422 homo
1925 398 2031 440 miili?

1070 442 1158 476 potest
1186 441 1295 470 vincere
1322 441 1509 470 fortitudinem
1532 442 1639 470 diaboli.
1670 441 1800 470 Diabolus
1828 440 1912 469 trahit
2031 435 2035 439 ’

1071 486 1207 515 hominem
1229 488 1262 516 ad
1278 488 1525 524 concupiscentiam
1547 489 1650 523 carnis,
1665 489 1698 517 ad
1716 488 1911 525 concupiscen-

1070 533 1133 562 tiam
1156 535 1299 563 oculorum
1321 539 1348 564 et
1362 535 1395 563 ad
1417 536 1574 571 superbiam
1593 536 1662 564 vitae
1674 535 1693 564 ¹³.
1712 535 1912 572 Concupiscen—

1071 582 1107 610 tia
1128 583 1217 611 carnis
1240 582 1328 611 reddit
1351 582 1475 611 homines
1496 582 1673 617 fortissim053
1694 583 1783 611 multa
1803 583 1912 620 patiun-

1070 631 1116 657 tur
1145 629 1281 663 homines,
1310 631 1341 657 ut
1362 629 1466 665 possint
1497 629 1610 665 explere
1642 629 1781 658 libidinem
1813 629 1912 658 carnis.

1070 675 1207 710 Similiter,
1229 676 1342 704 ambitio
1363 676 1452 704 reddit
1472 676 1597 705 homines
1611 676 1707 710 sortes3
1730 680 1842 714 propter
1856 684 1913 705 am-

1070 722 1200 751 bitionem
1226 723 1363 751 honorum
1378 723 1458 751 multi
1480 723 1567 751 multa
1581 723 1733 760 patiuntur.
1757 724 1835 758 Item,
1850 731 1914 753 con-

1070 769 1239 805 cupiscentia
1262 769 1425 803 oculorum,
1452 777 1523 806 quae
1544 772 1585 798 est
1613 770 1763 799 tomentum
1785 770 1914 807 concupi-

1070 816 1189 845 scentiae
1209 820 1236 845 et
1264 816 1423 853 superbiae,
1452 816 1541 845 reddit
1569 817 1693 846 homines
1721 817 1821 852 fortes,
1849 818 1915 855 quia

1071 864 1158 892 multa
1176 863 1320 900 patiuntur
1336 864 1472 898 homines,
1494 867 1525 892 ut
1541 864 1701 901 temporalia
1718 864 1871 902 acquirant.
1887 864 1914 892 lu

1071 919 1136 948 regye
1156 911 1328 948 significatur
1347 911 1505 948 superbia,·
1526 911 1553 940 in
1573 912 1655 945 vino,
1681 912 1755 949 quod
1782 911 1846 941 facit
1867 912 1916 941 ho-

1072 957 1174 986 minem
1195 957 1337 986 ebriosum
1353 961 1381 987 et
1402 958 1491 987 reddit
1506 958 1645 987 hominem
1667 958 1812 993 audacem,
1833 958 1916 996 signi-

1072 1004 1171 1033 ficatur
1203 1005 1435 1042 concupiscentia
1469 1005 1629 1034 oculorum.
1662 1005 1798 1034 Scribitur
1813 1006 1842 1034 4;
1876 1005 1917 1034 Ne

1072 1052 1216 1080 intuearis·
1233 1052 1350 1086 vinum,
1372 1061 1440 1081 cum
1459 1052 1589 1089 flavescit
1607 1053 1634 1081 in
1656 1053 1768 1090 scypho.
1785 1053 1834 1082 Per
1853 1061 1917 1082 mu-

1073 1098 1155 1127 lieres
1180 1099 1351 1136 significatur
1376 1099 1607 1136 eoncupiscentia
1635 1100 1745 1128 carnis.
1774 1100 1850 1136 Quae
1877 1103 1919 1129 est

1072 1145 1188 1173 materia
1208 1145 1351 1174 resistendi
1367 1146 1444 1174 istis?
1458 1145 1600 1182 Quomodo
1618 1149 1707 1182 potest
1729 1146 1800 1175 vinci
1822 1146 1917 1175 vinum

1072 1194 1099 1219 et
1120 1192 1173 1219 alia
1193 1192 1271 1220 duo?
1293 1192 1373 1220 Dico:
1395 1200 1444 1228 per
1465 1192 1622 1220 veritatem.
1646 1192 1808 1221 Psaimus⁵2
1831 1192 1919 1221 Scuto

1072 1237 1267 1266 circumdabit
1288 1241 1312 1266 te
1332 1238 1441 1266 veritas
1455 1238 1527 1272 eius,
1543 1238 1646 1267 scilicet
1667 1247 1717 1275 per
1737 1239 1822 1275 sidem
1841 1240 1918 1268 inha—

1073 1284 1220 1319 bitantem,
1241 1293 1299 1313 non
1327 1284 1438 1313 timebis
1466 1293 1486 1313 a
1514 1285 1616 1314 timore
1643 1290 1786 1315 nocturno
1814 1289 1866 1316 etc.
1889 1287 1919 1315 Et

1072 1331 1169 1360 beatus
1197 1332 1294 1361 Petrus
1321 1331 1411 1360 dixit:
1435 1332 1636 1361 Adversarius
1660 1336 1751 1362 vester
1776 1338 1918 1372 tanquam

1073 1379 1112 1407 leo
1140 1379 1262 1417 rugiens
1290 1379 1413 1414 circuit,
1435 1388 1588 1418 quaerens,
1611 1389 1694 1419 quem
1715 1381 1850 1417 deuoret,-
1871 1382 1922 1410 cui

1071 1426 1195 1454 resistite
1214 1425 1305 1463 fortes
1327 1426 1357 1455 in
1378 1426 1442 1463 side.
1459 1427 1484 1455 Si
1506 1435 1675 1466 amaremus>
1691 1428 1851 1463 veritatem,
1866 1437 1919 1458 non

1073 1473 1234 1502 timeremus
1255 1473 1412 1508 diabolum,
1433 1475 1499 1511 quia
1520 1475 1654 1512 scriptum
1675 1478 1735 1504 est:
1760 1476 1845 1505 Ocu-li
1866 1477 1921 1505 Do-

1073 1520 1148 1549 mini
1168 1520 1401 1558 contemplantur
1422 1521 1593 1551 universam
1611 1526 1723 1552 terram
1743 1527 1768 1552 et
1782 1523 1921 1561 praebent

1073 1567 1277 1605 fortitudinem
1292 1567 1337 1596 liis
1352 1568 1404 1606 qui
1424 1569 1510 1597 corde
1521 1568 1648 1606 perfecto
1662 1570 1785 1599 credunt
1799 1571 1830 1599 in
1843 1579 1918 1600 eum.

1155 1616 1198 1643 11.
1221 1614 1345 1643 Secunda
1365 1615 1507 1652 dispositio
1527 1616 1653 1645 influxus
1667 1616 1729 1645 doni
1752 1617 1920 1647 fortitudinis
1932 1618 2028 1637 &eunda-

1073 1665 1115 1691 est
1136 1670 1185 1699 per
1207 1661 1443 1699 imperturbabile
1462 1662 1525 1699 spei
1543 1663 1689 1691 solatium.
1713 1663 1787 1692 Unde
1809 1665 1920 1701 Aposto-

1074 1709 1117 1738 lus
1150 1709 1184 1737 ad
1219 1709 1354 1737 Hebraeos
1368 1708 1398 1737 ⁶:
1435 1709 1641 1738 Fortissimum
1672 1709 1811 1739 babemus
1844 1712 1919 1741 sola-

1074 1756 1167 1789 tium,
1199 1756 1251 1794 qui
1281 1754 1469 1792 confuyimus
1490 1756 1530 1784 acl
1561 1757 1712 1785 tenemium
1736 1759 1920 1795 propositam

1073 1802 1155 1831 nobis
1175 1811 1262 1839 spem.
1292 1802 1324 1830 Et
1351 1802 1378 1830 in
1401 1802 1482 1831 lsaia:
1506 1803 1564 1839 Qui
1590 1807 1710 1841 sperant
1737 1805 1768 1833 in
1797 1805 1920 1835 Domino

1074 1849 1229 1877 mutabunt
1248 1848 1452 1886 fortitudinem
1469 1858 1556 1879 suam
1562 1860 1572 1884 ,·
1593 1855 1742 1880 assument
1760 1861 1874 1889 pennas
1888 1857 1922 1882 ut

1074 1896 1207 1934 aquilae,
1230 1900 1349 1924 current
1380 1900 1406 1925 et
1424 1905 1483 1925 non
1504 1897 1700 1933 laborabunt;
1728 1899 1922 1930 ambulabunt

1073 1946 1099 1971 et
1121 1951 1180 1982 non
1206 1942 1344 1979 deficient.
1374 1943 1459 1972 Homo
1490 1944 1608 1974 libenter
1636 1949 1760 1982 portaret
1790 1955 1921 1984 magnum

1073 1997 1144 2018 onus
1164 1997 1216 2026 pro
1236 1998 1330 2019 marca
1350 1990 1421 2019 auri.
1441 1991 1467 2019 Si
1487 1992 1705 2021 tantum‘reficit
1726 1994 1856 2028 musca⁷;
1871 1994 1921 2031 igi-

1075 2040 1121 2065 tur
1141 2037 1261 2066 multum
1282 2037 1399 2066 deberes
1420 2041 1446 2067 te
1468 2046 1579 2067 movere
1599 2039 1633 2067 ad
1655 2040 1847 2069 sustinendum
1870 2049 1921 2077 pro

1074 2092 1122 2121 spe
1142 2083 1230 2113 futuri
1253 2084 1367 2121 praemii
1388 2088 1416 2114 et
1437 2086 1549 2114 aeterni.
1573 2086 1601 2115 ln
1623 2086 1679 2115 Deo
1699 2087 1832 2116 debemus
1856 2096 1921 2117 con-

1074 2131 1175 2165 fidere,
1203 2131 1269 2169 quia
1296 2132 1349 2160 dat
1376 2131 1453 2161 lasso
1474 2132 1678 2170 fortitudinem
1689 2134 1709 2162 ⁸.
1740 2135 1922 2172 Philosophus

1074 2178 1150 2213 vult,
1171 2178 1246 2216 quod
1273 2187 1330 2207 una
1356 2179 1390 2208 de
1411 2179 1563 2209 virtutibus
1590 2181 1776 2211 cardinalibus
1803 2183 1838 2211 sit
1863 2191 1920 2211 ina-

1075 2226 1253 2263 gnanimitas;
1275 2226 1323 2255 sed
1344 2234 1398 2255 non
1419 2230 1540 2263 oportet,
1562 2228 1636 2265 quod
1657 2229 1692 2258 sit
1712 2229 1738 2257 in
1762 2232 1803 2263 te,
1824 2229 1870 2258 sed
1893 2230 1921 2258 in

1075 2273 1131 2302 Deo
1152 2273 1204 2302 ista
1224 2274 1450 2310 magnanimitas,
1472 2283 1544 2311 quae
1565 2278 1606 2304 est
1626 2276 1723 2304 virtus.

1157 2322 1200 2349 12.
1222 2321 1314 2350 Tertio
1335 2321 1490 2358 disponitur
1519 2322 1601 2351 homo
1629 2322 1663 2351 ad
1690 2323 1831 2353 iiitluxum
1856 2323 1919 2353 doni
1933 2325 2003 2344 Term-

1075 2368 1245 2397 fortitudinis
1266 2376 1315 2405 per
1337 2368 1571 2406 inexstinguibile
1589 2370 1725 2399 caritatis
1746 2371 1920 2400 incendium.

1076 2415 1151 2444 Unde
1172 2415 1199 2444 in
1220 2415 1331 2444 Cantico
1344 2415 1374 2444 ⁹:
1396 2416 1475 2444 Pone
1498 2425 1542 2444 me
1570 2420 1602 2445 ut
1626 2417 1813 2455 signaculum
1832 2426 1921 2454 super

1076 2471 1127 2491 cor
1148 2466 1248 2497 tuum,
1270 2467 1303 2491 ut
1323 2463 1511 2501 signaculum
1531 2473 1620 2502 saper
1642 2464 1796 2494 brachium
1817 2469 1922 2499 tuum,-

1076 2510 1148 2548 quia
1168 2509 1256 2547 fortis
1277 2514 1316 2539 cst
1337 2514 1371 2539 ut
1390 2519 1471 2539 mors
1491 2511 1621 2547 dilectio,
1636 2513 1716 2541 dura
1736 2513 1812 2541 sicat
1832 2512 1921 2551 infer-

1076 2566 1133 2585 nus
1147 2558 1306 2587 aemulatio
1314 2569 1324 2592 ‚·
1338 2558 1490 2596 lampades
1504 2559 1567 2588 cius
1582 2560 1731 2597 lampades
1746 2560 1823 2598 iynis
1838 2565 1923 2599 atque

1075 2604 1268 2641 flammarum
1279 2616 1290 2640 ‚·
1311 2614 1405 2644 aquae
1425 2606 1534 2635 multae
1553 2616 1612 2635 non
1637 2611 1796 2644 potuerunt
1815 2609 1922 2637 exstin-

1141 2793 1151 2806 θ
1166 2794 1222 2823 cap.
1242 2796 1269 2823 6,
1287 2797 1323 2818 18.
1341 2808 1372 2813 -
1389 2798 1442 2825 Seq.
1459 2797 1523 2820 locus
1540 2800 1574 2820 est
1590 2798 1639 2820 lsai.
1659 2798 1701 2825 40,
1719 2799 1756 2821 31.

1138 2831 1147 2845 ’
1166 2834 1196 2856 lta
1214 2834 1236 2856 S.
1248 2835 1382 2858 Franciscus
1398 2842 1483 2858 vocare
1500 2836 1588 2859 solebat
1605 2837 1742 2864 pecuniam,
1755 2837 1795 2859 cfr.
1808 2837 1922 2864 opuscula

1077 2873 1142 2900 eius,
1159 2874 1258 2902 Apopht.
1276 2874 1318 2902 47,
1336 2875 1428 2903 Bonav.,
1447 2876 1497 2898 Vita
1516 2882 1528 2898 c
1552 2876 1575 2898 7.

1139 2909 1149 2923 ⁸
1165 2912 1215 2934 lsai.
1232 2912 1274 2939 40,
1292 2913 1329 2935 29.
1346 2913 1389 2935 Pro
1406 2913 1581 2943 fortitudinem,
1599 2915 1662 2943 quod
1682 2915 1702 2936 in
1715 2914 1763 2936 aliis
1776 2913 1922 2936 versionibus

1078 2951 1201 2978 invenitur,
1219 2951 1317 2979 Vulgata
1339 2952 1458 2976 virtutem.
1475 2965 1506 2970 —
1523 2953 1555 2975 De
1580 2953 1690 2976 sententia
1714 2953 1844 2980 Philosophi
1867 2952 1921 2974 vide

1077 2996 1147 3018 supra
1164 2995 1219 3017 pag,
1236 2990 1294 3018 354,
1312 2994 1366 3014 nota
1384 2992 1405 3015 4.
1423 2995 1444 3014 et
1461 2998 1516 3020 pag.
1534 2993 1591 3020 355,
1609 2996 1661 3015 nota
1684 2993 1718 3014 ll.

1139 3027 1150 3041 ⁹
1167 3028 1222 3058 Cap.
1241 3030 1267 3056 8,
1285 3030 1307 3052 6.
1324 3033 1346 3052 et
1362 3030 1385 3053 7.

1799 3078 1823 3099 61
