2285 3398
286 374 340 393 Ratio
352 374 370 392 2.

383 104 421 132 24

385 179 536 209 seeundum
558 179 631 215 quod
651 186 709 206 esse
730 177 832 205 habent
852 177 879 205 in
895 177 1007 213 proprio
1028 184 1140 213 genere,
1162 175 1227 212 quia

384 226 534 262 utrobique
555 228 619 253 sunt
640 223 798 259 mutabiles,
819 223 871 251 nisi
895 223 987 259 aliquo
1011 222 1092 250 modo
1105 222 1227 260 *attingat

385 280 445 306 east,
467 272 495 300 in
516 274 651 308 quantum
672 273 737 299 sunt
758 271 785 298 in
806 273 865 298 arte
886 273 1005 298 aeterna.

463 319 555 354 Ipsum
575 318 657 346 etiam
679 316 796 353 requirit
810 316 939 353 ctiynitas
953 324 990 344 ex
1011 318 1088 351 parte
1102 315 1226 343 scientis.

384 365 452 393 Cum
473 364 545 393 enim
566 363 680 400 spiritus
701 362 840 391 rationalis
861 362 960 391 habeat
981 362 1153 398 superiorem
1167 368 1229 396 por-

385 412 486 439 tionem
507 410 621 438 rationis
641 412 667 438 et
686 409 858 442 inferiorem3
882 409 953 437 sicut
973 408 1006 435 ad
1027 407 1140 443 plenum
1161 406 1229 434 iudi-

385 458 458 486 ciimi
486 456 599 485 rationis
626 455 836 484 deliberativum
864 455 891 482 in
919 453 1030 490 agendis
1051 460 1105 480 non
1127 451 1228 480 sufficit

384 503 607 540 portioinferior
628 502 686 530 sine
707 501 857 537 superiori,
886 501 924 529 sic
945 502 972 527 et
993 499 1026 527 ad
1054 499 1166 538 plenum
1187 506 1229 526 ra-

386 550 466 578 tionis
484 549 617 577 iudicium
644 548 672 575 in
694 546 896 583 speculandis¹.
928 546 996 574 Haec
1018 548 1110 573 autem
1137 544 1228 581 portio

386 596 512 632 superior
533 597 574 623 est
596 594 653 627 illa,
675 594 702 621 in
723 601 778 629 qua
799 595 840 621 est
860 592 949 628 imago
970 591 1033 625 Dei,
1055 598 1125 627 quae
1146 594 1173 619 et
1187 598 1229 619 ae-

386 641 472 670 ternis
493 641 596 677 regulis
616 639 780 668 inhaerescit
801 642 827 667 et
849 646 897 675 per
918 646 964 667 eas
978 637 1112 674 quidquid
1133 637 1227 665 definit

387 687 613 716 certitudiualiter
635 686 736 714 iudicat
756 688 782 713 et
796 685 902 719 definit;
925 687 952 713 et
974 685 1025 712 lioc
1046 684 1174 719 competit
1189 683 1226 716 ei,

387 735 414 763 in
436 737 569 770 quantum
590 736 631 761 est
652 733 740 768 imago
761 731 817 759 Dei.

464 780 596 808 Creatura
616 779 688 807 enim
709 780 884 814 comparatur
906 777 939 805 ad
960 777 1047 805 Deum
1070 776 1097 804 in
1122 776 1228 805 ratione

245 826 514 881 ssfigffficffilvefflffli’
536 825 676 862 z’magyz‘nz's
697 828 723 853 et
743 823 954 852 similitudinis.
981 823 1009 851 In
1031 826 1166 859 quantum
1186 830 1229 850 vve-

252 882 329 922 garatur
355 873 523 910 adstzyz‘mn,
545 875 722 908 comparatur
741 871 775 899 ad
802 871 889 899 Deum
911 873 943 898 ut
970 870 1010 898 ad
1027 869 1228 906 principiani,-

271 908 319 922 eum.

245 1158 320 1182 Triplex
334 1163 375 1181 gra-

257 1182 293 1200 dus
299 1181 374 1208 divinae

257 1207 374 1246 ἓῖἓρετεῑιο-

257 1343 375 1368 Explicatur.

259 1574 375 1593 Notandum.

385 920 412 948 in
434 923 569 956 quantum
601 919 715 955 imago,
747 920 922 953 comparatur
948 916 981 944 ad
1012 916 1099 944 Deum
1131 918 1162 943 ut
1190 915 1229 943 ad

386 966 542 998 obtectam,-
563 964 609 993 sed
637 965 664 992 in
685 966 821 1000 quantum
848 962 1026 995 similitudo,
1052 964 1228 997 comparatur

386 1013 420 1042 ad
450 1013 537 1041 Deum
568 1014 599 1039 ut
620 1011 660 1039 ad
692 1010 800 1038 (Ionam
822 1008 964 1046 infusam.
998 1009 1029 1036 Et
1060 1008 1120 1036 ideo
1141 1007 1229 1036 omnis

386 1062 514 1088 creatura
535 1061 576 1086 est
596 1057 764 1094 vestigium,
793 1063 864 1093 quae
885 1058 926 1084 est
946 1063 962 1083 a
982 1055 1053 1088 De0;
1079 1054 1168 1082 omnis
1189 1056 1230 1082 est

386 1106 499 1142 imayo,
515 1112 585 1142 quae
600 1103 738 1140 cognoscit
752 1103 855 1135 Deum;
877 1101 965 1130 omnis
979 1104 1006 1130 et
1021 1101 1077 1129 sola
1095 1103 1136 1129 est
1149 1100 1230 1128 sinzi-

388 1152 494 1185 tituclo,
516 1152 543 1179 in
565 1159 620 1187 qua
640 1150 745 1178 habitat
775 1149 849 1177 Deus
863 1149 882 1176 2.
916 1148 946 1176 Et
967 1148 1118 1176 secundum
1146 1147 1230 1175 istuin

388 1198 523 1234 triplicem
555 1196 671 1233 gradum
699 1194 910 1231 comparationis
938 1194 1040 1230 triplex
1061 1196 1102 1221 est
1129 1193 1231 1229 gradus

388 1244 504 1272 (livinae
522 1241 740 1280 cooperationis.

467 1290 494 1317 ln
516 1296 614 1325 opere,
636 1288 709 1324 quod
730 1290 771 1315 est
797 1295 813 1314 a
840 1289 966 1315 creatura
988 1293 1037 1322 per
1057 1285 1169 1313 modmn
1190 1293 1231 1312 ve-

387 1336 483 1373 stigii,
506 1337 669 1371 cooperatur
691 1334 764 1362 Deus
786 1341 834 1369 per
860 1332 972 1360 modum
991 1331 1135 1368 principii
1155 1340 1232 1359 crea-

389 1382 441 1410 tivi
448 1393 457 1415 ;
478 1382 506 1409 in
528 1388 610 1417 opere
631 1388 712 1413 vero,
733 1379 807 1416 quod
821 1381 862 1419 est
883 1387 899 1406 a
913 1381 1041 1407 creatura
1055 1385 1104 1414 per
1118 1377 1230 1405 modim]

387 1427 603 1460 similitudinis,
625 1427 695 1455 sicut
716 1428 757 1454 est
777 1433 847 1462 opus
868 1424 1041 1464 meritorium
1062 1427 1088 1452 et
1109 1424 1165 1452 Deo
1180 1424 1233 1460 pla-

389 1475 488 1509 citum,
511 1476 675 1510 cooperatur
706 1473 780 1501 Deus
812 1480 861 1508 per
891 1471 1005 1499 modum
1030 1471 1100 1499 doni
1120 1469 1216 1507 infusi
1223 1481 1232 1503 ;

388 1521 415 1550 in
436 1529 519 1557 opere
540 1528 621 1553 vero,
643 1519 716 1556 quod
738 1521 778 1547 est
799 1526 816 1546 a
829 1521 957 1547 creatura
972 1525 1021 1554 per
1036 1517 1148 1545 modum
1162 1517 1232 1545 ima-

387 1567 480 1605 ginis,
497 1569 661 1603 cooperatur
681 1565 755 1593 Deus
776 1572 826 1602 per
846 1564 959 1592 modum
978 1563 1103 1591 rationis
1124 1572 1233 1591 moven-

389 1614 461 1647 τῖ’-νῆ
482 1616 508 1642 et
529 1613 582 1641 tale
603 1616 643 1641 est
664 1620 734 1648 opus
755 1611 954 1640 certitudinalis
975 1610 1144 1647 cognitionis
1160 1610 1233 1647 quod

392 1661 501 1698 quidem
522 1668 576 1688 non
597 1662 638 1688 est
658 1667 674 1687 a
694 1659 799 1687 ratione
821 1657 944 1686 inferiori
966 1657 1023 1685 sine
1045 1657 1189 1693 superiori.

468 1707 601 1743 Quoniam
623 1706 707 1742 igitur
735 1704 933 1733 certitudinalis
961 1703 1078 1740 cognitio
1106 1703 1234 1739 competit

392 1754 500 1791 spiritui
521 1752 663 1786 rationali,
684 1752 712 1779 in
743 1753 878 1787 quantum
909 1752 950 1778 est
971 1749 1068 1786 imago
1089 1749 1154 1783 Dei,
1175 1749 1235 1777 ideo

392 1801 420 1829 in
441 1800 493 1828 hac
512 1799 666 1835 cognitione
686 1800 812 1826 aeternas
832 1796 952 1824 rationes
973 1795 1089 1832 attingit.
1106 1795 1157 1823 Sed
1171 1795 1236 1831 quia

393 1847 421 1875 in
442 1848 515 1874 statu
545 1845 605 1873 viae
635 1852 689 1872 non
720 1846 760 1872 est
791 1843 881 1871 adhuc
902 1842 981 1879 plene
1001 1841 1155 1875 deiformis,
1177 1841 1236 1870 ideo

394 1900 449 1920 non
470 1891 577 1928 attingit
598 1898 643 1919 eas
664 1891 737 1919 clare
764 1892 791 1918 et
821 1889 900 1926 plene
920 1891 947 1917 et
967 1888 1108 1922 distincte;
1131 1888 1178 1916 sed
1199 1895 1236 1916 se-

395 1937 515 1967 cundum
537 1937 611 1974 quod
631 1936 717 1973 magis
738 1936 781 1964 vel
801 1935 893 1964 minus
913 1935 948 1963 ad
967 1934 1177 1963 deiformitatem
1197 1941 1238 1962 ac-

253 1991 308 2018 Multi
318 1990 385 2017 gradus
394 1984 479 2018 cedit,
500 1983 652 2012 secundum
672 1983 724 2011 hoc
753 1982 840 2019 magis
871 1982 914 2011 vel
933 1981 1026 2010 minus
1047 1989 1092 2010 eas
1112 1980 1236 2017 attingit,

265 2020 285 2033 m
298 2014 353 2033 modo
361 2014 383 2032 11-

265 2037 382 2064 lavationes
391 2039 498 2068 semper
520 2034 611 2059 tamen
632 2030 724 2067 aliquo
744 2029 840 2063 modo,
854 2029 920 2066 quia
940 2036 1084 2065 nunquam
1098 2030 1188 2064 potest
1202 2027 1236 2055 ab

266 2060 368 2084 attingendi
371 2074 376 2079 .

394 2086 425 2107 eo
446 2077 516 2106 ratio
535 2077 660 2113 imaginis
681 2076 813 2113 separari.-
832 2075 908 2104 Unde
929 2075 995 2112 quia
1014 2075 1042 2103 in
1064 2077 1137 2104 statu
1158 2074 1238 2102 inno-

394 2124 501 2153 centiae
521 2125 582 2151 erat
600 2122 689 2159 imago
710 2122 768 2150 sine
788 2121 960 2150 deformitate
980 2121 1092 2157 culpae,
1113 2120 1237 2158 nondum

395 2173 486 2199 tamen
515 2169 620 2197 habens
650 2168 758 2205 plenam
788 2167 997 2196 deiformitatem
1028 2167 1146 2203 gloriae,
1177 2166 1238 2195 ideo

395 2216 544 2253 attingebat
554 2216 567 2232 4
587 2224 621 2244 ex
638 2218 736 2252 parte,
759 2214 807 2243 sed
820 2222 875 2242 non
890 2213 921 2241 in
935 2213 1103 2250 aenigmate.
1120 2213 1148 2241 In
1164 2215 1237 2241 statu

394 2271 460 2292 vero
479 2265 606 2291 naturae
627 2261 727 2298 lapsae
747 2262 822 2288 caret
842 2259 1023 2288 deiformitate
1044 2262 1071 2287 et
1091 2259 1174 2287 habet
1195 2258 1238 2287 de-

394 2309 578 2342 formitatem,
599 2308 660 2337 ideo
680 2307 788 2343 attingit
812 2314 858 2335 eas
878 2314 913 2334 ex
941 2309 1026 2343 parte
1046 2308 1073 2334 et
1101 2306 1132 2333 in
1163 2305 1238 2334 aeni-

395 2358 498 2394 gmate.
521 2355 550 2383 ln
571 2357 644 2383 statu
665 2361 732 2382 vero
751 2352 863 2391 yloriae
884 2354 959 2380 caret
979 2352 1052 2379 omni
1067 2351 1238 2379 deformitate

460 2510 468 2524 ²
486 2510 511 2533 ld
527 2513 573 2538 est,
590 2510 684 2539 quando
702 2509 824 2537 cognoscit
840 2509 914 2537 prima
926 2508 1040 2536 principia
1057 2510 1079 2530 et
1095 2507 1240 2530 universalia.

396 2563 428 2568 —
445 2550 461 2573 C
481 2549 545 2572 addit
560 2555 609 2572 non
624 2547 710 2578 sufficit
724 2553 750 2571 se
766 2547 818 2577 ipsa
829 2546 945 2576 superior,
961 2546 1009 2570 nisi
1018 2545 1117 2576 aspiciat
1133 2545 1188 2569 illas
1204 2552 1240 2569 su-

395 2595 485 2620 pernas
502 2588 572 2618 leyes.
759 2590 767 2594 ”

459 2626 470 2640 ²
486 2627 546 2650 Vide
557 2627 573 2649 1.
585 2627 647 2649 Sent.
659 2626 682 2648 d.
693 2626 716 2648 3.
728 2631 752 2653 p.
763 2625 779 2647 1.
787 2631 811 2653 q.
820 2625 842 2647 2.
852 2624 875 2646 in
884 2624 930 2646 flne
941 2626 964 2646 et
974 2623 1089 2652 Breviioq.
1100 2629 1124 2651 p.
1136 2624 1160 2646 11.
1170 2629 1190 2646 c.
1205 2623 1241 2645 ⁴2.

460 2664 469 2678 Β
486 2667 516 2689 lta
533 2665 550 2689 C
568 2665 619 2694 (cfr.
635 2671 658 2694 q.
676 2664 747 2694 seq),
765 2663 833 2686 ceteri
851 2662 920 2685 codd.
931 2661 1047 2685 movendi.
1059 2662 1154 2684 Inferius
1166 2667 1209 2690 pro
1220 2661 1242 2684 et

395 2704 477 2734 plene,
498 2704 563 2734 quod
584 2704 653 2726 ΑΒΕ
670 2703 789 2730 omittunt,
806 2702 853 2724 ΒΗ
870 2702 892 2724 et
904 2700 1024 2730 plenarie,
1042 2703 1064 2723 et
1080 2707 1122 2729 pro
1144 2700 1177 2723 ad
1196 2698 1243 2723 dei-

399 2743 543 2773 formitatem
565 2742 654 2766 accedit
676 2742 746 2764 ABE
771 2742 794 2764 et
816 2746 871 2764 cum
893 2738 1073 2769 deiformitatem
1095 2738 1191 2768 attingit
1206 2737 1243 2761 vel

400 2781 495 2805 accedit.

461 2818 471 2831 ⁴
489 2820 507 2841 G
524 2819 616 2847 supplet
627 2825 675 2842 eas.
691 2818 708 2842 C
718 2819 736 2841 D
745 2819 761 2840 F
770 2818 788 2840 G
796 2818 816 2840 Η
828 2817 936 2840 omittunt
948 2815 1054 2846 plenam.
1064 2828 1096 2833 —
1107 2816 1153 2839 Cfr.
1167 2816 1197 2838 de
1208 2815 1243 2837 his

402 2858 426 2880 Π.
444 2858 506 2880 Sent.
523 2858 545 2880 d.
562 2858 600 2880 23.
617 2864 637 2880 a.
655 2858 676 2880 2.
693 2864 716 2886 q.
734 2857 755 2879 3.

1036 98 1258 136 QUAESTIONES
1278 99 1477 127 DISPUTATAE

1282 178 1308 204 et
1323 176 1405 204 habet
1420 176 1528 212 plenam
1542 176 1768 209 deiformitatem,
1783 175 1843 204 ideo
1857 176 1965 212 attingit
1986 184 2032 204 eas
2046 176 2125 212 plene

1283 224 1309 249 et
1329 222 1482 258 perspicue.

1362 269 1494 301 Rursum,
1517 268 1582 304 quia
1602 276 1656 296 non
1678 276 1715 296 ex
1736 276 1764 296 se
1786 271 1844 296 tota
1865 271 1906 296 est
1920 268 2010 296 anima
2024 268 2125 305 imago,
2139 273 2244 302 timim,

1282 315 1343 343 ideo
1364 322 1427 343 cum
1448 315 1491 343 his
1511 313 1640 350 attingit⁵
1656 322 1752 342 rerum
1772 314 1963 343 similitudines
1977 315 2128 343 abstractas
2136 297 2262 364 ἓξὲξίῖἶι-Ξεέ

1283 369 1299 388 a
1319 361 1508 396 phantasmate
1539 363 1670 396 tanquam
1698 360 1839 396 proprias
1866 363 1893 389 et
1915 360 2066 389 distinctas
2086 368 2127 389 co-

1283 406 1429 443 gnoscendi
1450 407 1584 440 rationes,
1606 406 1664 434 sine
1691 406 1793 443 quibus
1823 414 1877 434 non
1899 407 2000 435 sufficit
2021 407 2072 435 sibi
2092 407 2127 435 ad

1283 453 1501 488 cognoscendum
1523 453 1615 481 lumen
1637 452 1751 480 rationis
1771 455 1913 486 aeternae,
1935 453 2067 489 quamdiu
2085 456 2127 482 est

1283 497 1310 526 in
1331 501 1405 526 statu
1426 499 1500 532 viae,
1523 499 1574 527 nisi
1595 499 1665 527 forte
1686 506 1735 535 per
1766 499 1911 535 specialem
1933 499 2126 528 revelationem

1283 544 1357 572 hunc
1378 547 1479 573 statum
1500 545 1721 578 transcenderet,
1743 545 1814 574 sicut
1835 545 1862 573 in
1884 545 1927 574 his
1949 545 1996 582 qui
2018 546 2127 582 rapiun-

1284 593 1346 624 tur,
1368 593 1395 619 et
1416 591 1443 619 in
1464 591 1621 628 aliquorum
1643 591 1856 620 revelationibus
1877 592 2086 628 Prophetarum.

1360 637 1567 666 Concedendum
1588 641 1629 667 est
1649 638 1746 674 igitur,
1762 638 1833 666 sicut
1848 638 1966 666 rationes
1980 638 2127 667 ostendunt
2139 643 2233 666 Epilogus-

1283 686 1310 711 et
1330 683 1472 720 Augustini
1493 684 1669 712 auctoritates
1690 691 1822 720 expresse
1843 687 1985 718 asserunt,
2007 684 2082 721 quod
2099 684 2126 712 in

1283 730 1356 757 omni
1388 730 1571 758 certitudinali
1605 731 1758 767 cognitione
1789 731 1909 759 rationes
1940 731 2001 759 illae
2032 739 2128 767 cogno-

1284 776 1375 804 scendi
1396 784 1411 804 a
1432 780 1610 813 cognoscente
1631 777 1820 813 attinguntur,
1843 777 1905 805 licet
1932 777 2011 805 aliter
2032 785 2048 804 a
2069 777 2128 805 via-

1285 826 1344 851 tore
1364 826 1391 851 et
1411 823 1490 851 aliter
1510 831 1526 851 a
1547 822 1812 859 comprehemtente,
1834 824 1913 852 aliter
1940 832 1957 852 a
1977 824 2080 852 sciente
2100 826 2127 852 et

1285 869 1363 897 aliter
1384 877 1400 897 a
1420 870 1563 906 sapiente,
1584 870 1662 897 aliter
1692 878 1708 897 a
1736 868 1924 906 prophetante
1954 873 1981 898 et
2012 870 2091 898 aliter
2112 878 2128 897 a

1285 916 1474 944 communiter
1495 915 1678 953 intelligente,
1700 916 1771 944 sicut
1792 916 1846 944 iam
1868 917 1956 953 patuit
1977 919 2004 944 et
2024 916 2127 953 patebit

1285 962 1312 990 in
1333 962 1504 991 obiectorimi
1525 963 1715 991 solutionibus.

1367 1010 1389 1036 1.
1412 1008 1449 1036 Ad
1470 1009 1537 1037 illud
1568 1017 1633 1045 ergo
1664 1009 1738 1045 quod
1769 1008 1896 1037 obiicitur
1927 1009 2032 1045 primo,
2054 1008 2126 1045 quod
2140 1012 2211 1031 Solutio
2224 1018 2258 1036 oi»-

2112 1054 2116 1058 ,
2145 1036 2255 1059 positorum.

1286 1055 1375 1083 lucem
1396 1055 1500 1083 habitat
1522 1055 1750 1087 inaccessibilem;
1773 1054 1934 1088 dicendum,
1949 1054 2023 1091 quod
2044 1054 2129 1091 loqui-

1286 1104 1333 1129 tur
1353 1101 1387 1129 de
1408 1101 1453 1129 illo
1474 1109 1601 1133 accessu,
1623 1101 1670 1137 qui
1692 1101 1754 1129 est6
1775 1101 1809 1129 ad
1829 1101 1903 1129 illam
1918 1101 2007 1129 lucem
2022 1101 2049 1129 in
2064 1108 2129 1129 suae

1287 1147 1417 1175 claritatis
1438 1147 1607 1183 plenitudine
1638 1150 1665 1175 et
1695 1147 1816 1183 fulgore,
1838 1155 1893 1183 quo
1913 1147 1994 1175 modo
2015 1155 2069 1175 non
2090 1154 2131 1175 ac-

1287 1193 1393 1221 ceditur
1414 1193 1447 1220 ad
1469 1193 1555 1229 ipsam
1582 1201 1632 1229 per
1663 1193 1811 1229 potentiam
1833 1196 1991 1226 creaturae,
2013 1193 2060 1221 sed
2081 1200 2130 1229 per

1286 1238 1495 1267 deiformitatem
1515 1239 1625 1275 gloriae.

1366 1286 1391 1313 2.
1414 1285 1451 1313 Ad
1471 1285 1539 1313 illud
1559 1285 1633 1322 quod
1653 1285 1797 1319 obiicitur,
1819 1285 1893 1322 quod
1914 1285 2013 1313 mentis
2035 1285 2129 1313 huma·
2152 1290 2157 1292 “

1288 1339 1338 1359 nae
1359 1331 1430 1360 acies
1460 1331 1578 1360 invalida
1608 1331 1635 1359 in
1665 1334 1720 1359 tam
1751 1331 1896 1360 excellenti
1918 1332 1979 1360 luce
1999 1339 2054 1359 non
2074 1330 2131 1367 figi-

1289 1380 1334 1406 tur
1356 1380 1423 1410 etc.;
1445 1378 1605 1411 dicendum,
1628 1378 1701 1414 quod
1732 1378 1766 1406 ad
1797 1379 1864 1411 boc,
1890 1378 1964 1414 quod
1985 1379 2129 1414 cognoscat

1288 1432 1337 1461 per
1358 1428 1483 1453 aeternas
1504 1424 1634 1457 rationes,
1655 1432 1709 1452 non
1730 1427 1850 1460 oportet,
1866 1424 1940 1461 quod
1954 1425 1982 1452 in
1996 1424 2049 1453 illis
2069 1424 2132 1461 figa-
2145 1429 2258 1448 Notandum-

1289 1474 1351 1505 tur,
1372 1471 1423 1499 nisi
1444 1471 1472 1498 in
1493 1473 1628 1507 quantum
1648 1471 1786 1507 cognoscit
1806 1471 2024 1508 sapientiatiter.
2047 1471 2129 1500 Aliter

1288 1517 1360 1546 enim
1381 1517 1488 1553 attingit
1510 1517 1569 1545 illas
1590 1517 1709 1545 rationes
1729 1517 1863 1554 sapiens,
1885 1520 1912 1546 et
1926 1517 2005 1546 aliter
2019 1518 2128 1546 eciem:

1289 1564 1377 1592 sciens
1408 1563 1515 1600 attingit
1546 1563 1605 1592 illas
1635 1566 1667 1591 ut
1697 1567 1853 1597 moventes,
1876 1564 1983 1600 sapiens
2014 1563 2132 1592 vero‘ut

1288 1610 1463 1648 quietantes;
1484 1613 1511 1638 et
1531 1610 1565 1638 ad
1596 1610 1667 1638 hanc
1699 1610 1858 1646 sapientiam
1890 1618 1970 1638 nemo
1991 1610 2131 1646 pervenit,

1295 1656 1371 1685 «nisi
1392 1656 1481 1693 primo
1501 1664 1551 1692 per
1572 1656 1634 1685 fidei
1655 1656 1787 1685 iustitiam
1807 1656 1973 1685 emundetur
1985 1656 2034 1683 ⁷».

1369 1702 1394 1731 3.
1417 1703 1455 1731 Ad
1475 1702 1543 1730 illud
1574 1702 1648 1738 quod
1678 1702 1822 1736 obiicitur,
1844 1703 1919 1739 quod
1948 1710 2026 1731 mens
2046 1702 2134 1731 incor-

1290 1756 1439 1785 porearum
1460 1756 1555 1776 rerum
1576 1756 1624 1784 per
1656 1756 1684 1777 se
1715 1749 1802 1785 ipsam
1833 1749 1916 1777 habet
1936 1749 2075 1783 notitiam;
2096 1748 2134 1777 di·

1291 1795 1424 1828 cendum,
1446 1794 1520 1831 quod
1541 1794 1611 1822 sicut
1631 1794 1659 1822 in
1687 1794 1817 1831 operibus
1848 1798 1992 1823 creaturae
2012 1803 2067 1823 non
2087 1802 2134 1823 ex·
2148 1799 2261 1819 Notandum-

1291 1841 1412 1869 cluditur
1437 1840 1592 1877 cooperatio
1622 1840 1772 1875 creatoris,
1795 1841 1833 1869 sic
1863 1841 1891 1869 in
1912 1841 2018 1869 ratione
2039 1848 2134 1877 cogno—

1291 1887 1382 1915 scendi
1404 1889 1496 1915 creata
1520 1895 1574 1915 non
1605 1886 1764 1915 excluditur
1792 1886 1862 1915 ratio
1889 1886 2068 1923 cognoscendi
2095 1886 2134 1915 in-

1291 1936 1395 1967 creata,
1418 1933 1465 1961 sed
1485 1933 1576 1969 potius
1597 1933 1748 1961 includitur
1769 1933 1796 1961 in
1817 1928 1913 1962 eadem
1924 1933 1943 1961 ⁸.

1370 1980 1396 2008 [ι.
1418 1979 1456 2008 Ad
1476 1979 1543 2008 illud
1564 1979 1639 2016 quod
1658 1979 1802 2013 obiicitur,
1824 1979 1898 2016 quud
1919 1979 1993 2008 videt
2012 1979 2041 2007 in
2072 1979 2133 2008 luce

1292 2027 1334 2055 sui
1355 2026 1478 2063 generis;
1499 2026 1552 2054 dici
1573 2028 1677 2062 potest,
1699 2025 1773 2063 quod
1793 2026 1868 2062 large
1892 2025 1993 2054 dicitur
2016 2025 2067 2053 tux
2086 2025 2136 2053 sui

1291 2073 1404 2110 yeneris
1424 2073 1512 2101 omnis
1533 2073 1584 2101 lux
1614 2073 1791 2109 incorporea,
1812 2072 1869 2101 sive
1897 2074 1990 2100 creata
2020 2072 2077 2100 sive
2097 2071 2135 2100 in-

1292 2122 1397 2153 creata;
1419 2119 1463 2147 vel
1483 2118 1505 2146 si
1537 2118 1704 2155 intelligatur
1735 2118 1769 2146 de
1800 2118 1862 2146 luce
1883 2120 1990 2151 creata,
2012 2125 2062 2154 per
2082 2118 2135 2146 hoc

1293 2174 1346 2194 non
1367 2164 1526 2194 excluditur
1547 2164 1597 2193 lux
1618 2165 1751 2198 increata;
1767 2172 1819 2193 nec>
1837 2164 1977 2200 sequitur,
1992 2163 2066 2200 quod
2079 2172 2134 2192 nou

1293 2218 1489 2249 cognoscamus
1510 2210 1537 2238 in
1567 2208 1682 2239 veritate
1712 2212 1838 2244 aeterna,
1860 2209 1907 2238 sed
1938 2209 2012 2246 quod
2032 2217 2087 2238 non
2118 2219 2135 2238 ,ι

1293 2258 1339 2286 illa
1359 2258 1431 2291 sola,
1453 2265 1551 2285 veruin
1571 2257 1653 2285 etiam
1672 2257 1701 2285 in
1731 2256 1834 2285 lumine
1864 2255 1988 2284 veritatis
2012 2258 2135 2290 creatac;

1294 2307 1321 2332 et
1340 2305 1393 2333 hoc
1414 2303 1525 2340 quidem
1546 2311 1644 2332 verum
1665 2306 1706 2332 est
1726 2310 1776 2331 nec
1797 2302 1889 2331 obviat
1912 2302 2039 2339 positioni
2060 2309 2137 2339 prae-

1295 2350 1382 2379 dictae
1393 2350 1412 2378 ⁹.

1359 2505 1368 2518 ⁶
1385 2507 1401 2528 F
1418 2506 1482 2528 addit
1497 2505 1576 2528 et'mm.

1358 2543 1368 2556 ⁶
1386 2545 1453 2567 Solus
1469 2544 1485 2567 C
1507 2543 1577 2566 habet
1597 2543 1639 2574 qui
1659 2545 1705 2571 est,
1727 2545 1750 2565 et
1769 2541 1863 2564 inferius
1883 2542 1986 2565 naturae
2007 2547 2050 2570 pro
2074 2547 2136 2565 crea-

1297 2585 1373 2608 turae.

1358 2621 1368 2636 ⁷
1385 2623 1414 2645 Ut
1430 2622 1484 2644 dicit
1499 2622 1596 2650 August.
1610 2622 1634 2644 in
1650 2621 1699 2649 ipsa
1711 2619 1839 2642 obiectione
1855 2619 1978 2647 allegatus;
1996 2619 2037 2641 cfr.
2048 2619 2064 2641 1.
2076 2619 2138 2641 Sent.

1298 2661 1321 2683 d.
1334 2661 1356 2684 2.
1372 2661 1429 2683 duh.
1446 2662 1468 2683 2.
1479 2673 1510 2677 —
1522 2660 1632 2689 Superius
1649 2665 1691 2687 pro
1709 2658 1733 2681 in
1749 2657 1797 2681 iltis
1814 2658 1857 2680 AB
1875 2657 1897 2679 in
1916 2656 1967 2680 illa.

1360 2696 1369 2710 ⁸
1386 2698 1402 2721 C
1420 2698 1461 2721 sed
1473 2698 1553 2729 potius
1570 2699 1595 2721 in
1611 2697 1692 2721 eadem
1708 2695 1858 2725 supponitur.

1360 2735 1370 2748 ⁹
1387 2736 1403 2759 C
1422 2738 1486 2765 legit:
1508 2737 1550 2761 sed
1570 2736 1633 2766 quod
1653 2741 1701 2758 non
1718 2734 1743 2757 in
1763 2734 1806 2757 illa
1827 2734 1922 2762 sotum‚·
1942 2739 2009 2756 mens
2030 2733 2090 2756 enim
2114 2733 2139 2756 in

1299 2777 1400 2805 atraque
1417 2776 1467 2800 luce
1483 2775 1599 2805 intelligit.
1615 2775 1646 2797 Et
1660 2774 1683 2797 si
1698 2773 1812 2801 obiicitur,
1830 2772 1893 2802 qued
1908 2771 1976 2795 oculo
1994 2771 2072 2795 carnis
2090 2772 2138 2801 sus-

1298 2814 1346 2845 fioit
1364 2814 1408 2838 lua:
1424 2815 1464 2838 sui
1479 2814 1571 2844 generis
1588 2819 1715 2842 corporea:
1732 2818 1789 2842 erqo
1805 2811 1881 2834 multo
1897 2810 1985 2840 fortius
2004 2811 2078 2834 menti
2091 2810 2140 2840 suf-

1299 2853 1360 2883 ficiet
1371 2853 1415 2876 lux
1426 2853 1465 2876 sui
1476 2852 1567 2882 =ceneris
1579 2853 1666 2880 creata,
1678 2858 1732 2875 cum
1743 2856 1808 2874 mens
1820 2850 1849 2873 sit
1857 2849 1976 2879 potentior
1981 2858 1991 2878 ,·
2002 2849 2137 2878 dicendum,
