2285 3398
349 124 386 151 80
997 119 1219 156 QUAESTIONES
1240 118 1439 147 DISPUTATAE

348 200 466 233 videtur,
488 199 561 236 quod
582 198 650 226 nihil
671 198 781 226 omnino
802 197 900 226 habeat
921 197 954 226 de
975 197 1079 226 ratione
1100 197 1189 225 intini—

349 247 423 281 tatis,
445 246 490 275 sed
512 245 584 282 quod
607 245 641 273 sit
661 244 846 273 finitissimum
868 244 895 272 in
917 252 953 273 se.

425 293 450 321 3.
474 292 554 326 Item,
577 291 644 320 nihil
667 294 826 319 removetur
848 298 912 319 vere
932 291 967 319 ab
988 291 1092 327 aliqu0,
1115 289 1190 327 quod

348 339 527 369 essentialiter
548 338 675 367 convenit
695 337 795 371 eidem3
817 337 864 366 sed
884 337 957 366 Deus
972 340 1012 365 est
1033 336 1096 364 finis
1116 343 1189 364 com—

347 386 424 422 plens
445 388 471 413 et
492 384 642 413 terminans
663 384 814 421 appetitum
834 384 934 412 mentis
954 385 1064 411 nostrae
1076 382 1101 409 ¹:
1123 389 1189 418 ergo

346 433 422 461 nullo
443 431 523 460 modo
544 426 633 468 potest
654 439 712 460 esse
733 430 871 459 infinitum
892 430 1015 459 divinum
1036 437 1110 462 6336,
1138 436 1189 456 nec

345 487 395 515 per
416 478 622 515 abnegationem
640 477 714 511 finis,
729 480 760 505 ut
778 480 819 506 est
833 476 980 509 terminus,
995 483 1045 504 nec
1059 475 1087 503 in
1101 483 1188 512 quan-

347 529 405 554 tum
426 519 664 561 complementum.

422 571 448 599 [ι.
471 571 552 605 Item,
579 571 715 599 «finitum
743 573 769 599 et
798 569 935 598 infinitum
962 571 1027 597 sunt
1047 568 1187 605 passiones

344 618 526 655 quantitatis2
541 629 571 652 »;
605 618 651 647 sed
682 618 709 646 in
731 617 787 645 Deo
813 624 867 644 non
899 618 940 644 est
970 623 1072 652 ponere
1093 622 1187 643 veram

344 665 538 702 quantitatem,
553 673 619 702 ergo
634 672 683 693 nec
698 671 791 692 veram
806 663 980 691 infinitatem:
996 662 1125 691 siautem
1139 669 1187 698 po-

343 712 420 740 nitur
440 712 532 749 aliqua
552 711 704 749 quantitas,
726 711 792 738 haec
813 712 854 738 est
868 709 994 743 virtutis,
1015 716 1086 745 quae
1100 708 1187 745 respi-

344 758 380 786 cit
401 758 562 794 potentiam,
584 766 637 786 non
659 757 821 786 essentiam:
843 763 909 792 ergo
932 755 1001 783 nihil
1028 755 1076 783 est'
1096 754 1187 783 dicere

343 804 488 833 essentiam
510 804 651 832 infinitam.

422 851 447 878 5.
470 850 548 884 Item,
570 849 642 878 idem
663 852 704 878 est
725 842 864 877 infinitum
886 851 913 877 et
937 848 1117 882 immensum;
1130 847 1187 891 *sed

343 897 507 926 immensum
535 897 635 925 dicitur
666 904 715 933 per
744 903 883 925 recessum
913 903 930 923 a
959 902 1090 924 mensura
1117 897 1144 923 et
1171 903 1187 923 a

342 940 437 972 modo:
460 951 525 981 ergo
547 943 618 972 idem
639 946 680 972 est
700 942 837 971 infinitum
859 944 886 970 et
910 949 1007 970 carens
1028 941 1109 970 modo
1130 941 1187 970 sive

342 990 569 1024 immoderatum3
592 990 639 1019 sed
659 989 732 1027 quod
754 992 829 1017 caret
853 988 933 1017 modo
954 991 1029 1017 caret
1050 988 1139 1025 specie
1160 991 1187 1016 et

342 1036 544 1074 pulcritudine:
559 1044 625 1073 ergo
639 1044 702 1065 cum
718 1036 770 1064 hoc
788 1044 841 1064 non
857 1037 993 1072 competat
1007 1034 1099 1063 divino
1114 1043 1185 1069 6336,

340 1086 414 1120 patet
425 1086 475 1111 etc.
964 1104 966 1107 .

421 1130 445 1157 6.
469 1130 548 1164 Item,
569 1137 649 1158 omne
677 1129 815 1158 infinitum
836 1129 937 1157 dicitur
964 1137 1014 1166 per
1039 1128 1186 1165 oppositio-

341 1184 402 1205 nem
426 1176 459 1204 ad
480 1176 625 1210 minimum
654 1179 681 1205 et
701 1184 750 1213 per
772 1183 912 1204 recessum
933 1175 968 1204 ab
992 1183 1039 1209 eo;
1068 1175 1115 1204 sed
1135 1175 1185 1203 mi-

341 1223 448 1251 nimum
478 1226 519 1251 est
540 1223 773 1259 simplicissimum
802 1223 829 1251 in
850 1230 1019 1259 unoquoque
1047 1222 1184 1259 genere³:

342 1278 407 1307 ergo
438 1270 577 1298 infinitum
607 1269 673 1298 dicit
704 1277 844 1298 recessum
875 1278 891 1297 a
922 1269 1103 1306 simplicitate.
1136 1269 1186 1297 Sed

341 1317 466 1345 diVinum
487 1325 545 1350 6336
569 1319 611 1345 est
632 1316 883 1353 simplicissimum:
909 1323 975 1352 ergo
995 1323 1050 1344 non
1078 1318 1119 1344 est
1146 1316 1187 1343 in-

341 1363 459 1391 finitum.

420 1411 444 1437 7.
469 1410 547 1443 Item,
562 1409 671 1438 nullum
692 1402 831 1437 infinitum
845 1409 921 1442 finit,
942 1409 1007 1445 quia
1028 1409 1184 1446 oppositum

340 1464 394 1484 non
416 1459 457 1484 est
478 1464 560 1484 causa
574 1456 707 1492 oppositi,
728 1458 756 1484 et
775 1467 788 1481 «
802 1456 871 1484 nihil
888 1455 934 1484 dat
948 1456 1027 1484 alteri
1042 1455 1116 1492 quod
1130 1464 1185 1484 non

340 1502 445 1531 hahet*
459 1513 489 1542 »j
518 1503 565 1531 sed
586 1503 659 1531 Deus
680 1503 772 1531 omnia
800 1502 859 1530 finit
880 1505 1010 1539 tanquam
1040 1502 1102 1531 finis
1123 1510 1185 1538 per-

330 1550 519 1587 erctissimus:
548 1557 615 1586 ergo
642 1550 716 1578 Deus
737 1557 791 1577 non
812 1552 853 1577 est
877 1549 1013 1583 infinitus,
1042 1557 1108 1586 ergo
1136 1557 1185 1577 nec

340 1599 473 1632 quantuni
495 1595 529 1624 ad
549 1604 607 1624 6336
628 1603 677 1624 nec
699 1598 834 1632 quantum
855 1594 889 1623 ad
909 1594 1013 1631 aliquid
1033 1595 1085 1623 sui.

396 1664 400 1667 ,
417 1643 442 1670 8.
466 1642 548 1676 ltem,
570 1642 639 1670 nihil
653 1644 693 1670 est
708 1641 846 1670 infinitum
861 1641 1034 1678 simpliciter,
1056 1642 1130 1678 quod
1144 1645 1185 1670 est

339 1689 446 1718 finitum
468 1696 593 1717 summae
614 1688 738 1723 veritati,
760 1696 831 1725 quae
859 1688 961 1717 iudicat
981 1688 1015 1717 de
1042 1688 1183 1723 omnihus,

339 1739 421 1773 prout
443 1735 544 1769 sunt⁵3
571 1735 618 1764 sed
639 1735 713 1764 Deus
740 1737 781 1764 est
802 1735 897 1764 finitus
918 1735 984 1769 sihi,
1012 1735 1134 1772 alioquin
1155 1743 1184 1764 se

338 1783 429 1819 ipsum
451 1783 611 1811 excederet:
634 1790 699 1820 ergo
723 1782 848 1811 divinum
870 1791 928 1810 6336
948 1790 1003 1811 non
1031 1785 1072 1811 est
1093 1782 1184 1811 infini-

340 1834 399 1858 tum
422 1830 573 1859 secundum
593 1837 665 1858 rem:
687 1837 753 1867 ergo
773 1832 824 1858 etc.

418 1878 443 1905 9.
466 1877 547 1911 Item,
570 1877 591 1905 si
612 1877 686 1906 Deus
707 1879 799 1914 posset
815 1884 904 1905 unum
925 1875 1033 1921 solum,
1051 1877 1089 1905 ita
1109 1877 1183 1914 quod

340 1932 394 1952 non
415 1924 483 1957 alia,
514 1923 638 1952 divinum
666 1923 772 1961 ρο3368
797 1923 935 1952 diceretur
967 1923 1091 1952 finitum:
1106 1929 1184 1952 'cum

341 1978 406 2006 ergo
427 1970 576 1998 consimilis
590 1970 624 1999 sit
646 1967 716 1998 ratio
729 1970 763 1998 de
780 1978 865 2006 posse
885 1972 912 1998 et
926 1978 998 2004 6336,
1020 1973 1047 1998 et
1061 1970 1184 1998 divinum

340 2024 398 2044 6336
419 2024 473 2044 non
496 2016 530 2044 sit
550 2016 602 2044 nisi
622 2024 710 2045 unum
732 2016 834 2051 solum;
857 2016 993 2053 sequitur,
1014 2016 1089 2053 quod
1116 2016 1184 2044 divi-

339 2070 406 2090 num
427 2070 485 2090 6336
506 2062 540 2090 sit
560 2062 677 2091 finitum.

420 2109 462 2136 10.
487 2109 564 2142 Item,
586 2109 678 2138 unitas
698 2112 739 2138 est
759 2109 880 2138 maxime
901 2109 978 2137 finita
1002 2109 1029 2137 in
1051 2117 1092 2143 se,
1118 2117 1181 2137 cum

341 2156 375 2185 sit
396 2156 563 2193 principium
581 2156 665 2184 totius
685 2156 898 2185 mensurationis
912 2155 1065 2184 secundum
1085 2164 1182 2184 nume-

340 2211 403 2231 rum
415 2203 440 2230 ⁷:
464 2203 485 2232 si
507 2211 572 2239 ergo
588 2202 712 2231 diVinum
726 2211 785 2231 esse
805 2206 846 2231 est
867 2210 968 2237 unum,
983 2210 1049 2240 ergo
1070 2211 1182 2232 mensu-

339 2253 445 2284 ratum,
467 2258 532 2286 ergo
553 2250 671 2278 finitum.

420 2299 461 2325 11.
485 2297 567 2331 Item,
588 2297 675 2334 magis
689 2300 730 2325 est
751 2297 859 2325 finitum
874 2305 969 2331 omne,
988 2297 1061 2334 quod
1075 2300 1116 2325 est
1131 2296 1182 2325 hoc

340 2348 366 2373 et
387 2344 613 2378 determinatum,
641 2352 723 2380 quam
744 2351 840 2378 omne,
868 2343 942 2381 quod
969 2352 1024 2372 non
1052 2346 1093 2372 est
1114 2342 1181 2377 hoc,

400 2540 408 2552 ¹
427 2541 485 2563 Vide
502 2541 538 2562 IV.
557 2541 617 2563 Sent.
634 2540 657 2563 d.
675 2540 711 2563 49.
728 2546 752 2568 p.
769 2541 784 2562 I.
801 2546 824 2569 q.
842 2541 863 2562 1.
880 2546 929 2568 seq.

400 2578 408 2591 ²
426 2580 551 2606 Averroes,
568 2580 589 2601 in
607 2579 622 2601 l.
639 2579 708 2607 Phys.
724 2579 816 2602 Aristot.
833 2581 886 2602 text.
904 2579 940 2602 ⁴5.
958 2578 987 2607 (C.
1000 2579 1041 2608 2.).
1053 2579 1112 2602 Vide
1124 2582 1180 2602 tom.

338 2619 353 2640 1.
370 2624 424 2645 pag.
441 2619 498 2645 768,
516 2621 569 2640 nota
586 2618 608 2641 7.

399 2655 408 2668 ⁹
425 2656 470 2679 Csr.
488 2658 590 2684 Aristot.,
608 2658 636 2679 V.
653 2655 751 2685 Metaph.
777 2659 828 2679 text.
851 2657 888 2679 42.
910 2659 933 2678 et
953 2657 982 2679 X.
1004 2659 1058 2679 text.
1075 2657 1096 2680 3.
1113 2663 1179 2686 seqq.

338 2695 384 2723 (IV.
400 2702 419 2717 c.
437 2696 458 2717 6.
476 2698 497 2717 et
514 2696 551 2718 IX.
569 2702 589 2717 c.
609 2696 645 2724 l.).

399 2733 408 2745 ⁴
427 2727 558 2757 secundum
576 2735 679 2761 Ariston,
692 2735 715 2756 11.
732 2735 824 2756 Eiencn.
836 2740 856 2756 c.
874 2735 896 2756 3.
909 2734 938 2763 (c.
950 2734 1048 2763 22.).—
1059 2735 1092 2756 De
1104 2735 1178 2762 prima

338 2772 424 2794 ratione
442 2773 530 2799 addim,
549 2774 571 2794 in
588 2779 633 2802 qua
651 2774 702 2795 voci
720 2772 821 2802 oppositi
836 2773 853 2795 Α
872 2773 996 2801 praemittit
1010 2772 1061 2801 sui,
1079 2774 1120 2796 cfr.
1142 2779 1178 2796 su·

339 2816 379 2838 pra
397 2817 450 2838 pag.
469 2811 509 2838 41,
527 2814 578 2833 nota
596 2812 618 2833 5.

400 2847 408 2860 ⁶
426 2849 483 2870 Vide
500 2855 569 2877 supra
587 2850 678 2878 Quaest.
696 2850 725 2872 de
742 2851 834 2872 scientia
851 2850 946 2877 Christi,
963 2857 986 2879 q.
1004 2851 1025 2873 1.
1042 2856 1091 2878 arg.
1109 2852 1131 2873 2.
1148 2851 1177 2873 ad

336 2894 419 2915 oppos

1247 195 1294 224 sed
1308 203 1453 224 commune
1474 198 1501 224 et
1515 196 1771 232 indeterminatum
1792 198 1839 227 sed
1853 207 1912 227 6336
1925 207 2070 228 commune
2080 223 2087 233 ,

1246 244 1341 278 utpote
1361 250 1420 270 6336
1449 241 1617 276 universale,
1639 245 1681 271 est
1710 243 1834 272 finitum:
1856 252 1922 282 ergo
1936 254 1999 275 cum
2019 247 2087 275 divi-

1221 303 1223 307 ·
1246 295 1314 316 num
1335 296 1393 315 esse
1413 288 1448 316 sit
1467 288 1611 325 proprium
1633 292 1660 317 et
1680 289 1906 325 determinatum,
1924 292 2014 329 ipsum
2035 293 2088 322 erit

1245 333 1366 363 maxime
1373 354 1378 359 .
1386 334 1505 365 finitum.

1293 404 1294 407 ,
1328 382 1372 409 12.
1394 381 1473 416 Item,
1494 390 1588 416 omne,
1609 382 1683 418 quod
1704 386 1745 412 est
1766 387 1923 421 separatum
1944 385 1978 414 ab
1996 386 2088 423 aliquo

1245 427 1396 456 secundum
1418 428 1524 462 locum,
1546 431 1587 457 est
1609 429 1718 458 finitum
1739 429 1891 459 secundum
1912 431 2086 460 existentiam

1245 473 1370 502 localem:
1386 481 1453 511 ergo
1466 475 1525 511 pari
1547 475 1653 504 ratione
1667 484 1763 511 omne,
1785 477 1857 514 quod
1873 480 1914 506 est
1929 477 2086 514 separatum

1245 520 1397 549 secundum
1424 529 1498 555 6336,
1526 524 1567 550 est
1598 522 1707 551 finitum
1728 524 1881 552 secundum
1911 524 2087 553 existentiam

1244 567 1415 601 naturalem,
1436 567 1484 596 sed
1503 568 1626 597 divinum
1648 577 1707 597 6336
1726 570 1848 599 maxime
1869 574 2026 608 separatum
2046 574 2087 599 est

1243 613 1278 642 ab
1298 613 1427 642 omnibus
1448 615 1599 643 secundum
1620 624 1692 650 6336,
1714 624 1777 644 cum
1800 617 1852 646 hoc
1873 620 2009 655 competat
2027 625 2085 645 mo-

1244 660 1296 688 tori
1325 660 1414 697 primo
1444 663 1471 689 et
1502 662 1752 698 completissimoss:
1783 671 1850 700 ergo
1880 664 2004 693 divinum
2029 673 2087 693 6336

1243 707 1352 735 finitum
1373 710 1415 736 est
1436 708 1587 737 secundum
1608 709 1967 740 existentiamnaturalem.

1324 753 1366 782 13.
1396 753 1478 788 Item,
1510 755 1537 783 in
1568 755 1668 784 divinis
1697 756 1766 785 illud
1796 759 1838 785 est
1868 765 1980 792 verum,
2012 758 2086 795 quod

1243 803 1357 837 propter
1377 809 1512 829 summam
1531 802 1733 839 simplicitatem
1754 811 1825 840 quae
1839 804 1970 833 dicuntur
1991 805 2019 834 in
2039 805 2087 833 ab-

1244 849 1345 876 stracto
1365 847 1497 876 dicuntur
1517 848 1545 877 in
1565 852 1707 884 concreto,
1728 853 1755 878 et
1775 857 1790 878 e
1811 858 1958 879 converso:
1981 851 2003 880 si
2021 859 2088 888 ergo

1243 901 1260 922 a
1280 894 1333 922 fine
1353 893 1455 922 dicitur
1476 894 1579 932 aliquid
1604 895 1738 932 finitum,
1759 900 1785 925 et
1811 897 1879 926 haec
1906 900 1947 926 est
1974 906 2039 927 vera
2060 901 2087 926 et

1244 941 1371 977 propria:
1387 941 1461 970 Deus
1480 944 1521 970 est
1542 942 1618 976 finis;
1641 951 1707 980 ergo
1727 946 1755 972 et
1775 944 1855 973 haec:
1876 945 1950 974 Deus
1964 948 2005 974 est
2025 945 2086 973 fini-

1244 990 1303 1016 tus:
1326 995 1392 1024 ergo
1413 988 1480 1017 haec
1501 991 1541 1017 est
1562 989 1736 1026 falsa,·qu0d
1758 990 1792 1019 sit
1813 991 1944 1020 infinitus.

1325 1034 1367 1062 14.
1395 1034 1476 1068 Item,
1507 1042 1587 1064 omne
1619 1037 1865 1072 comprehensibile
1896 1041 1937 1066 est
1961 1038 2085 1072 finitum;

1243 1080 1291 1109 sed
1311 1088 1392 1109 omne
1417 1081 1534 1118 simplex
1562 1085 1603 1110 est
1624 1083 1885 1119 comprehensibile:
1914 1092 1980 1122 ergo
2006 1093 2086 1113 omne

1243 1127 1361 1163 simplex
1383 1130 1424 1156 est
1444 1128 1569 1162 finitum;
1591 1129 1638 1157 sed
1658 1129 1783 1157 divinum
1804 1138 1863 1159 6336
1890 1134 1931 1159 est
1952 1131 2085 1168 simplex:

1243 1181 1309 1211 ergo
1329 1174 1446 1203 finitum.
1469 1175 1565 1203 Minor
1578 1175 1722 1212 probatur,
1744 1176 1809 1213 quia
1833 1185 1929 1212 omne,
1951 1178 2024 1215 quod
2047 1181 2086 1206 to-

1244 1224 1303 1249 tum
1324 1222 1507 1258 cognoscitur,
1528 1223 1787 1259 comprehenditur;
1802 1223 1849 1253 sed
1869 1232 1934 1253 cum
1949 1225 2087 1262 cognosci-

1243 1270 1289 1296 tur
1321 1268 1452 1304 simplex,
1485 1271 1572 1297 totum
1604 1269 1787 1306 cognoscitur,
1819 1278 1883 1299 cum
1910 1278 1965 1300 non
1986 1271 2086 1300 habeat

1244 1317 1350 1351 partem
1377 1318 1404 1343 et
1435 1319 1540 1352 partem
1553 1316 1573 1350 ⁹,
1598 1319 1625 1345 et
1656 1317 1809 1345 necessario
1830 1315 1871 1346 est
1901 1318 2010 1347 finitum
2032 1327 2085 1347 non

1243 1361 1333 1390 solum
1354 1362 1381 1390 in
1404 1370 1445 1395 se,
1467 1362 1512 1391 sed
1535 1363 1616 1391 etiam
1637 1363 1724 1392 nobis.

1325 1410 1367 1437 15.
1391 1409 1471 1442 Item,
1493 1413 1541 1437 aut
1562 1410 1675 1448 aliquid
1696 1410 1743 1439 Dei
1765 1414 1806 1439 est
1827 1411 1951 1445 finitum,
1973 1414 2021 1440 aut
2040 1411 2085 1440 ηἰ-

1243 1454 1300 1488 ltz‘t;
1322 1456 1343 1484 si
1364 1454 1439 1484 m'lzz'l
1459 1456 1506 1484 Dei
1528 1456 1652 1484 linitum.-
1675 1465 1740 1493 ergo
1761 1465 1824 1486 cum
1846 1465 1861 1486 a
1882 1458 1960 1486 finito
1973 1466 2027 1486 non
2042 1466 2087 1486 co-

1243 1505 1391 1539 gnoscatur
1412 1502 1515 1539 aliquid
1535 1503 1586 1531 nisi
1612 1503 1664 1531 sub
1692 1504 1797 1532 ratione
1825 1504 1910 1538 finiti,
1931 1504 2000 1533 nihil
2020 1512 2086 1541 ergo

1242 1548 1289 1576 Dei
1312 1548 1485 1585 cognoscitur
1506 1556 1522 1576 a
1535 1548 1627 1577 nobis:
1643 1556 1709 1585 ergo
1724 1557 1867 1586 nunquam
1882 1551 1986 1579 erimus
2004 1551 2084 1579 beati.

1243 1594 1293 1622 Sed
1315 1595 1367 1623 hoc
1387 1593 1428 1623 est
1449 1595 1643 1624 inconveniens
1657 1596 1873 1632 perpessimum:
1889 1605 1955 1635 ergo
1974 1597 2087 1636 aliquid

1242 1641 1289 1669 Dei
1312 1644 1353 1669 est
1372 1641 1490 1669 finitum.
1512 1642 1564 1670 Aut
1584 1650 1650 1678 ergo
1670 1645 1711 1671 est
1731 1642 1798 1671 dare
1812 1643 1849 1672 ihi
1864 1643 1978 1682 aliquid
1991 1647 2018 1673 et
2032 1644 2087 1673 ati-

1241 1687 1329 1725 quz'd,
1351 1690 1399 1715 aut
1420 1695 1530 1716 necesse
1551 1691 1592 1716 est
1612 1688 1719 1723 dicere,
1741 1689 1815 1726 quod
1836 1690 1905 1718 nihil
1926 1690 1974 1719 Dei
2002 1691 2037 1719 sit
2057 1691 2085 1719 in

1240 1741 1269 1762 se
1290 1734 1450 1762 finitum10:
1473 1742 1539 1772 ergo
1560 1735 1636 1764 nulla
1664 1736 1769 1765 ratione
1796 1736 1870 1765 Deus
1891 1737 2023 1766 dicendus
2044 1741 2085 1766 est

1240 1788 1299 1809 esse
1320 1781 1451 1811 infinitus.

1555 1884 1764 1905 CONCLUSIO.

1243 1967 1382 1995 Divinum
1403 1976 1461 1997 esse
1482 1972 1508 1997 61
1528 1976 1621 2005 posse,
1643 1968 1715 2007 quia
1742 1972 1782 1997 631
1808 1977 1920 1997 summe
1945 1969 2082 2006 simplex,

1319 2018 1359 2043 631
1380 2015 1544 2052 infinitum,
1566 2019 1709 2054 quatenus
1729 2015 1867 2044 infinitum
1889 2016 2011 2054 abneyat
2030 2020 2083 2045 ter-

1318 2063 1431 2091 minum
1454 2063 1535 2091 eirca
1555 2063 1745 2101 quantitatem
1766 2062 1892 2091 virtutis.

1318 2156 1494 2185 Respoxnsso:
1517 2156 1553 2184 Ad
1574 2156 1778 2193 praedictorum
1807 2156 2014 2194 intelligentiam
2041 2161 2082 2186 est
2096 2156 2212 2176 Notandum.

1239 2202 1405 2236 notandum,
1427 2203 1501 2239 quod
1522 2203 1549 2231 in
1571 2203 1739 2240 quaestione,
1761 2203 1788 2231 in
1810 2212 1865 2240 qua
1886 2207 1927 2232 est
1952 2204 2083 2241 multipli—

1240 2249 1307 2278 citas
1327 2249 1461 2283 nominis,
1483 2250 1561 2286 prius
1581 2252 1690 2286 oportet
1710 2250 1861 2278 secundum
1882 2254 1971 2279 artem
1989 2251 2084 2279 distin-

1239 2304 1325 2333 guere
1346 2304 1429 2333 quam
1449 2296 1553 2333 aliquid
1573 2304 1696 2325 asserere
1711 2296 1754 2325 vel
1769 2304 1869 2333 negare
1881 2298 1911 2325 ¹¹.
1932 2298 2085 2335 Intelligen—

1238 2343 1305 2371 dum
1326 2342 1427 2379 igitur,
1449 2343 1522 2380 quod
1543 2342 1692 2380 infinitum
1712 2343 1813 2371 dicitur
1834 2343 1996 2380 dupliciter,
2012 2345 2083 2373 scili-

1298 2537 1308 2551 ⁶
1326 2540 1355 2561 lta
1372 2539 1430 2566 ΑΕ,
1447 2540 1484 2562 alii
1501 2545 1557 2563 6336.

1298 2576 1307 2590 ⁷
1325 2578 1370 2601 Csr.
1387 2585 1457 2606 supra
1474 2581 1527 2601 nota
1545 2579 1567 2601 3.
1584 2580 1626 2601 loci
1644 2579 1775 2602 Aristotelis.

1298 2615 1308 2629 ⁸
1326 2617 1384 2639 Vide
1401 2618 1504 2645 Aristot.,
1521 2618 1568 2640 XII.
1585 2618 1684 2646 Metaph.
1701 2620 1753 2640 text.
1770 2617 1807 2639 4⁴.
1825 2616 1873 2646 (XI.
1890 2623 1909 2639 c.
1926 2617 1972 2647 7.),
1993 2621 2014 2641 et
2030 2619 2080 2641 Lib.

1237 2657 1266 2679 de
1283 2656 1375 2683 Causis,
1393 2663 1488 2685 propos.
1505 2657 1549 2678 20:
1567 2656 1640 2680 Causa
1658 2656 1732 2685 prima
1749 2656 1808 2684 regIt
1824 2662 1860 2678 res
1878 2660 1965 2679 creatas
1985 2663 2079 2685 omnes,

1236 2698 1326 2723 praeter
1343 2696 1407 2723 quod
1424 2696 1600 2718 commisceatur
1616 2702 1669 2718 cuni
1687 2696 1727 2717 eis.

1298 2732 1307 2746 ⁹
1324 2733 1369 2757 Ctr.
1386 2741 1456 2761 supra
1474 2735 1566 2763 Quaest.
1583 2735 1612 2757 de
1629 2734 1721 2757 scientia
1746 2733 1839 2760 Christi,
1862 2740 1885 2762 q.
1903 2734 1924 2756 6.
1941 2741 1991 2762 arg.
2009 2736 2030 2758 9.
2046 2736 2075 2757 ad

1234 2779 1319 2801 oppos
1336 2785 1367 2789 —
1384 2773 1432 2795 Mox
1450 2780 1492 2801 pro
1509 2773 1642 2797 necessario
1658 2775 1694 2796 est
1708 2773 1782 2795 DGH
1798 2779 1890 2796 necesse
1906 2775 1941 2797 631
1956 2780 2012 2798 esse.

1298 2810 1322 2828 ¹⁰-
1333 2812 1363 2833 lta
1381 2812 1437 2839 BG,
1454 2813 1490 2834 alii
1508 2818 1631 2840 perperam
1648 2811 1774 2843 infinitum.

1297 2849 1315 2862 ¹¹
1334 2851 1436 2877 Aristot.,
1454 2852 1478 2873 ll.
1495 2852 1587 2873 Elench.
1604 2857 1624 2873 c.
1641 2852 1662 2873 2.
1681 2850 1710 2880 (c.
1733 2850 1792 2879 47.)‚
1809 2851 1950 2879 praemisso,
1966 2851 2030 2880 quod
2047 2852 2076 2873 ad

1235 2889 1415 2917 propositiones,
1433 2896 1493 2918 quae
1517 2890 1554 2912 vel
1579 2889 1793 2918 aequivocationem
1817 2890 1854 2911 vel
1879 2889 2076 2918 amphibologiam

2097 2296 2191 2316 Infinitum

2103 2319 2179 2344 duplex.
