2285 3398
401 170 418 197 t.
1093 173 1330 202 PROLEGOMENA
1351 174 1378 202 C.
1401 175 1448 202 X.-

399 253 459 269 nune
475 247 608 275 allegorice,
629 254 670 269 nec
687 254 730 270 non
742 248 881 276 quandoque
892 249 1019 276 anagogice
1032 249 1102 272 rebus
1113 250 1231 278 spirituali-

398 294 442 317 bus
458 294 614 322 comparavi...
632 295 657 317 Et
676 301 728 317 cuni
751 301 828 317 rerum
844 295 986 317 *naturalium
1003 296 1153 324 proprietates
1175 296 1231 324 ipsa-

398 347 448 363 rum
469 343 594 370 sequantui·
614 340 775 369 substantiam,
797 341 924 363 secundum
947 342 1047 370 ipsarum
1064 342 1231 365 distinctionem

397 387 574 410 substantiarum
592 391 614 410 et
630 388 734 410 ordinem
751 388 793 410 erit
809 388 922 411 distinctio
934 392 960 417 *et
976 389 1034 411 ordo
1054 389 1231 417 proprietatum,

397 442 455 465 quas
471 435 495 457 z'n
511 434 558 458 alio
575 434 688 464 opusculo
704 441 747 464 per
764 441 789 457 se
802 434 892 464 positas
908 436 930 457 et
945 434 1065 458 distincms
1084 434 1173 464 poteris
1187 441 1231 464 per

396 482 501 505 ordinem
518 481 621 511 reperire
633 490 655 504 n.
665 493 696 498 —
712 482 822 504 Auctores
834 481 956 504 vaticanae
972 481 1077 504 editionis
1094 481 1115 503 in
1132 481 1231 509 praefixa

396 529 460 557 operi
481 528 681 550 animadversione
703 528 754 550 illud
776 527 842 551 aliud
866 527 1006 557 opusculum
1031 528 1157 555 intelligunt
1181 533 1231 550 esse

396 575 582 604 Breviloquium,
600 575 637 597 vel
653 575 721 597 alium
744 578 862 598 tractatum
879 575 959 597 iniuria
981 577 1109 602 temporum
1133 581 1176 596 non
1193 581 1230 596 ex-

395 625 503 649 stanoem;
525 622 565 644 sed
588 628 641 644 eum
663 621 736 644 tribus
757 622 806 644 aliis
827 621 882 643 viris
902 627 971 649 supra
994 621 1124 643 memoratis
1144 620 1229 642 Bonelli

395 669 452 697 (loe.
463 669 499 691 eit.
512 669 554 691 col.
565 669 620 698 533)
633 669 760 697 contendit,
773 668 827 690 illud
844 673 894 690 esse
905 666 1087 696 Centiloquium,
1101 666 1166 689 cuius
1180 673 1229 694 par-

395 719 439 738 tem
457 716 488 738 lll.
500 719 556 738 sect.
576 715 688 738 ¹3-18.ad
701 717 744 738 hoc
762 714 907 743 probandum
924 713 1013 741 allegat.
1025 714 1068 736 Pro
1082 714 1228 736 similitudine

394 762 509 784 doctrinae
530 762 669 792 ostendenda
693 762 788 784 recurrit
809 761 876 783 etiam
897 760 926 782 ad
943 760 1082 782 itinerarium
1106 761 1186 783 mentis
1205 761 1227 782 in

393 809 465 831 Deum
477 809 539 831 etde
551 809 690 831 Reduc-tione
706 808 787 830 artium
800 807 828 829 ad
842 806 990 834 theologiam,
1007 810 1031 829 ut
1042 807 1074 829 sie
1091 808 1227 834 opusculum

393 855 492 878 vindicet
509 856 689 877 bonaventurae.

454 901 523 925 Nobis
540 905 615 925 autem
634 902 726 924 minime
742 904 829 923 certum
847 907 897 923 esse
913 901 1016 929 videtur,
1033 901 1096 930 quod
1114 908 1155 929 per
1167 895 1226 923 illam

393 953 437 971 tam
448 950 576 977 generalem
589 953 611 972 et
622 949 651 971 ad
663 949 757 971 aliorum
768 951 885 971 auctorum
896 954 966 976 opera
977 948 1135 976 applicabilcm
1147 949 1227 977 allega-

393 997 475 1018 tionem
488 1003 567 1024 reapse
585 996 695 1018 indicetur
713 995 890 1025 chlt'loquium.
903 995 947 1017 Sed
959 995 1072 1024 quidquid
1085 996 1114 1018 sit
1125 996 1154 1017 de
1171 997 1226 1024 hoc,

393 1044 445 1066 ιιιΙιιΙ
464 1044 514 1066 inde
526 1043 629 1065 concludi
642 1046 715 1071 potest
728 1049 769 1070 pro
781 1042 877 1064 istorum
889 1043 998 1065 sententia
1008 1061 1012 1070 ,
1024 1042 1087 1071 quod
1099 1042 1187 1065 libellus
1198 1043 1227 1067 Sit

393 1091 610 1113 nonaventurianus.
627 1090 682 1112 Nam
695 1090 713 1112 si
731 1096 811 1117 reapse
828 1089 903 1112 citatio
916 1089 950 1111 illa
968 1090 1063 1111 refertur
1084 1089 1113 1112 ad
1131 1088 1225 1112 Cenato-

391 1137 485 1167 quium,
505 1141 528 1159 ut
545 1144 603 1159 unus
621 1137 739 1165 utriusque
755 1136 831 1163 operis
848 1136 875 1158 sit
892 1139 982 1163 aut-1013
997 1142 1050 1158 cum
1068 1137 1225 1159 Bonarentura

392 1191 436 1207 non
453 1184 482 1206 sit
498 1185 590 1212 proprie
612 1188 691 1206 auctor
709 1183 857 1212 Ceiite'toquii,
878 1190 919 1211 per
940 1189 1083 1211 consequens
1105 1189 1145 1205 nec
1166 1182 1226 1205 tibet-

390 1231 436 1253 ium
453 1231 521 1253 istum
544 1230 641 1258 scripsit.
659 1230 681 1252 Si
704 1234 759 1252 vero
781 1229 851 1252 tei-ba
874 1230 908 1252 illa
931 1229 1031 1251 indicant
1052 1229 1120 1252 alium
1142 1229 1225 1252 librum

390 1279 506 1306 ignotum,
523 1275 571 1300 t'um
588 1280 712 1300 evacuatur
728 1279 889 1305 argumentum
913 1277 1049 1304 principale,
1066 1283 1112 1305 quo
1135 1276 1163 1298 ilii
1184 1283 1225 1304 pro

389 1331 429 1347 sua
446 1325 554 1353 opinione
568 1325 699 1347 innituntur.

452 1372 535 1394 Boncili
554 1378 594 1399 pro
614 1371 694 1394 eadem
707 1370 814 1399 opinione
833 1371 896 1392 affert
913 1370 980 1392 etiam
993 1370 1051 1392 duos
1068 1370 1158 1392 codices
1170 1376 1225 1397 opu-

390 1419 458 1445 sculi,
470 1420 508 1447 qui
522 1419 573 1441 illud
588 1419 759 1440 Bonaventurae
776 1417 908 1440 inscribunt.
924 1418 999 1440 Primo
1011 1423 1037 1440 ex
1049 1417 1157 1445 catalogis
1168 1418 1225 1440 Oxo—

390 1466 419 1488 nii
437 1472 474 1488 an.
495 1466 550 1488 1697
565 1466 585 1487 ιιι
605 1465 702 1487 Theatro
721 1464 872 1487 Sheldoniano
890 1464 1006 1492 impressis
1024 1463 1153 1486 transcribit
1169 1465 1225 1486 haec

390 1513 433 1538 tibi
452 1519 505 1541 pag.
524 1513 577 1541 78):
597 1522 607 1532 «ι
622 1513 779 1534 Bonavcntura
797 1512 826 1534 de
838 1512 919 1539 triplici
937 1511 1079 1539 Hierarchia,
1091 1511 1142 1533 cod.
1158 1511 1223 1533 1630.

390 1561 446 1582 inter
462 1559 531 1582 libros
548 1559 651 1581 Kcnelmi
670 1559 750 1586 Digbei
763 1568 785 1581 ».
796 1571 826 1575 —
839 1558 943 1580 Secundo
960 1558 1061 1580 nominat
1078 1558 1181 1580 codicem
1194 1557 1225 1579 bi·

390 1606 513 1628 bliotliccae
527 1605 653 1627 Monasterii
672 1605 745 1627 Salem
758 1605 781 1627 in
799 1604 880 1626 suevia
898 1604 954 1626 Ord.
969 1603 1074 1630 cistere,
1091 1603 1131 1632 qui
1143 1603 1226 1626 habeat

388 1654 523 1681 opusculum
547 1653 693 1680 inscriptum:
716 1652 770 1673 «De
792 1651 872 1679 triplici
895 1654 944 1673 actu
969 1651 1147 1678 hieran-uico»,
1169 1651 1223 1679 quin

388 1704 463 1723 tamen
481 1706 562 1722 nomeu
586 1699 685 1721 auctoris
702 1699 791 1727 aliaque
808 1704 819 1720 a
838 1698 922 1720 Bonelli
938 1698 1064 1724 addantur,
1084 1700 1108 1719 ut
1130 1697 1225 1719 iudicari

388 1748 468 1775 possit,
486 1753 540 1769 ιιιιιιι
559 1747 619 1769 istud
639 1746 775 1774 opusculum
793 1746 821 1767 sit
838 1745 898 1767 idem
917 1751 969 1767 cum
987 1745 1022 1766 1110
1039 1745 1114 1771 edito,
1131 1747 1152 1766 et
1169 1751 1224 1766 num

389 1796 458 1817 Bonax
466 1798 560 1817 enturae
578 1793 718 1816 inscribatur.
738 1794 821 1816 Eadem
839 1792 889 1815 libri
907 1792 1023 1820 inscriptio
1040 1791 1137 1814 habetur
1155 1792 1223 1814 ctiam

388 1844 408 1864 ιιι
427 1842 529 1869 catalogo
547 1841 638 1863 indiculi
657 1841 729 1862 XXV.
747 1840 802 1862 int'ra
821 1847 839 1862 c.
862 1840 895 1861 12.
913 1840 1030 1867 impresso.

449 1890 549 1911 Primum
563 1895 617 1910 xero
630 1888 744 1915 codicem,
755 1887 794 1916 qui
807 1887 882 1909 adhuc
893 1889 963 1908 exstat
976 1886 1075 1913 oxonii,
1088 1885 1223 1908 bibliotheca

389 1936 505 1958 Bodleiaua
514 1952 519 1961 ,
532 1935 659 1957 accuratius
671 1934 791 1961 descripsit
803 1936 825 1955 ct
836 1933 973 1955 examinavit
986 1933 1008 1954 Ρ.
1025 1933 1106 1954 Fidelis
1118 1939 1129 1954 a
1143 1933 1223 1954 Fauna.

389 1983 425 2004 list
442 1982 501 2003 eniui
520 1981 550 2002 ibi
568 1982 591 2002 5.
612 1980 663 2002 cod.
680 1980 716 2001 323.
741 1980 804 2005 (olim
822 1979 904 2007 equitis
920 1979 1029 2001 kenelme
1048 1978 1134 2006 Digby)
1159 1979 1179 2000 ιιι
1203 1979 1224 1999 8.

389 2028 484 2051 membr.
505 2028 574 2050 t'olior.
597 2028 647 2051 127.
666 2027 802 2052 miscellan..
819 2033 831 2047 a
849 2026 946 2048 diversis
963 2025 1069 2047 manibus
1085 2031 1143 2047 saec.
1165 2025 1222 2047 xtv.

388 2079 409 2098 et
427 2076 476 2097 XV.
493 2075 598 2102 scriptus.
609 2086 639 2090 ———
652 2074 697 2095 Fol.
709 2080 755 2095 nou
773 2076 891 2095 numerato
902 2075 983 2100 quarto
1001 2075 1034 2094 est
1051 2071 1162 2094 indiculus
1174 2078 1224 2094 con-

389 2125 501 2145 tentorum
519 2121 547 2143 ab
564 2121 605 2143 alia
620 2127 687 2142 manu
705 2127 764 2142 saec.
782 2120 831 2141 XV.
843 2119 953 2146 scriptus,
971 2119 1009 2147 qui
1024 2119 1111 2146 incipit:
1127 2127 1137 2138 ι(
1151 2119 1172 2140 ln
1183 2119 1224 2141 isto

388 2169 505 2192 volumine
522 2169 675 2190 continentur:
691 2168 765 2195 primo
778 2168 934 2189 bonaventura
947 2166 974 2188 dc
985 2165 1073 2195 triplici
1083 2165 1223 2188 hierarchia.

389 2218 453 2243 ltem,
471 2222 546 2237 scrius)
558 2215 704 2237 scholasticus
717 2223 727 2232 »ι
747 2216 789 2235 etc.
806 2213 850 2235 Fol.
864 2215 981 2234 numerato
1003 2212 1021 2233 l.
1037 2217 1055 2233 r.
1067 2212 1089 2233 in
1107 2211 1225 2239 superiore

388 2263 445 2285 linea
463 2261 625 2290 grandioribus
638 2261 727 2282 litteris:
742 2269 752 2279 ιι
764 2260 927 2282 Bonnccntura
940 2258 967 2281 de
979 2258 1066 2287 triplici
1082 2258 1224 2281 lzierm‘cltia.

389 2308 503 2338 Numquid
520 2308 580 2330 nosti
596 2307 702 2330 ordinent
719 2306 762 2329 aeti
777 2308 798 2329 ee
812 2312 884 2335 pones
901 2305 1016 2328 racionem
1033 2304 1081 2327 eius
1100 2304 1123 2327 ιἰι
1142 2306 1224 2327 terra?

388 2355 436 2384 (lob
454 2356 508 2377 38.).
526 2355 656 2377 secundani
672 2353 762 2376 beatum
784 2353 915 2380 Dionysium
933 2352 1082 2374 ecclesiastica
1100 2352 1223 2374 hierarchia

388 2403 489 2425 ordinata
514 2405 547 2424 cst
569 2403 597 2424 ad
622 2402 691 2423 instar
714 2405 735 2422 ct
752 2400 922 2422 similitudinem
940 2400 1041 2427 angelice
1063 2399 1187 2421 hierarchie
1203 2407 1224 2420 r».

389 2449 474 2472 Desinit
492 2450 528 2471 t'ol.
550 2450 582 2470 tts.
600 2455 629 2470 r.:
650 2457 660 2467 u
673 2449 748 2469 Tertie
760 2447 897 2473 luerat-chio,
910 2446 994 2468 scilicet
1006 2446 1166 2471 ecclesiastice,
1178 2452 1224 2467 cor-

388 2496 528 2524 respondcre
545 2495 655 2517 ternarius
672 2495 832 2522 peiuiltiuius...
845 2497 866 2515 et
883 2493 925 2520 ipsi
942 2493 982 2514 soli
995 2492 1024 2514 ab
1041 2492 1081 2514 illis
1098 2498 1224 2514 sacramen⁴

389 2544 460 2566 taliter
476 2543 625 2565 ahsoltuntui·
638 2551 659 2563 n.
678 2553 708 2557 —
729 2541 774 2563 Fol.
796 2541 817 2562 9.
836 2547 858 2561 ι’.
882 2540 975 2567 legitur:
1000 2548 1010 2558 «
1023 2540 1075 2561 idco
1097 2539 1222 2560 secundum

388 2591 505 2612 doctorem
524 2591 613 2611 tratrem
633 2589 744 2610 'l'homaiu
757 2588 786 2609 de
803 2587 891 2615 Aquino
910 2587 930 2608 iu
943 2586 1042 2608 secunda
1060 2585 1159 2608 secunde
1177 2584 1223 2614 [q.]

393 2636 440 2657 188.
459 2635 490 2664 [a.
504 2637 525 2656 ti.
536 2635 558 2656 7.
571 2635 603 2662 &l
621 2634 705 2661 Religio
722 2634 796 2662 aliqua
815 2636 875 2655 tanto
891 2635 925 2655 est
941 2632 1061 2660 pei-tectior
1074 2641 1084 2650 n
1104 2635 1146 2653 ctc.

452 2683 480 2704 lix
498 2682 532 2703 liis
550 2685 621 2709 patet,
639 2688 680 2703 ncc
698 2681 787 2703 titulum
805 2681 908 2708 opusculi
926 2681 949 2702 ιιι
961 2680 1039 2702 codice
1056 2680 1165 2706 contenti,
1183 2686 1223 2700 uec

389 2729 506 2751 materiam
518 2729 546 2750 ad
560 2728 701 2750 tractandum
719 2728 870 2755 assignatam,
882 2734 924 2749 nec
941 2727 1028 2749 initium
1041 2732 1081 2748 nec
1094 2727 1160 2747 tinem
1173 2732 1223 2747 con-

391 2776 469 2797 venire
487 2781 539 2797 cum
557 2775 625 2797 edito.
643 2775 731 2797 Titulus
748 2775 777 2796 de
794 2773 881 2802 lrt'plicc’
896 2772 1028 2795 hierarchia
1050 2772 1148 2793 indicare
1161 2772 1223 2794 vidc-

390 2824 437 2846 tur,
454 2821 515 2848 quod
539 2820 617 2842 au‘ctor
639 2826 707 2847 agere
730 2820 778 2841 ttilt
795 2826 838 2841 non
858 2822 944 2841 tantum
967 2819 996 2840 de
1018 2817 1170 2840 ecclesiastica
1190 2817 1223 2845 (ut

389 2866 475 2888 libellus
492 2867 586 2894 editus),
603 2867 643 2888 sed
655 2866 722 2888 etiam
735 2867 764 2888 de
775 2865 882 2894 ttrtyelica
898 2869 920 2887 et
931 2864 1010 2887 divina
1027 2863 1159 2885 hierarchia.
1176 2863 1223 2885 l-Idi-

390 2916 425 2935 tus
442 2912 498 2934 liber
515 2913 604 2940 incipit:
628 2912 755 2935 Invisibilia
773 2911 814 2935 Dei
827 2918 870 2941 per
891 2918 918 2934 ert
936 2917 995 2940 quae
1015 2911 1077 2939 lucta
1095 2912 1151 2933 sunt
1167 2914 1222 2937 etc.;

390 2959 460 2982 codex
478 2965 532 2980 xero
549 2966 561 2980 a
579 2950 628 2980 iiico
650 2965 676 2982 ex
694 2958 744 2985 lob,
766 2958 804 2986 qui
823 2958 934 2980 invenitur
951 2957 972 2979 in
996 2956 1095 2978 editione
1116 2957 1222 2981 ,Vaticana

1288 251 1381 274 inferius
1399 252 1457 274 circa
1476 253 1543 274 tinem
1556 258 1574 274 c.
1596 253 1615 279 l,
1625 265 1656 270 —
1668 254 1736 276 Porro
1749 254 1829 276 citatur
1846 254 1866 278 in
1879 255 1958 277 codice
1975 244 2037 278 iocus
2050 255 2121 278 ultimi

1287 300 1309 319 et
1325 304 1370 320 non
1388 299 1478 326 perfecti
1496 299 1570 326 operis
1587 299 1687 327 Angelici
1704 301 1818 328 Doctoris,
1836 308 1882 330 quo
1905 302 1949 323 iam
1966 302 2019 325 satis
2037 303 2122 325 indica-

1288 346 1335 371 tur,
1353 345 1451 367 libellum
1469 352 1513 367 non
1530 351 1579 368 esse
1591 346 1776 374 Bonaventurae,
1794 351 1817 370 ut
1834 347 1891 370 bene
1903 348 1933 370 ibi
1950 350 2078 371 annotati).
2089 350 2120 372 Fi-

1287 389 1351 412 delis.
1371 391 1459 414 Praeter
1477 393 1537 413 hunc
1553 392 1655 414 codicem
1672 393 1836 420 Oxoniensem,
1850 393 1926 417 simile
1937 395 2055 423 quoddam
2066 402 2120 423 opu-

1286 437 1374 458 sculum
1393 437 1526 465 habentem,
1546 438 1629 461 inultus
1651 438 1714 462 atius
1736 439 1809 462 codem
1826 440 1849 462 in
1875 443 1906 462 tot
1928 439 2069 463 bibliothecis
2090 441 2119 463 ab

1287 482 1368 504 eodem
1386 484 1449 506 Patre
1466 485 1637 512 diligentissime
1654 486 1800 513 perscrutatis
1816 486 1913 509 inveniri
1930 488 2009 515 potuit.

1349 530 1468 553 Evacuatis
1485 531 1553 558 igitur
1569 532 1710 559 argumentis
1727 532 1772 560 his,
1786 539 1828 555 non
1846 535 1948 555 remanet
1959 540 2001 561 pro
2013 534 2119 561 opinione

1286 581 1297 596 a
1316 574 1381 597 nobis
1398 575 1478 598 reiecta
1496 577 1539 599 nisi
1556 577 1709 600 testimonium
1726 578 1808 600 nullius
1826 580 1871 601 sere
1888 579 2039 606 auctoritatis,
2057 581 2119 608 quod

1286 621 1360 643 ferunt
1376 621 1445 644 editio
1462 623 1584 650 Argentina
1601 630 1637 646 an.
1655 624 1714 646 '¹495
1725 627 1748 646 et
1759 626 1883 652 posteriora
1896 625 2007 648 Chronica
2026 627 2118 648 Mariani

1285 667 1417 694 Florentini,
1434 668 1486 696 qui,
1503 671 1527 691 ut
1542 669 1598 691 infra
1616 670 1644 699 (c.
1665 671 1707 698 12.)
1725 672 1841 699 dicemus,
1859 673 1979 700 posthanc
1996 672 2118 695 editionem

1285 716 1307 735 et
1322 714 1390 736 etiam
1408 715 1518 737 Venetam
1536 721 1573 737 an.
1588 716 1645 738 1505
1661 717 1753 743 vivens,
1765 717 1912 745 probabiliter
1928 724 1954 741 ex
1971 719 2057 741 eisdem
2074 719 2120 741 edi-

1285 761 1384 784 tionibus
1400 768 1465 784 suam
1482 762 1613 790 opinionem
1631 759 1712 786 hausit.

1346 808 1391 830 Nec
1408 807 1499 831 interna
1517 808 1613 831 arderia
1638 810 1713 831 favent
1736 811 1864 838 praedictae
1888 811 1999 839 opinioni.
2016 813 2079 840 Opus
2096 812 2117 834 in

1283 861 1308 877 se
1324 855 1419 883 quidem
1436 862 1480 877 nou
1498 859 1557 878 esset
1581 856 1701 884 indignum
1726 857 1884 880 Bonaventura
1910 861 1931 880 et
1948 859 2032 886 passim
2051 858 2119 881 habet

1283 902 1415 929 sententias,
1437 909 1496 931 quae
1518 903 1660 932 atiquatenus
1682 904 1820 926 conveniunt
1841 912 1893 927 cuin
1918 906 2000 928 ultimis
2022 906 2118 928 collatio·

1283 948 1351 971 nibus
1372 949 1394 970 in
1415 949 1577 971 ltexafimeron.
1595 950 1639 972 Sed
1659 950 1817 973 desiderantur
1838 952 1980 979 particularia
2003 952 2118 974 Bonaxen-

1283 996 1363 1018 turiani
1382 996 1465 1023 ingenii
1483 998 1505 1017 ct
1521 996 1564 1018 stili
1582 997 1689 1024 vestigia,
1706 1004 1765 1025 quae
1782 998 1805 1019 in
1822 998 1927 1025 genuinis
1943 999 1992 1021 eius
2008 998 2118 1027 operibus

1282 1049 1306 1065 se
1322 1044 1431 1070 offerunt,
1448 1046 1470 1065 et
1486 1043 1600 1065 interdum
1618 1044 1707 1072 aliquae
1724 1044 1891 1071 propositiones
1907 1045 1928 1067 ei
1945 1046 2021 1068 minus
2038 1052 2118 1068 conve-

1283 1090 1331 1112 nire
1348 1090 1462 1112 videntur.

1344 1135 1456 1158 Omnibus
1481 1136 1515 1158 liis
1539 1136 1698 1163 consideratis,
1716 1143 1760 1159 non
1784 1137 1900 1164 potuimus
1921 1139 1963 1161 hoc
1980 1139 2115 1166 opusculum

1282 1189 1366 1210 ponere
1383 1183 1438 1204 inter
1455 1183 1552 1210 genuina
1571 1183 1592 1204 S.
1611 1183 1782 1205 Bonaventurae
1800 1190 1876 1211 opera.

1344 1231 1357 1259 {j
1373 1231 1394 1252 3.
1410 1229 1543 1260 Opusculum
1554 1229 1580 1252 <lo
1591 1229 1687 1259 quatuor
1703 1229 1831 1253 virtutibus
1847 1230 2010 1254 cardinalibus.
2027 1244 2058 1248 ——
2069 1233 2116 1255 Hoc

1282 1278 1432 1306 perexiguum
1450 1277 1574 1305 scriptum,
1585 1277 1648 1305 quod
1662 1277 1681 1299 in
1694 1277 1793 1299 editione
1811 1278 1916 1300 Vaticana
1928 1284 1972 1300 non
1985 1279 2062 1306 implet
2074 1280 2117 1302 nisi

1283 1330 1351 1346 uuam
1370 1324 1476 1351 paginam
1493 1326 1515 1346 et
1533 1324 1643 1351 mediam,
1661 1324 1735 1351 primo
1760 1324 1899 1352 impressum
1925 1325 1964 1347 suit
1982 1325 2003 1348 in
2021 1326 2056 1347 illa
2074 1326 2116 1348 col-

1282 1371 1375 1393 lectione
1398 1370 1520 1397 Argentina
1545 1376 1582 1392 an.
1603 1368 1672 1397 1495,
1689 1377 1731 1392 nec
1757 1374 1897 1393 memoratur
1917 1371 1959 1393 nisi
1982 1372 2003 1393 in
2025 1372 2116 1395 duobus

1281 1418 1389 1445 catalogis
1405 1424 1465 1440 saec.
1482 1417 1544 1443 XV1‚
1562 1417 1646 1439 scilicet
1669 1417 1760 1439 Mariani
1781 1418 1903 1440 Florentiui
1919 1421 1941 1440 et
1957 1419 2065 1447 anonymi
2083 1420 2116 1441 Ρι-

1280 1464 1403 1487 storieusis.
1420 1464 1524 1486 Oudinus
1536 1466 1611 1491 putat,
1624 1463 1677 1485 illud
1694 1470 1739 1485 nou
1756 1470 1805 1486 esse
1818 1464 1975 1487 Bonaventura
1988 1465 2116 1493 indignum,

1281 1512 1379 1534 editores
1402 1511 1481 1533 Veneti
1504 1517 1573 1537 vero,
1595 1516 1645 1532 esse
1661 1510 1770 1537 dubium,
1788 1510 1906 1537 Sbaralea,
1928 1518 1978 1533 esse
1999 1512 2116 1539 spurium,

1281 1560 1378 1586 Bonelli,
1395 1565 1445 1581 esse
1463 1558 1591 1580 verisimile.

1343 1607 1409 1628 Pleno
1426 1605 1562 1628 assentimur
1579 1604 1699 1627 Sbaraleae
1717 1605 1771 1627 illud
1788 1605 1910 1632 respuenti.
1929 1606 1966 1627 Est
1977 1605 2037 1627 enim
2050 1611 2115 1628 mera

1281 1651 1422 1681 compilatio.
1440 1652 1503 1680 Quae
1514 1652 1543 1673 de
1556 1650 1677 1673 virtutibus
1694 1651 1729 1673 his
1746 1651 1767 1673 iu
1785 1657 1869 1680 qenere
1885 1651 1998 1679 dicuntur,
2010 1651 2116 1678 leguntur

1280 1699 1347 1720 etiam
1366 1698 1388 1720 in
1407 1697 1546 1727 compendio
1564 1697 1705 1726 tlteoloqicae
1723 1697 1838 1724 veritatis,
1857 1696 1894 1719 lib.
1912 1698 1938 1719 V.
1951 1704 1971 1719 c.
1983 1698 2025 1723 33,
2043 1698 2115 1725 posita

1281 1748 1355 1767 tamen
1372 1745 1452 1766 ordine
1470 1744 1575 1770 diverso,
1592 1744 1691 1771 exceptis
1716 1744 1795 1771 paucis
1820 1743 2014 1771 propositionibus
2033 1750 2059 1766 ex
2078 1744 2116 1766 Se-

1280 1797 1335 1813 neca
1354 1794 1375 1813 ct
1391 1791 1502 1818 Gregorio
1519 1791 1607 1813 sumtis.
1621 1803 1648 1806 —
1661 1791 1738 1818 Exigui
1758 1790 1865 1812 momenti
1882 1793 1934 1812 sunt
1951 1791 2075 1812 sententiae
2087 1790 2116 1813 de

1280 1838 1335 1866 ipsis
1351 1838 1375 1860 in
1391 1838 1478 1867 specie,-
1496 1840 1517 1859 et
1533 1844 1592 1866 quae
1609 1838 1638 1859 de
1655 1837 1755 1865 qualibet
1772 1838 1867 1863 virtute,
1880 1841 1947 1865 prout
1963 1840 1997 1859 est
2006 1837 2114 1866 politica,

1278 1885 1433 1915 parantur-ia,
1450 1884 1551 1914 puryntz·
1566 1884 1641 1907 αιιίιηί
1651 1888 1673 1906 et
1689 1884 1841 1914 eaemnplaris,
1855 1884 1965 1907 habentur
1980 1887 2031 1907 sunt
2044 1884 2115 1907 verba

1281 1931 1399 1959 Macrobii,
1417 1938 1442 1954 ex
1460 1932 1545 1959 quibus
1570 1931 1711 1959 quadruplex
1730 1931 1816 1958 gradus
1833 1931 1951 1953 cuiuslibet
1968 1932 2057 1953 virtutis
2074 1934 2115 1953 sta-

1281 1979 1361 2004 tuitur,
1378 1978 1484 2000 adiuncta
1502 1978 1602 2006 quadam
1620 1977 1728 1999 sententia
1748 1978 1855 1999 Senecae.
1872 1977 2013 1999 Detiniuntur
2028 1977 2115 2005 primae

1281 2028 1325 2047 tres
1351 2025 1445 2047 virtutes
1467 2031 1519 2046 cuui
1545 2024 1715 2046 enumeratione
1735 2024 1870 2052 incompleta
1883 2011 1994 2051 *partium
2014 2024 2116 2053 [ntem-‹1-

1281 2071 1350 2099 lium,
1370 2072 1399 2094 ita
1422 2075 1445 2094 ut
1469 2071 1607 2101 prudentiae
1633 2074 1709 2098 partes
1730 2078 1782 2093 cum
1800 2070 1970 2100 definilioaibus
1988 2074 2009 2092 et
2025 2070 2115 2094 actibus

1280 2122 1452 2145 recenseantur,
1465 2124 1524 2147 quae
1536 2119 1613 2147 quoad
1626 2121 1671 2140 tres
1682 2118 1737 2140 alias
1748 2118 1888 2139 omittuntur.
1898 2129 1929 2133 —
1938 2118 2032 2144 insuper
2043 2117 2115 2139 maior

1281 2172 1333 2193 pars
1358 2165 1461 2193 opusculi
1488 2165 1601 2187 iuvenitur
1627 2165 1647 2186 in
1672 2164 1750 2186 Collat.
1773 2164 1794 2186 in
1820 2164 1986 2189 hexaemeron,
2004 2164 2076 2186 collat.
2093 2165 2114 2186 ti.

1281 2218 1302 2233 ιι.
1320 2212 1401 2238 27-33,
1420 2216 1443 2234 ut
1461 2212 1482 2233 iu
1503 2215 1553 2233 uota
1572 2212 1600 2233 ad
1622 2212 1706 2233 calcem
1725 2211 1810 2233 dictum
1827 2214 1867 2232 est.
1884 2222 1913 2226 —
1931 2211 2035 2237 Accedit,
2052 2211 2114 2239 quod

1281 2264 1308 2279 ue
1326 2264 1384 2279 uuus·
1401 2259 1495 2286 quidem
1514 2258 1598 2285 codex,
1615 2258 1654 2286 qui
1672 2258 1781 2285 scriptum
1800 2258 1842 2279 hoc
1860 2256 1952 2284 habeat,
1970 2263 1982 2278 a
2001 2258 2023 2278 Ρ.
2040 2257 2114 2279 Fidele

1281 2305 1379 2332 potuerit
1406 2305 1438 2326 im
1446 2305 1515 2331 eniri,
1540 2304 1602 2333 quod
1629 2304 1696 2326 ctiam
1722 2304 1750 2326 de
1775 2303 1878 2332 sequenti
1903 2304 2014 2330 opusculo
2039 2303 2115 2325 dicen-

1281 2352 1336 2373 dum
1354 2354 1394 2373 est.

1342 2399 1355 2425 ζ’,
1369 2397 1389 2419 si.
1407 2396 1534 2419 Declaratio
1551 2395 1695 2419 terminorum
1708 2394 1840 2424 theologiae.
1857 2406 1887 2410 -—
1905 2395 1975 2416 Etiam
1994 2396 2049 2416 haec
2067 2394 2115 2416 bre·

1280 2443 1372 2465 xissima
1392 2444 1463 2470 opella
1482 2443 1549 2464 trium
1567 2442 1703 2470 paginarum
1721 2442 1796 2469 primo
1813 2441 1922 2468 impressa
1939 2443 1973 2461 est
1991 2440 2012 2462 in
2033 2440 2113 2462 eadem

1280 2490 1400 2516 Argi-atina
1419 2489 1561 2516 collectione,
1579 2488 1633 2516 ipsi,
1649 2492 1672 2510 ut
1690 2487 1845 2516 praecedenti,
1857 2488 2009 2514 suinvagantui·
2027 2489 2113 2508 tantum

1280 2536 1390 2564 praedicti
1409 2535 1455 2557 duo
1473 2539 1540 2557 testes
1558 2541 1638 2562 parum
1657 2535 1732 2557 idonei
1749 2540 1807 2556 saec.
1825 2534 1883 2555 xw.
1900 2533 2005 2555 Oudinus
2026 2536 2048 2555 ct
2069 2532 2114 2554 edi-

1280 2587 1340 2605 tores
1358 2583 1437 2604 Yencti
1455 2582 1555 2604 libellum
1581 2582 1754 2603 Bonavcnturae
1776 2580 1917 2607 abiudicaut,
1935 2584 1969 2602 ast
1988 2579 2114 2602 rationibus

1279 2630 1369 2652 lctibus
1387 2630 1459 2657 ducti;
1477 2629 1582 2652 Sbaralea
1601 2632 1623 2651 et
1640 2629 1723 2651 liouelli
1741 2628 1795 2651 illud
1809 2628 1907 2649 iudicant
1918 2634 1968 2649 csse
1980 2627 2113 2654 genuinum,

1280 2683 1321 2704 pro
1338 2683 1385 2704 quo
1403 2676 1486 2697 ilonelli
1503 2676 1567 2697 all‘ert
1583 2676 1650 2697 ctiam
1664 2674 1817 2697 testimonium
1835 2673 1953 2695 cuiusdam
1970 2672 2063 2698 codicis,
2073 2672 2114 2700 qui

1279 2723 1315 2744 illo
1330 2726 1432 2749 tempore
1446 2722 1486 2743 suit
1498 2722 1518 2743 ιιι
1531 2721 1648 2743 Contenta
1666 2721 1777 2743 Minorum
1794 2719 1889 2741 Obscrv.
1902 2721 1923 2741 S.
1936 2719 2017 2741 Mariae
2028 2718 2114 2741 Gratia—

1279 2775 1330 2791 rum
1349 2775 1420 2796 prope
1439 2769 1550 2790 Mantuam
1570 2767 1618 2794 (cfr.
1636 2767 1754 2789 Prodrom.
1770 2766 1812 2788 col.
1828 2765 1886 2793 ¹030).
1898 2777 1928 2781 —
1941 2765 2029 2787 Titulus
2046 2763 2112 2786 libelli

1280 2821 1360 2843 parum
1379 2815 1410 2836 rei
1428 2814 1562 2842 respondet,
1579 2820 1631 2835 cum
1650 2820 1695 2836 non
1713 2813 1854 2835 declarentur
1871 2810 1967 2834 termini
1982 2810 2112 2838 theologici,

1278 2862 1317 2884 sed
1331 2862 1406 2889 potius
1421 2860 1528 2883 ‹loceriiia
1545 2860 1673 2889 elieolom'ca
1689 2858 1915 2887 compendiosissime
1927 2864 1953 2880 ex
1971 2856 2113 2885 breviloquio

1279 2909 1351 2930 Bonax
1358 2911 1452 2930 euturae
1468 2910 1490 2929 et
1506 2907 1555 2929 aliis
1566 2907 1615 2929 eius
1627 2906 1689 2929 libris
1700 2908 1797 2928 extracta
1808 2905 1843 2931 sit,
1857 2906 1901 2927 sere
1919 2910 2009 2932 semper
2026 2904 2112 2925 eisdem

1279 2954 1363 2977 xci-bis.
1382 2955 1445 2977 Unde
1461 2954 1553 2976 iustiore
1566 2954 1615 2975 iure
1631 2959 1700 2982 quam
1723 2951 1892 2981 Gentiloquiinm.
1908 2951 1985 2980 quoad
1998 2956 2114 2973 remcort-
