2285 3398
41 2087 161 2106 introductio.
177 2079 330 2107 seminavit
350 2078 455 2106 bonum
476 2086 569 2105 semen
590 2077 620 2104 in
642 2085 715 2113 αρν-ο
735 2085 804 2112 suo,
827 2077 952 2105 Matthaei
966 2077 1012 2105 de-

179 2125 248 2153 cimo
269 2125 348 2153 tertio
360 2124 378 2151 ².
401 2140 439 2144 —-
461 2123 626 2151 Detinebant
648 2123 742 2155 illum,
757 2132 791 2150 ne
805 2123 957 2151 discederet
975 2122 1011 2150 ab

970 162 1078 191 SERMO
1099 162 1127 190 lt.
1856 167 1911 196 539

912 319 1093 368 SERMO
1128 319 1171 367 II

600 435 645 468 De
671 446 763 480 regno
790 435 843 469 Dei
869 435 1019 480 descripto
1045 434 1073 475 in
1100 434 1251 479 parabolis
1276 436 1456 480 evangelicis
1473 436 1491 470 ¹.

183 553 357 581 Summanum.
381 569 417 573 —
433 552 628 585 Introductio;
645 552 853 581 nobilissimum
867 556 907 580 est
920 551 1261 589 evanyelizarereynum
1277 553 1344 587 Dei,
1359 561 1481 581 nurnero
1499 555 1521 582 l.
1537 571 1576 575 —
1591 555 1624 583 ln
1639 555 1696 583 ista
1708 555 1853 592 parabola
1866 565 1914 594 ye—

261 603 396 632 neraliter
417 606 558 631 notantur
579 603 613 630 de
635 603 690 631 Deo
711 604 789 632 tria:
808 603 954 640 potentia,
973 603 1174 639 providentia,
1189 603 1320 637 iustitia,
1336 605 1362 632 9.
1378 620 1416 624 —
1433 604 1541 632 Divisio
1556 605 1586 633 in
1601 609 1657 634 tres
1670 609 1785 642 partes:
1797 607 1912 643 prima,

259 654 292 681 tle
314 662 400 690 refflw
422 653 474 681 Dei
493 651 621 681 absolute
642 654 837 686 considerato,
860 661 935 691 qaae
956 651 1039 681 habet
1068 653 1194 692 quinque
1214 654 1413 691 quaestiones;
1434 655 1579 688 secunda,
1601 657 1741 693 quomodo
1762 657 1912 685 conveniat

259 704 285 732 ei
303 703 463 732 similitudo
484 703 515 730 in
536 703 686 732 duodecim
704 703 856 741 parabolis
881 703 1072 740 eoanqelicis;
1103 704 1205 738 tertia,
1227 704 1261 732 de
1282 703 1376 732 tribu's
1397 704 1479 733 circa
1499 705 1611 733 malum
1632 706 1864 743 quaestionibus,
1886 707 1911 736 3.

261 771 296 774 —
318 754 382 782 Pars
403 753 420 781 l.
443 753 481 782 De
502 753 560 789 ipso
582 762 666 791 regno
688 754 734 783 Dei
756 755 783 782 in
805 762 834 782 se
855 753 1034 782 considerato.
1058 754 1175 788 Primo,
1205 754 1276 792 quid
1301 755 1340 783 sit
1366 763 1490 792 reanum
1520 755 1577 783 Dei.
1601 756 1733 792 Definitio
1753 758 1913 786 seeundum

260 804 287 833 S.
310 803 460 835 Paulum,·
482 807 538 831 tres
558 804 619 832 eius
641 805 834 832 corulitiones:
858 804 969 832 iudicia
990 804 1117 838 directa,
1150 805 1274 842 imperia
1296 805 1505 842 tranquillata,
1527 806 1672 835 desideria
1693 812 1912 842 consummata,

259 855 285 883 Δ.
301 871 340 875 ——
354 854 431 882 Hace
447 862 523 882 nunc
537 854 688 890 deficiunt,
712 856 769 883 5-7.
782 872 824 876 —
840 854 1026 891 Exemplum,
1048 856 1073 882 8.
1096 872 1135 875 —
1155 855 1303 889 Secundo,
1325 850 1376 883 ubi
1395 855 1432 884 sit
1453 864 1574 893 reynum
1599 857 1650 885 Dei
1657 867 1666 890 ‚·
1684 857 1795 894 primo,
1810 866 1868 886 non
1882 858 1913 887 in

259 904 465 938 exterioribus,
487 904 537 932 sed
557 905 585 932 in
609 905 811 939 interioribus,
835 906 859 933 9.
883 921 919 925 —
942 905 1087 939 Secundo,
1108 914 1165 935 non
1186 906 1217 934 in
1238 905 1446 942 inferioribus,
1468 906 1518 934 sed
1536 907 1566 935 in
1579 907 1798 944 superioribus,
1817 909 1859 936 10.
1875 925 1913 929 —

266 956 375 989 Tertio,
397 963 454 983 non
474 955 505 982 in
534 955 617 982 rebus
645 956 766 989 creatis,
794 956 843 983 sed
872 956 902 984 in
930 955 1094 984 rationibus
1121 956 1307 990 causalibus,
1332 957 1374 984 tl.
1398 973 1436 976 —
1463 957 1530 985 Viae
1547 961 1733 994 peccatorum
1755 959 1911 995 opponitur

260 1006 308 1034 via
328 1005 504 1034 atloenicntis
526 1005 704 1039 Salvatoris,
729 1006 771 1033 12.
794 1022 832 1026 —
861 1006 967 1040 Tertio,
989 1007 1073 1044 quale
1093 1007 1130 1035 sit
1151 1015 1273 1044 regnum
1297 1007 1368 1040 Dei:
1388 1010 1429 1035 est
1446 1007 1625 1044 qloriosum,
1646 1008 1822 1044 speciosum,
1844 1009 1911 1037 deli-

258 1057 389 1089 ciosum;
409 1056 443 1084 de
463 1054 508 1083 liis
528 1056 714 1093 sinyillatim,
740 1055 834 1084 '13-15.
857 1073 895 1076 —
918 1058 1045 1091 Quarto,
1067 1061 1210 1094 quantum
1231 1057 1268 1085 sit
1290 1066 1410 1094 reynum
1435 1057 1505 1090 Dei;
1524 1061 1564 1085 est
1577 1066 1719 1094 maynum
1735 1058 1912 1095 lonqitudine

258 1106 450 1139 aeternitatis,
472 1105 624 1134 latitudine
645 1106 795 1138 caritatis,
817 1105 984 1134 celsitudine
1003 1106 1207 1140 sublimitati-5,
1239 1096 1340 1135 16-18.Ι
1356 1123 1395 1127 -
1417 1107 1538 1142 Quinto,
1566 1116 1692 1144 quorum
1720 1112 1761 1136 est
1788 1117 1911 1145 reynum

258 1157 329 1190 Dei;
351 1165 470 1193 regnum
490 1156 602 1193 yloriae
624 1165 679 1184 non
701 1160 739 1184 est
760 1155 819 1183 nisi
838 1154 1004 1183 habentium
1026 1157 1179 1192 9ratiam;
1198 1157 1300 1193 qratia
1321 1160 1362 1184 est
1381 1157 1587 1194 quadruplex:
1606 1158 1718 1193 primo,
1738 1159 1840 1194 qratia
1862 1158 1911 1186 ba-

254 1206 421 1244 ptismalis‚·
441 1205 510 1235 baec
531 1211 721 1235 conservatur
739 1214 792 1243 per
813 1205 892 1233 tria:
912 1213 966 1242 per
986 1205 1071 1240 sidem
1086 1206 1234 1239 veritatis,
1256 1199 1386 1234 amorem
1400 1205 1553 1239 bonitatis,
1573 1206 1762 1235 imitationem
1776 1208 1911 1242 virtutis,

260 1258 353 1286 19:2⁹2.
379 1273 414 1277 —
436 1257 581 1291 Secundo,
602 1258 703 1294 sqratia
721 1255 954 1294 poenitentialis,-
976 1254 1046 1284 baec
1066 1259 1214 1283 exercetur
1236 1255 1330 1284 tribus
1350 1256 1463 1284 modis:
1487 1256 1517 1284 in
1537 1257 1766 1293 suppeditatione
1780 1258 1913 1287 mentalis

257 1308 447 1345 arrogantiae
464 1316 517 1345 per
539 1307 746 1341 bumilitatem,
761 1307 792 1334 in
808 1306 1002 1343 refrenatione
1016 1306 1178 1334 mundialis
1192 1306 1338 1334 avaritiae
1355 1315 1410 1343 per
1427 1311 1647 1343 paupertatem,
1669 1307 1700 1335 in
1720 1309 1913 1337 maceratione

256 1358 387 1386 earnalis
408 1358 652 1394 concupiscentiae
669 1366 722 1394 per
743 1358 921 1390 castitatem,
944 1356 1041 1385 23-27.
1064 1373 1102 1377 —
1129 1357 1236 1390 Tertia,
1256 1357 1359 1394 qratia
1372 1356 1492 1393 finalis,-
1512 1358 1678 1386 meessaria
1696 1362 1736 1386 est
1750 1359 1912 1395 cooperatio

256 1403 339 1436 liberi
359 1408 496 1441 arbitrii,·
517 1409 556 1436 ad
578 1409 768 1445 inteyritatem
788 1408 905 1445 qratiae
924 1407 1024 1443 finalis
1055 1407 1355 1443 requiruntur-tria:
1376 1407 1489 1436 stabilis
1506 1408 1666 1444 patientia,
1693 1408 1826 1437 sublimis
1847 1418 1911 1438 con-

255 1458 386 1495 fidentia,
410 1458 584 1495 lonqanimis
602 1459 837 1495 perseverantia,
861 1458 958 1487 28-33.
981 1474 1019 1478 ἡ
1042 1458 1170 1493 Quarto,
1190 1458 1293 1495 ⁴aratia
1314 1458 1512 1495 sapientialis,
1528 1467 1603 1496 quae
1616 1459 1783 1495 tn-eyrczmir
1797 1459 1910 1488 tribus:

254 1509 474 1546 sapientialibus
494 1508 755 1546 speculaminibus,
777 1509 945 1543 desideriis,
967 1509 1128 1542 exercitiis,
1152 1508 1249 1537 34-36.
1265 1525 1303 1528 —
1318 1508 1382 1536 Pars
1402 1508 1431 1535 ΙΙ.
1454 1508 1577 1544 Regnum
1598 1509 1645 1537 Dei
1666 1509 1835 1546 descriptum
1849 1513 1911 1547 apte

255 1559 281 1587 in
302 1559 444 1588 duodecim
466 1559 601 1595 parabolis
622 1559 791 1596 evangelicis.
815 1559 980 1587 Parabolae
995 1559 1146 1596 annyelii
1159 1558 1261 1586 reduci
1276 1561 1400 1595 possunt
1420 1558 1461 1586 ad
1480 1558 1630 1587 duodecim
1641 1569 1652 1592 ‚·
1673 1563 1730 1587 tres
1749 1560 1862 1588 auidam
1876 1570 1911 1589 ex

251 1614 338 1646 parte
358 1609 491 1646 Opificis,
512 1610 617 1637 scilieet
638 1613 669 1637 ut
690 1610 832 1643 creantis,
853 1609 1062 1646 yubernantis,
1092 1608 1293 1642 retribuentis,
1317 1608 1362 1636 37.
1384 1624 1423 1628 —
1450 1609 1518 1636 Tres
1539 1618 1573 1637 ex
1590 1613 1676 1646 parte
1698 1610 1909 1647 Redemptoris,

254 1661 360 1689 scilicet
379 1660 569 1688 descendentis
590 1660 621 1687 in
641 1660 800 1693 mundum,
822 1660 1035 1688 coiiscemientis
1056 1659 1087 1687 in
1108 1658 1237 1691 caelum,
1254 1659 1419 1687 revertentis
1432 1659 1474 1687 ad
1487 1659 1647 1693 iudicium,
1668 1660 1712 1688 38.
1727 1677 1767 1680 —
1787 1661 1855 1688 Tres
1875 1669 1910 1689 ex

250 1715 337 1748 parte
357 1710 426 1738 doni
443 1710 585 1746 gratuiti,
606 1710 712 1738 scilicet
731 1710 829 1747 quoad
847 1710 979 1746 qratiam
1009 1709 1252 1745 praevenientem,
1275 1709 1526 1743 concomitantem,
1547 1709 1777 1747 subsequentem,
1804 1711 1849 1739 39.
1871 1728 1909 1732 —

263 1761 330 1789 Tres
350 1769 384 1789 ea·
403 1764 486 1797 parte
507 1760 590 1788 liberi
610 1760 743 1788 arbitrii:
765 1760 862 1797 quoad
883 1759 1098 1795 simplicitatem
1119 1758 1299 1791 intentionis,
1318 1759 1528 1787 studiositatem
1542 1759 1762 1795 sollicitudinis,
1783 1762 1908 1789 strenui-

256 1816 340 1839 tatem
362 1810 554 1848 operatz'onis,
576 1819 705 1848 quarum
725 1810 858 1847 singulae
879 1809 937 1837 duo
968 1809 1139 1846 requirunt,
1165 1809 1263 1837 [ιθ-ΔΞ.
1286 1825 1323 1829 --
1344 1809 1408 1837 Pars
1429 1809 1468 1837 Ill.
1492 1810 1558 1838 Tres
1579 1811 1752 1846 quaestiones
1772 1811 1805 1840 de
1826 1812 1906 1840 malo.

256 1862 375 1894 Primo,
397 1861 473 1888 unde
493 1860 605 1888 malum
626 1861 759 1894 oriatur,
791 1860 837 1888 43.
861 1876 897 1880 —
919 1859 1066 1893 Secundo,
1097 1868 1189 1896 quare
1219 1859 1417 1892 sustineatur.
1439 1860 1536 1889 [tlt-46.
1559 1878 1598 1881 —
1625 1861 1734 1895 Tertio,
1766 1852 1906 1900 quomodo

253 1912 416 1949 puniatur,
438 1911 483 1939 47.

1069 2031 1319 2067 evangelizandum.
1342 2031 1429 2060 Bonae
1450 2040 1516 2068 ergo
1535 2033 1605 2060 vitae
1619 2032 1699 2061 debet
1713 2041 1772 2062 esse
1787 2034 1834 2070 qui
1850 2034 1909 2063 vult

1069 2076 1169 2104 Christi
1190 2077 1312 2105 officium
1333 2085 1481 2111 exercere;
1502 2082 1529 2106 et
1556 2079 1607 2106 nisi
1633 2079 1690 2115 ipse
1710 2080 1907 2116 praecepisset,

1069 2123 1194 2151 Matthaei
1216 2123 1340 2151 decimo:
1365 2125 1468 2153 Euntes
1482 2125 1661 2161 praedicate,
1683 2125 1814 2159 dieentes,
1836 2127 1908 2164 quia

1069 2169 1314 2205 appropinquabit
1347 2178 1467 2206 reynum
1499 2170 1663 2204 caelorum;
1688 2171 1789 2199 mirum
1822 2175 1906 2206 esset,

262 2034 281 2060 l.
305 2032 403 2060 Simile
423 2035 462 2059 est
487 2040 608 2068 reginum
639 2031 785 2059 caelorum
804 2030 942 2064 4Ιιοτηίηί,
963 2031 1015 2068 qui

178 2171 233 2203 eis,
256 2170 356 2198 scilicet
377 2170 501 2202 Galilaei,
523 2169 627 2206 quibus
649 2169 707 2205 ipse
728 2169 785 2197 ait.-
809 2169 884 2204 Quia
905 2173 930 2196 et
944 2169 1012 2197 aliis

178 2216 340 2245 civitatibus
371 2220 478 2252 oportet
498 2224 541 2243 me
569 2214 768 2251 evanyelizare
795 2224 918 2252 reanum
942 2215 1010 2249 Dei,

178 2262 248 2300 quia
270 2262 329 2290 ideo
350 2262 458 2289 missus
478 2269 552 2288 sum.
575 2261 647 2288 Istud
669 2261 782 2289 verbum
799 2261 925 2289 ultimum
944 2261 1011 2289 scri—

178 2308 253 2336 bitur
274 2308 360 2336 Lucae
381 2309 494 2343 quarto:
510 2307 555 2334 ubi
571 2306 734 2339 notandum,
750 2307 822 2343 quod
837 2307 907 2335 inter
921 2307 1011 2335 omnia

80 2387 83 2391 ⁴
178 2353 267 2382 officia
286 2353 456 2381 hierarchica
476 2353 672 2380 nobilissimum
694 2353 813 2381 officium
835 2357 875 2382 est
896 2361 1010 2390 evange-

36 2387 260 2451 ffcssssji‘v‘sssslizare
281 2407 395 2436 regnum
418 2398 480 2431 Dei,
501 2398 535 2426 ad
565 2398 638 2435 quod
669 2398 777 2435 quidem
805 2399 926 2427 officium
946 2399 1011 2427 dicit

36 2438 131 2456 gemnis
140 2438 168 2450 re-

36 2461 90 2479 guum
104 2456 144 2474 nei.
178 2454 206 2474 se
227 2445 351 2473 Christus
371 2445 494 2473 missum.
510 2444 585 2472 Unde
606 2444 687 2472 Isaiae
705 2445 875 2481 sexagesimo
890 2445 1009 2481 primo³:

180 2491 307 2527 Spiritus
331 2491 446 2519 Domini
465 2498 553 2526 super
573 2499 616 2518 nie
643 2491 682 2518 ad
709 2491 948 2518 annuntiandum
969 2491 1010 2518 vel

1068 2215 1205 2251 quomodo
1225 2216 1324 2252 aliquis
1345 2216 1502 2252 praedicare
1523 2217 1644 2246 auderet.
1668 2218 1736 2253 Quia
1757 2226 1831 2254 ergo,
1862 2226 1906 2247 ea-

1068 2261 1184 2294 rissimi‚
1206 2261 1239 2289 ad
1268 2264 1320 2289 tam
1349 2262 1461 2297 dignum
1492 2262 1614 2291 officium
1642 2264 1697 2291 vita
1728 2267 1821 2291 nostra
1851 2272 1905 2292 non

1067 2307 1177 2339 sufficit,
1200 2315 1328 2343 rogemus
1348 2311 1398 2335 ete.

1146 2354 1171 2381 Ξ).
1195 2353 1294 2381 Simile
1314 2357 1355 2380 est
1380 2362 1501 2390 regnum
1532 2355 1679 2383 caelorum
1707 2354 1832 2389 homini,
1854 2358 1906 2393 qui

1067 2399 1219 2427 seminabit
1242 2398 1347 2426 bonum
1367 2408 1461 2427 semen
1483 2400 1513 2427 in
1539 2409 1612 2437 ayro
1642 2409 1703 2429 suo.
1727 2401 1755 2429 ln
1776 2401 1827 2429 ista
1849 2404 1905 2429 tota
1921 2411 2005 2453 213ng
2014 2412 2048 2452 ¹13³?

1067 2444 1197 2480 parabola
1217 2444 1352 2480 Evangelii
1376 2445 1498 2473 hodierni
1521 2447 1573 2474 tria
1586 2449 1717 2475 notantur
1732 2447 1758 2474 in
1774 2447 1902 2483 generali.
1916 2439 1986 2476 imm.

1068 2489 1188 2518 Primum
1210 2494 1250 2518 est
1270 2491 1361 2519 divina
1380 2492 1507 2528 potentia
1529 2493 1605 2520 sive⁴
1625 2493 1769 2529 sapientia
1790 2494 1817 2534 in
1839 2501 1903 2522 con·
1921 2504 1947 2522 ne
1960 2504 2026 2527 primo.

240 2636 248 2648 ¹
266 2637 349 2659 Bonelli
362 2637 479 2664 ‘inscripsit
500 2637 559 2658 hunc
582 2642 709 2659 sermonem
732 2638 810 2660 titulo:
829 2638 860 2660 De
876 2638 1010 2663 seminante,

178 2675 217 2703 qui
226 2681 273 2697 reni
286 2678 402 2697 tractatam
416 2675 483 2696 valde
495 2675 624 2702 imperfecte
637 2675 748 2702 exprimit.
760 2677 809 2703 lpse
820 2682 875 2698 usus
887 2678 921 2697 est
932 2676 1010 2698 codice

179 2712 328 2734 bibliothecae
345 2713 521 2739 Laurentianae,
537 2719 548 2734 a
566 2712 632 2734 nobis
654 2712 675 2734 iu
697 2713 866 2741 Prolegomenis
883 2714 1010 2741 descripto,

178 2754 200 2773 et
221 2751 334 2772 interdum
356 2751 457 2778 quodam
474 2751 603 2777 assisiensi,
620 2750 658 2778 qui
676 2750 805 2773 breviorem
826 2755 912 2774 textum
935 2752 1010 2774 habet.

178 2789 319 2811 Retinuimus
335 2795 443 2810 numeros
459 2788 488 2811 ab
505 2789 586 2811 eodem
607 2789 723 2816 appositos
744 2796 817 2818 usque
837 2790 866 2812 ad
888 2796 1009 2812 numerum

183 2827 220 2853 51;
238 2827 290 2848 inde
307 2827 369 2848 aliter
386 2833 422 2848 res
438 2827 603 2849 distribuimus.

240 2863 248 2876 ²
268 2865 332 2886 vers.
348 2865 385 2886 24.
404 2865 514 2892 Vulgata:
531 2866 607 2887 Simile
625 2866 707 2887 sactum
725 2869 757 2887 est
774 2869 817 2888 etc.
834 2867 886 2894 Seq.
900 2867 962 2888 locus
977 2870 1010 2888 est

179 2905 232 2926 Luc.
250 2904 273 2931 l,
293 2904 328 2925 43.
343 2915 374 2920 —
386 2904 526 2930 Notandum,
541 2907 656 2925 auctorem
674 2904 825 2931 principaliter
837 2905 930 2932 quidem
943 2910 1009 2932 agere

1067 2638 1096 2660 de
1107 2643 1180 2666 reqno
1191 2638 1320 2666 caelorum,
1335 2643 1359 2660 ut
1372 2639 1393 2660 in
1410 2639 1448 2661 cit.
1459 2638 1566 2666 parabola
1583 2640 1726 2667 intelligitur,
1744 2643 1818 2662 tamen
1835 2640 1902 2662 etiam

1067 2679 1153 2698 ceteras
1165 2677 1193 2699 de
1206 2683 1277 2705 regno
1295 2678 1410 2699 caelorum
1427 2677 1549 2705 parabolas
1565 2678 1709 2705 evangelicas
1725 2678 1860 2701 considerat.
1871 2690 1902 2695 —

1066 2714 1122 2736 illud
1135 2715 1222 2742 Evang.
1235 2715 1255 2737 in
1268 2709 1348 2737 Missali
1361 2716 1388 2737 Β.
1399 2715 1520 2737 adhibetur
1531 2716 1597 2738 Dorn.
1609 2716 1637 2737 V.
1649 2719 1701 2743 post
1712 2717 1870 2744 Epiphaniam.

1127 2751 1136 2764 ³
1153 2753 1218 2775 x’ers.
1235 2754 1255 2775 t.
1274 2748 1405 2783 Seq.-tocus
1422 2757 1455 2776 est
1471 2754 1547 2776 matth.
1568 2755 1607 2781 ιο,
1624 2754 1646 2776 7.
1663 2755 1775 2782 Vulgata:
1793 2756 1846 2783 quia
1864 2761 1901 2782 ap-

1066 2792 1237 2820 propinquavit.
1253 2804 1284 2809 —
1300 2793 1395 2815 lnt'erius
1411 2799 1455 2820 pro
1471 2793 1590 2816 carissimi
1605 2794 1622 2815 Α
1632 2793 1648 2816 C
1665 2793 1761 2822 fratres.

1127 2828 1136 2841 ⁸
1153 2830 1170 2851 Α
1179 2829 1196 2852 C
1213 2831 1318 2853 omittunt
1326 2831 1430 2860 potentia
1441 2831 1503 2859 sive,·
1515 2832 1609 2853 interius
1620 2838 1646 2853 ex
1663 2831 1726 2854 ΑΒΕ
1741 2831 1899 2853 substituimus

1066 2869 1189 2890 creaturae
1198 2867 1270 2890 bonae
1281 2875 1323 2896 pro
1335 2871 1459 2892 creaturae
1468 2868 1565 2892 bonitas.
1575 2869 1649 2891 Locus
1658 2870 1787 2897 Scripturae
1799 2872 1831 2890 est
1844 2869 1897 2890 Gen.

1069 2906 1086 2932 l,
1099 2906 1136 2927 31.
1149 2906 1226 2927 Glossa
1244 2907 1277 2927 illa
1296 2910 1328 2929 est
1347 2907 1503 2929 interlinearis
1518 2908 1578 2934 apud
1591 2907 1712 2934 Lyranurn,
1726 2908 1799 2939 Matth.
1815 2907 1847 2930 13,
1861 2906 1897 2928 25.
