2285 3398
825 199 1068 229 PROLEGOMENA
1089 198 1117 227 C.
1140 198 1170 227 Χ.

184 281 208 307 ὁ)
226 282 290 310 Quae
307 282 329 304 in
347 288 370 310 p.
387 281 420 304 ΙΙΙ.
438 283 493 303 sect.
511 281 548 303 48.
565 280 595 302 de
611 280 757 309 quadruplici
775 279 865 302 defectu
883 278 913 300 ab
931 279 968 300 ho-

122 329 223 352 minibus
248 335 289 357 per
314 329 443 352 custodiam
468 328 609 356 Angelorum
635 327 777 350 excludendo
802 326 870 349 etde
887 328 969 354 quarto

121 377 209 405 Angelo
226 376 304 406 (Uriel)
321 376 440 405 dicuntur,
453 381 499 398 non
511 375 642 398 invenimus
659 375 680 396 in
697 375 740 396 alio
757 377 901 396 auctore.-—
913 373 968 396 ibid.

121 427 175 447 sect.
194 424 270 446 49-23.
287 423 363 451 agitur
378 423 407 446 de
426 422 599 446 delinitionibus
616 422 707 444 nnlmne
725 424 747 444 et
763 421 793 444 de
804 421 918 443 divisione
931 426 970 448 po-

121 472 244 495 tentiarum
262 471 346 499 ipsius;
363 473 419 493 sect.
437 471 473 493 49,
486 470 524 493 21.
543 472 566 492 et
585 470 622 492 23.
640 472 729 492 sumtao
745 471 798 492 sunt
815 474 842 491 ex
860 469 924 491 loan.
942 467 970 490 de

123 518 228 549 Rupella,
245 519 341 541 Summa
359 518 388 540 de
405 517 485 540 Anima
504 517 553 547 (cir.
571 518 631 540 Alex.
659 517 705 539 llal.
724 517 788 539 Sum.
808 523 831 545 p.
849 517 871 538 ll.
889 523 912 545 q.
932 516 969 538 59.

122 566 205 595 seqq),
222 568 244 588 et
260 565 356 594 quidem
379 567 433 588 sect.
453 565 489 587 19.
505 570 532 586 ex
551 570 573 592 p.
592 565 606 586 l.
624 570 643 586 c.
662 565 688 591 2,
711 566 765 586 sect.
789 564 826 586 24.
850 570 876 586 ex
899 570 920 591 p.
947 564 970 586 11.

123 620 142 636 c.
156 614 193 636 46.
205 618 278 642 seqq..
299 615 353 635 sect.
371 612 409 635 23.
424 618 451 635 ex
469 618 491 640 p.
505 612 529 634 11.
541 617 561 634 c.
580 611 600 634 4.
618 614 640 634 et
652 611 688 634 25.
701 623 732 628 -
744 611 842 634 Demum
860 611 971 633 delinitio-

121 667 162 684 nes
178 660 290 684 virtutum
307 659 458 683 cardinalium
471 660 534 689 (sect.
548 659 633 689 44-44.)
646 659 727 682 sumsit
738 659 874 687 compilator
885 664 911 681 ex
925 658 971 681 Gu-

122 707 201 731 lielmo
212 706 327 735 Pei-aldo,
340 707 436 729 Summa
448 707 560 729 virtutum
580 712 608 728 ac
620 706 741 734 vitiorum,
757 709 812 729 tom.
830 707 845 728 l.
858 706 895 728 sol.
918 705 970 728 444.

122 761 187 784 seqq.
204 757 227 777 et
244 758 298 777 sect.
317 754 358 783 53,
376 760 509 783 proponens
526 754 659 782 septiforme
677 753 808 782 exemplum
825 753 907 776 Christi
928 759 971 781 pro

122 804 211 830 septem
224 800 345 824 ordinibus
361 801 465 830 sequitur
483 801 540 823 Petr.
558 799 683 823 Lombard.
705 800 742 823 lv.
765 801 827 823 Sent.
845 800 868 822 d.
889 799 970 822 xxw.

122 855 142 872 c.
159 849 180 872 5.
197 854 263 877 seqq.

186 897 206 919 3.
226 896 276 918 Duo
298 902 325 918 ex
344 895 468 924 praedictis
487 896 562 924 colligi
586 899 696 924 possunt:
719 895 806 924 primo,
832 901 879 924 quo
902 900 971 917 sensu

122 945 298 967 Bonaventurae
324 944 368 966 hoc
384 943 523 971 opusculum
538 942 608 965 tribui
628 943 707 971 possit.
729 942 789 965 Cum
811 941 918 964 accidens
938 947 971 964 se-

122 994 207 1021 quatur
218 991 357 1019 principale,
368 993 391 1013 et
410 997 464 1013 cum
482 991 550 1018 longe
568 991 642 1012 maior
661 996 716 1018 pars
734 989 874 1017 (incipiendo
892 995 904 1010 a
922 994 944 1016 p.
956 989 972 1011 l.

123 1041 177 1063 sect.
191 1039 216 1066 4,
228 1041 327 1061 extracta
338 1044 365 1061 ex
383 1038 470 1061 Bonav.
487 1038 509 1061 11.
525 1037 548 1061 d.
568 1038 605 1061 37.
625 1044 645 1060 a.
663 1039 683 1060 2.
701 1044 724 1066 q,
745 1037 800 1059 4.111
812 1042 884 1064 corp.,
896 1035 920 1058 d.
933 1035 970 1059 34.

123 1093 142 1110 a.
156 1087 178 1114 4,
189 1086 213 1109 d.
233 1086 270 1109 35.
291 1092 311 1109 a.
328 1086 355 1113 4,
368 1092 442 1115 usque
458 1086 487 1108 ad
510 1085 613 1108 ultimam
630 1085 756 1107 sectionem
772 1086 872 1107 sumtam
890 1090 917 1106 ex
934 1084 970 1107 lV.

124 1135 185 1157 Sent.
197 1133 220 1155 d.
234 1132 270 1156 49.
284 1139 306 1161 p.
319 1133 333 1155 l.
354 1139 376 1161 q.
397 1132 428 1162 5.)
446 1133 513 1162 quasi
536 1132 565 1155 nd
586 1131 685 1154 verbnm
702 1131 732 1154 ab
745 1131 795 1158 ipso
807 1131 836 1153 sit
855 1132 971 1159 mutuata,

123 1184 183 1206 opus
199 1178 425 1200 Bonaventurianum
448 1178 494 1200 dici
513 1180 588 1206 potest
605 1177 682 1206 quoad
702 1183 739 1200 res
761 1177 784 1199 in
800 1183 829 1199 eo
845 1179 970 1199 contentas.

123 1225 181 1248 Hinc
202 1225 327 1253 explicatur
348 1225 429 1252 etiam,
451 1231 492 1247 cur
504 1231 549 1247 non
567 1224 634 1252 pauci
652 1224 743 1247 codices
758 1230 842 1246 nomen
855 1224 971 1246 Bouaven-

123 1275 188 1294 turae
199 1272 311 1300 opusculo
323 1271 488 1300 inscripserint,
499 1274 522 1294 et
533 1271 593 1294 docti
606 1271 649 1293 viri
662 1271 737 1293 eidem
750 1271 827 1300 ipsum
841 1270 970 1294 tribuerint.

123 1331 154 1336 —
172 1319 279 1342 Secundo
296 1322 369 1348 patet,
389 1322 507 1342 auctorem
532 1319 601 1342 huius
623 1318 701 1347 scripti
723 1325 775 1341 esse
790 1319 971 1348 compilatorem

123 1367 252 1390 secundum
269 1367 373 1389 strIctum
393 1366 459 1389 verbi
481 1372 587 1395 sensum,
610 1372 680 1395 quem
703 1366 840 1389 determinat
856 1367 879 1389 S.
898 1367 972 1389 Bona—

123 1416 220 1437 ventura
234 1414 258 1442 (l.
270 1414 332 1437 Sent.
344 1414 450 1436 Prooem.
461 1420 484 1442 q.
498 1413 540 1443 4.);
555 1422 566 1433 n
575 1413 663 1442 Aliquis
675 1413 754 1436 scribit
765 1414 846 1441 aliena,
856 1414 971 1443 addendo,

124 1461 164 1484 sed
176 1467 223 1484 non
232 1461 262 1483 de
273 1467 327 1488 suo,
339 1463 361 1483 et
373 1461 414 1483 iste
426 1460 569 1490 compilator·
580 1460 664 1483 dicitur
674 1470 695 1483 n.
706 1473 738 1478 —
749 1461 837 1483 Verum
850 1464 896 1489 est,
907 1462 971 1491 quod

124 1508 241 1531 humilitas
263 1510 285 1530 et
307 1508 421 1530 modestia
446 1508 491 1536 ipsi
515 1510 682 1536 suggesserunt
707 1509 764 1531 haec
789 1508 873 1532 verba:
900 1509 972 1532 «Hoc

123 1556 185 1579 enim
203 1556 275 1578 sentio
286 1558 309 1578 et
325 1556 408 1583 fateor,
424 1555 488 1584 quod
505 1561 557 1578 sum
575 1561 664 1583 pauper
681 1558 703 1578 et
719 1555 795 1578 tenuis
812 1557 967 1584 compilator„

125 1602 159 1631 (ll.
176 1603 238 1625 sent.
254 1602 408 1630 Praelocutio‚
425 1602 447 1624 in
470 1602 605 1631 principi0);
623 1602 664 1625 sed
689 1605 781 1626 econtra
799 1604 876 1626 omnia
899 1604 972 1632 ipsius

124 1656 195 1678 opera
212 1650 312 1678 genuina
338 1649 464 1672 luculenter
481 1642 604 1677 testantur,
621 1650 685 1678 quod
711 1650 762 1678 ipse
781 1657 881 1679 magnus
905 1652 973 1675 ruerit

124 1697 205 1719 doctor
221 1697 382 1725 evangelicus,
400 1696 443 1726 qui
459 1696 553 1726 profert
569 1696 597 1720 de
618 1696 733 1721 thesauro
749 1704 794 1721 suo
816 1704 877 1721 nova
895 1700 916 1721 et
937 1705 972 1721 ve-

124 1745 176 1767 lera
193 1744 280 1773 (Matth.
298 1744 335 1772 43,
353 1744 409 1772 32).
425 1744 518 1773 Si'quis
535 1744 684 1767 nihilominus
702 1745 806 1767 insistere
824 1746 924 1768 voluerit
941 1746 972 1767 in-

124 1793 240 1813 veteratae
256 1791 372 1819 opinioni,
390 1791 454 1820 quod
472 1791 521 1819 ipse
538 1791 699 1820 compilaverit
715 1792 777 1814 hunc
794 1791 892 1821 librum;
910 1792 972 1814 vide-

124 1839 165 1865 rit,
183 1844 239 1861 num
256 1839 360 1862 consulat
377 1839 458 1860 honori
471 1839 526 1861 tanti
538 1839 655 1867 Doctoris,
667 1845 720 1861 cum
735 1840 801 1861 saciat
817 1846 871 1862 eum
889 1846 971 1862 revera

127 1894 138 1905 ιε
151 1891 279 1914 pauperem
296 1889 318 1908 et
335 1889 427 1908 tenuem
444 1886 619 1914 compilatorem
629 1895 640 1906 n
655 1889 677 1908 et
694 1892 834 1909 coaevorum
847 1890 969 1909 auctorum

124 1933 322 1961 transcriptorem.

188 1980 233 2003 Sed
250 1981 373 2003 videamus
395 1981 525 2003 testimonia
542 1981 658 2003 codicum.
679 1981 769 2004 Praeter
786 1982 848 2003 illum
867 1982 971 2004 codicem

125 2027 277 2050 bibliothecae
301 2027 461 2051 Casanatensis
482 2030 505 2050 et
521 2028 616 2050 alterum
635 2027 795 2051 Mantuanum
813 2029 834 2050 in
852 2027 971 2051 Conventu

126 2075 239 2098 Minorum
255 2075 446 2098 Conventualium
463 2077 485 2097 et
505 2075 597 2097 tertium
614 2074 725 2098 Murbaci
745 2075 767 2097 in
784 2076 867 2097 Alsatia
885 2075 971 2098 Bonelli

126 2122 210 2150 allegat
220 2128 247 2144 ex
263 2122 366 2151 quodam
383 2120 488 2149 catalogo
504 2121 609 2144 codicem
627 2121 725 2151 Colleqit'
745 2122 909 2150 Lovafflenszk,
931 2122 971 2151 qui

127 2169 210 2192 habeat
222 2168 395 2199 Gemiloquium
415 2169 589 2192 Bonaventurae
600 2168 720 2192 tributum.
733 2170 778 2192 Sed
791 2171 814 2192 P.
826 2169 908 2192 Fidelis
921 2169 972 2199 (Βα-

126 2215 157 2240 tio
169 2219 212 2239 etc.
224 2223 278 2245 pag.
296 2217 348 2246 57),
365 2217 404 2246 qui
422 2216 525 2239 codicem
544 2217 613 2243 vidit,
630 2219 760 2244 attestatur,
778 2217 809 2239 ibi
827 2223 872 2239 non
892 2216 972 2239 haberi

127 2263 312 2293 Gentiloquium,
324 2264 364 2286 sed
376 2263 514 2287 Incendium
524 2263 623 2291 amoris,
635 2264 702 2287 cuius
713 2265 825 2292 Prologus
841 2264 920 2292 incipit
931 2264 972 2286 eis-

126 2310 180 2333 dem
193 2310 286 2333 verbis:
305 2311 363 2334 Ecce
378 2310 494 2340 descripsi
508 2313 552 2333 etc.
563 2323 594 2328 ·—
605 2312 655 2340 lpse
673 2312 695 2334 P.
708 2312 790 2344 Fidelis
803 2312 890 2334 notavit
901 2315 923 2333 et
934 2311 972 2334 de·

127 2357 218 2386 scripsit
227 2358 283 2380 alios
293 2358 321 2380 48
333 2358 433 2385 codices,
444 2358 484 2387 qui
497 2358 540 2380 hoc
552 2359 690 2387 opusculum
704 2358 797 2381 liabent.
814 2359 901 2381 Horum
919 2361 972 2381 sunt

127 2403 260 2434 quindecim
271 2405 350 2433 scripti
362 2411 423 2427 saec.
436 2405 486 2427 XV.
503 2407 525 2427 et
543 2407 629 2427 tantum
647 2407 694 2428 tres
711 2405 734 2428 in
746 2405 790 2428 nne
803 2406 886 2428 saeculi
899 2406 971 2433 XlV.,

126 2451 201 2474 nullus
223 2451 299 2485 primo
320 2453 412 2474 saeculo
435 2454 487 2480 post
507 2454 605 2474 mortem
628 2452 810 2475 Bonaventurae.
828 2453 892 2475 Unus
908 2454 972 2475 solus

126 2498 281 2527 antiquiorum
304 2498 383 2521 tribuit
403 2505 464 2527 opus
486 2498 672 2526 Bonaventurae,
696 2499 736 2529 qui
761 2503 795 2523 est
821 2499 974 2530 eudapestini

127 2545 149 2567 in
171 2545 300 2574 Hungaria,
322 2544 460 2568 bibliotheca
483 2545 643 2574 Szechenyana
666 2547 727 2574 sign.
749 2547 800 2569 cod.
818 2547 862 2574 73,
878 2547 918 2576 qui
942 2547 972 2569 in-

127 2591 249 2614 scribitur:
275 2592 449 2622 Centiloqm'um
473 2591 575 2621 angelici
598 2592 646 2615 viri
667 2593 839 2617 Bonaventure.
861 2594 903 2616 Alii
924 2594 972 2616 duo

126 2641 180 2661 sunt
195 2639 322 2669 anonymi,
340 2640 425 2662 scilicet
442 2639 570 2667 Cortonae,
588 2638 726 2662 bibliotheca
743 2639 858 2669 Civitatis,
870 2640 922 2663 cod.
934 2640 972 2663 33.

127 2684 225 2708 membr.
243 2691 303 2708 saec.
320 2686 380 2709 xlv.
397 2686 511 2713 exeuntis,
529 2688 551 2708 et
573 2686 682 2715 Venetiis,
694 2686 831 2709 bibliotheca
850 2687 971 2709 Seminarii

127 2733 263 2762 patriarca,
280 2733 332 2756 cod.
349 2734 375 2756 N.
392 2734 425 2757 111.
445 2734 482 2756 41.
500 2733 599 2756 membr.
616 2734 638 2756 in
656 2735 677 2756 8.
694 2734 798 2757 eiusdem
815 2735 903 2757 aetatis.
926 2734 971 2757 Sed

127 2779 218 2802 codices
234 2781 318 2803 saeculi
334 2781 385 2804 XV.
397 2780 481 2803 habent
493 2786 578 2803 nomen
595 2771 783 2804 Borbtventurae.
796 2782 926 2804 Notandum
938 2784 972 2804 est

127 2825 208 2854 etiam,
231 2827 384 2850 communiter
408 2827 508 2850 eundem
526 2828 650 2855 prologum
673 2828 769 2851 inveniri
792 2829 814 2850 in
840 2827 971 2856 codicibus,

126 2879 196 2902 quem
214 2874 299 2896 Bonelli
315 2874 440 2897 attribuere
457 2875 506 2897 vult
523 2875 586 2897 tratri
603 2875 752 2899 ltiarchesino.

189 2921 238 2942 Hoc
255 2921 324 2948 igitur
342 2921 497 2944 testimonium
514 2922 667 2944 recentiorum
680 2923 786 2945 codicum
798 2926 820 2945 ct
831 2923 971 2950 editionum,

127 2967 286 2991 deficientibus
302 2969 398 2991 omnino
415 2968 511 2991 testibus
528 2968 597 2997 primi
614 2970 699 2992 saeculi
715 2973 767 2998 post
784 2973 882 2993 mortem
895 2971 918 2992 S.
931 2970 963 2992 Do

126 3015 208 3042 ctoris,
226 3021 271 3037 non
287 3015 371 3044 probat
396 3016 530 3043 efficaciter,
553 3016 629 3044 ipsum
656 3017 840 3041 Bonaventuram
865 3020 971 3045 excerpta

219 3061 245 3085 S.
261 3062 351 3086 Bonav.
366 3075 398 3080 —
415 3063 483 3086 Tom.
500 3063 529 3086 V.

1795 201 1869 229 XLIX

1025 277 1160 306 Centiloquii
1179 277 1258 299 t'ec'isse
1275 279 1297 299 et
1314 276 1457 305 publicasse,
1469 282 1533 304 cum,
1547 276 1622 298 habita
1641 277 1727 299 ratione
1744 284 1821 300 rerum
1839 285 1873 301 cx-

1026 328 1170 354 cerptarum,
1183 325 1247 346 facile
1258 324 1366 352 explicari
1384 323 1468 352 possit,
1484 329 1526 346 cur
1543 323 1631 346 libellus
1649 324 1748 347 tributus
1764 326 1792 347 sit
1804 326 1874 348 Bona-

1027 375 1146 395 venturae.

1089 420 1174 442 Bonelli
1192 419 1322 447 (Prodrom.
1347 419 1390 441 col.
1408 420 1461 442 532.
1479 425 1501 442 11.
1519 420 1549 448 8.)
1568 421 1737 448 suspitionem,
1757 420 1820 449 quod
1838 420 1874 442 Fr.

1027 467 1182 490 Marchesinns
1198 472 1210 488 a
1229 466 1302 494 Regio
1319 466 1437 493 scripserit
1454 466 1578 493 Prolognm
1604 470 1625 489 ct
1650 467 1765 496 quaedam
1789 467 1875 490 addita-

1028 515 1102 536 menta
1120 512 1269 541 Centiloquii,
1287 513 1331 535 alio
1347 515 1485 540 argumento
1503 513 1575 540 nulrit,
1593 514 1656 542 (lund
1673 514 1759 536 scilicet
1771 514 1812 536 iste
1824 514 1875 536 Pro-

1027 561 1094 588 logus
1110 566 1156 582 non
1173 560 1247 583 levem
1265 560 1397 582 affinitatem
1416 559 1499 582 habent
1515 566 1568 582 cum
1587 561 1684 589 Prologo
1704 562 1793 589 operis,
1810 562 1873 591 quod

1027 607 1057 629 ab
1074 607 1117 629 isto
1135 609 1203 629 tratre
1219 607 1307 629 cditum
1325 610 1359 629 est
1376 610 1398 629 et
1420 607 1443 629 in
1466 607 1564 629 editione
1588 608 1672 631 Veneta
1694 609 1751 631 Petri
1770 609 1800 632 de
1817 609 1875 638 Qua-

1028 655 1114 682 renglis
1131 660 1168 676 an.
1186 654 1254 682 imi,
1271 661 1342 683 quam
1360 654 1389 677 ad
1408 661 1491 677 manus
1503 654 1627 685 habemus,
1640 656 1772 680 inscribitur
1786 657 1875 680 Mamo-

1028 703 1116 725 trectus
1134 701 1199 731 [alias
1216 702 1408 730 Mammotrepton
1421 702 1457 724 vel
1470 702 1668 733 Mummotrcctus]
1679 710 1751 733 super
1763 703 1874 732 Bibliam,

1028 752 1050 771 et
1067 749 1088 771 in
1106 749 1166 771 nne:
1187 758 1197 768 ιι
1209 749 1336 777 Expliclunt
1359 749 1513 777 expositiones
1537 753 1560 772 et
1584 751 1737 773 correctiones
1754 751 1875 774 vocabulo-

1028 802 1080 818 rum
1098 795 1161 824 libri,
1178 796 1219 824 qui
1236 797 1365 824 appellatur
1382 796 1551 820 Mamotrectus
1564 806 1586 820 r».
1604 798 1678 820 rrima
1700 798 1769 821 editio
1791 799 1875 827 prodiit

1029 843 1160 870 moguntiae
1177 849 1214 865 an.
1238 843 1298 865 4470
1316 849 1358 871 per
1375 844 1465 866 Petrum
1484 845 1595 867 Sclioltter
1613 845 1633 867 in
1657 845 1722 873 tolio¹
1740 849 1762 868 et
1785 850 1876 874 praeter

1029 891 1088 912 hanc
1109 890 1166 912 aliae
1185 890 1213 912 42
1236 890 1348 912 editiones
1359 894 1412 913 ante
1423 897 1460 913 an.
1473 891 1533 913 4500
1547 892 1619 913 iactae
1630 893 1759 914 reseruntur
1771 900 1782 915 a
1796 892 1876 916 Sbara-

1028 937 1061 959 lea
1080 937 1210 966 (supplem.
1227 944 1281 966 pag.
1299 938 1363 966 509).
1376 938 1487 967 Prologus
1498 939 1591 967 incipit:
1611 940 1758 968 «Impatiens
1781 942 1875 969 proprie

1029 984 1141 1012 imperitia
1162 990 1189 1006 ac
1211 984 1303 1007 ruditati
1326 985 1470 1013 compatiens
1486 992 1616 1014 pauperum
1639 987 1776 1010 clericorum
1789 996 1799 1008 ιι
1820 991 1875 1016 etc.;

1028 1037 1098 1059 porro
1120 1031 1187 1054 dicit:
1213 1041 1224 1052 «ι
1241 1032 1309 1054 velim
1333 1032 1448 1055 insinuare
1470 1033 1548 1055 lectori
1571 1034 1724 1063 pauperculo,
1747 1034 1875 1057 secundnm

1027 1079 1091 1107 quod
1109 1085 1151 1107 pro
1169 1082 1236 1107 captu
1255 1074 1402 1108 intelligentie
1418 1079 1530 1110 coniyere
1543 1082 1627 1110 potero
1639 1087 1670 1105 ez·
1682 1081 1803 1106 laboribus
1819 1082 1876 1105 alio·

1027 1132 1084 1148 rum
1096 1135 1118 1154 n,
1137 1129 1159 1148 et
1177 1127 1306 1149 concludit:
1327 1136 1338 1147 ιι
1351 1128 1377 1150 Et
1387 1128 1441 1156 quia
1454 1133 1543 1150 morem
1562 1132 1625 1156 geret
1643 1129 1693 1151 talis
1709 1130 1822 1152 decursus
1839 1136 1876 1158 pc<

1028 1173 1127 1201 dagogi.
1145 1174 1314 1197 Mamotrectns
1330 1175 1415 1202 poterit
1431 1175 1541 1203 appellari
1554 1184 1575 1198 n.
1587 1177 1677 1204 Renpse
1689 1179 1786 1206 uterque
1803 1178 1877 1200 Prolo-

1028 1227 1072 1248 gus
1089 1221 1148 1249 sapit
1165 1221 1264 1244 eundem
1282 1222 1358 1244 stilum
1375 1225 1398 1244 et
1416 1222 1476 1245 idem
1495 1223 1614 1250 ingenium
1631 1224 1756 1252 scriptoris.

1092 1268 1137 1290 Nec
1153 1268 1319 1296 negligendum
1345 1268 1412 1291 nobis
1431 1269 1523 1292 videtur
1540 1270 1602 1292 aliud
1620 1271 1731 1293 indicium
1750 1278 1794 1294 non
1813 1273 1876 1301 leve,

1028 1315 1091 1344 qnod
1110 1315 1161 1336 tacit
1174 1321 1215 1343 pro
1232 1315 1380 1338 Marchesiuo.
1396 1315 1502 1343 Tuderti,
1516 1316 1652 1339 bibliotheca
1665 1318 1687 1340 S.
1700 1318 1827 1346 Fortunati,
1843 1322 1877 1341 est

1028 1362 1081 1384 cod.
1102 1362 1150 1384 129.
1170 1362 1270 1385 membr.
1288 1363 1310 1385 in
1327 1364 1349 1386 8.
1366 1370 1454 1391 parvo,
1472 1364 1544 1387 t'olior.
1561 1365 1614 1392 250,
1631 1371 1691 1387 saec.
1704 1365 1764 1388 xlv.
1776 1369 1829 1389 ante
1840 1367 1882 1389 vel·

1029 1410 1088 1432 circa
1107 1410 1218 1439 medium,
1237 1410 1259 1432 in
1276 1417 1323 1440 quo
1342 1411 1379 1433 fol.
1399 1411 1419 1434 4.
1436 1418 1453 1434 r.
1472 1415 1507 1434 est
1523 1411 1630 1434 rubrica:
1648 1412 1775 1437 Sermones
1792 1414 1877 1443 fratris

1029 1456 1175 1480 Mar-chesnii
1192 1464 1265 1487 snper
1276 1458 1357 1481 omnia
1369 1458 1429 1488 fosta
1440 1458 1518 1482 nostri
1529 1459 1684 1488 Katendarff,
1697 1459 1721 1483 id
1732 1462 1766 1483 est
1779 1460 1876 1485 Ordinis

1028 1503 1135 1533 fratrum
1148 1504 1278 1528 Μήιον-11711..
1290 1517 1320 1522 -
1332 1505 1379 1528 Fol.
1397 1505 1449 1528 454.
1466 1512 1486 1529 r.
1498 1505 1582 1529 Sermo
1605 1506 1633 1529 tle
1649 1506 1758 1537 Arnqelis,
1773 1507 1811 1530 ubi
1824 1508 1877 1536 legi-

1029 1555 1080 1574 tur:
1100 1551 1145 1574 «in
1162 1552 1254 1580 signum
1281 1553 1349 1575 huius
1374 1553 1563 1576 inflammationis
1580 1557 1600 1577 et
1620 1556 1728 1578 ferventis
1748 1555 1876 1578 dilectionis

1029 1603 1075 1622 tam
1093 1600 1121 1622 ad
1139 1600 1271 1628 proximum
1288 1607 1360 1629 quam
1377 1601 1406 1623 ad
1424 1601 1497 1624 Deum
1516 1608 1587 1624 unum
1607 1603 1720 1630 Angelum
1733 1603 1827 1631 proprio
1839 1609 1877 1625 no-

1029 1648 1090 1670 mine
1106 1648 1261 1676 explicamus,
1277 1648 1362 1670 scilicet
1380 1648 1457 1676 Urt'el,
1475 1649 1505 1671 de
1521 1656 1569 1678 quo
1587 1649 1684 1673 liabetur
1696 1650 1718 1673 in
1730 1653 1812 1680 quarto
1824 1656 1878 1679 apo-

1029 1695 1085 1717 crit'o
1102 1698 1124 1717 et
1140 1701 1187 1717 non
1205 1694 1259 1717 alibi
1276 1695 1416 1717 invenimus.
1433 1696 1597 1724 interpretatur
1616 1699 1692 1719 autem
1717 1697 1783 1720 Uriel
1799 1698 1877 1721 lucens

1030 1742 1077 1764 Deo
1094 1742 1130 1763 vel
1146 1741 1207 1769 ignis
1224 1742 1263 1764 Dei
1281 1742 1310 1764 ad
1329 1742 1483 1771 innuendum,
1500 1743 1564 1772 quod
1583 1750 1623 1771 per
1640 1744 1771 1772 angelicum
1790 1744 1876 1774 benefl—

1029 1789 1090 1810 cium
1108 1788 1218 1811 ardemus
1235 1789 1257 1810 in
1275 1789 1361 1816 Deum,
1379 1795 1421 1817 per
1438 1789 1550 1812 fervidam
1569 1790 1714 1814 dilectionem
1732 1794 1755 1813 et
1772 1792 1877 1814 lucemus

1029 1837 1089 1865 Deo,
1102 1836 1123 1858 id
1136 1839 1170 1858 est
1181 1836 1210 1858 ad
1224 1837 1336 1859 honorem
1348 1836 1387 1859 Dei
1401 1842 1442 1864 per
1454 1837 1568 1865 placidam
1582 1838 1681 1865 proximi
1698 1838 1875 1863 edificationem.

1029 1885 1101 1906 Amen
1114 1893 1136 1907 ιι.
1153 1883 1211 1907 Cum
1229 1885 1299 1912 igitur
1317 1885 1418 1912 Angelus
1443 1885 1516 1911 Uricl,
1533 1885 1596 1914 quod
1614 1886 1712 1913 scimus,
1730 1892 1742 1908 a
1760 1887 1822 1909 nullo
1839 1893 1876 1909 an-

1030 1932 1094 1960 tiquo
1106 1931 1245 1954 Scholastica
1259 1932 1286 1954 itn
1299 1931 1424 1959 explicetur
1437 1932 1478 1954 nisi
1491 1932 1512 1954 in
1524 1931 1669 1961 Contiloquio
1679 1933 1712 1961 (p.
1722 1933 1753 1956 111.
1764 1936 1819 1957 sect.
1829 1934 1875 1963 48.)

1029 1979 1090 2001 etin
1108 1978 1151 2000 isto
1173 1984 1280 2001 sermone
1303 1978 1451 2005 Marchesini,
1468 1979 1635 2001 confirmantur
1657 1980 1757 2008 praefata
1781 1980 1878 2008 indicia,

1029 2032 1090 2054 quae
1107 2026 1184 2054 ipsum
1196 2032 1247 2048 esse
1258 2026 1433 2054 compilatorem
1446 2025 1580 2055 Ccntiloquii
1595 2027 1715 2050 insinuant.
1727 2028 1759 2050 De
1771 2028 1875 2051 eiusdem

1029 2072 1120 2101 scriptis
1136 2072 1190 2095 vide
1208 2072 1315 2095 Sboralea
1334 2073 1376 2095 loc.
1393 2073 1438 2100 cit„
1463 2074 1503 2102 qui
1528 2077 1606 2096 contra
1632 2074 1689 2097 alios
1706 2078 1767 2097 recte
1784 2075 1877 2103 asserit,

1029 2126 1083 2142 oum
1100 2120 1220 2148 scripsisse
1237 2120 1259 2142 in
1276 2120 1391 2148 principio
1413 2126 1473 2143 saec.
1491 2121 1551 2143 XlV.
1569 2107 1669 2144 Meminit
1685 2122 1790 2145 eiusdem
1807 2122 1876 2145 etiam

1029 2167 1218 2190 Bartholomaeus
1234 2168 1343 2195 Pisanus,
1359 2167 1493 2191 Contormit.
1512 2169 1549 2191 Xl.
1568 2175 1591 2197 p.
1608 2170 1632 2191 11.

1092 2215 1106 2244 S
1118 2216 1139 2237 2.
1151 2214 1286 2245 Opuaoulum
1297 2214 1324 2238 da
1332 2214 1497 2238 nwlestastios
1506 2215 1642 2239 Hierarohia
1651 2216 1726 2245 primo
1737 2217 1877 2245 impressum

1029 2265 1064 2284 est
1089 2262 1110 2284 in
1135 2262 1269 2285 collectione
1291 2262 1456 2290 opusculorum
1479 2262 1609 2291 Aryentz'na
1635 2268 1672 2285 nn.
1699 2262 1766 2285 4495.
1788 2263 1878 2285 Primus

1029 2309 1133 2332 omnium
1151 2310 1226 2336 testiS,
1243 2310 1283 2338 qui
1300 2304 1355 2332 iliud
1377 2309 1552 2332 Bonavcnturae
1574 2309 1689 2337 attribuit,
1706 2313 1741 2332 est
1764 2310 1878 2333 Marianus

1029 2357 1171 2379 Florentinns
1188 2357 1209 2379 in
1231 2357 1279 2380 suis
1302 2357 1422 2380 Chronicis
1439 2363 1508 2385 saepe
1534 2357 1611 2380 minus
1632 2358 1713 2384 certis,
1729 2357 1769 2386 qui
1794 2357 1877 2380 dicitur

1029 2404 1115 2427 obiisse
1132 2411 1168 2426 an.
1186 2404 1245 2426 4523
1263 2404 1301 2427 die
1319 2405 1355 2427 20.
1373 2405 1421 2429 iulii
1439 2404 1568 2433 (Prodrom.
1586 2405 1628 2426 col.
1649 2404 1713 2433 267).
1726 2404 1877 2426 Nihilominus

1030 2452 1147 2479 Oudinus,
1163 2452 1263 2474 editores
1275 2452 1369 2480 Veneti,
1387 2451 1495 2474 Sbaraiea
1511 2455 1534 2474 et
1552 2452 1635 2474 Bonelli
1653 2454 1759 2480 censent,
1777 2452 1838 2474 hunc
1854 2451 1877 2473 11-

1030 2499 1115 2522 bellum
1132 2505 1183 2522 esse
1201 2500 1293 2522 certum
1310 2500 1333 2522 S.
1351 2500 1526 2522 Bonaventurae
1543 2500 1662 2527 scriptum.
1684 2499 1835 2526 Principalem
1853 2498 1877 2520 il—

1030 2548 1103 2569 lorum
1121 2546 1233 2569 rationem
1250 2546 1356 2569 Oudinus
1377 2545 1516 2574 (Comment.
1533 2546 1562 2569 de
1579 2547 1683 2574 scriptor.
1701 2545 1825 2568 ecclesiast.
1843 2546 1875 2568 lll;

1029 2594 1119 2617 dissert.
1135 2594 1245 2622 singular.
1262 2600 1282 2616 c.
1300 2594 1336 2616 43,
1354 2594 1397 2616 col.
1415 2593 1477 2623 424.)
1491 2594 1520 2616 ita
1533 2595 1633 2622 profert:
1648 2603 1660 2614 u
1671 2593 1814 2622 Opusculum
1827 2599 1877 2615 cer-

1030 2644 1078 2664 tum
1095 2641 1213 2668 eiusdem,
1224 2647 1284 2664 cnm
1301 2640 1345 2664 sub
1362 2641 1440 2669 operis
1456 2641 1545 2663 initium
1563 2641 1646 2669 allegat
1656 2641 1699 2663 alia
1717 2647 1729 2663 a
1747 2647 1771 2663 se
1783 2641 1876 2669 scripta,

1028 2694 1089 2717 quae
1105 2688 1250 2716 reperiuntur
1266 2689 1290 2711 in
1306 2687 1424 2716 opusculis
1440 2687 1585 2717 Breviloqm‘i
1600 2690 1622 2710 et
1634 2686 1775 2717 Centiloquz'i
1785 2687 1875 2716 absque

1029 2734 1101 2758 dubio
1112 2735 1142 2758 ad
1153 2737 1176 2758 S.
1193 2736 1379 2758 Bonaventuram
1391 2735 1556 2764 spectantibus.
1568 2736 1686 2758 Praeterea
1700 2735 1760 2758 istud
1778 2741 1876 2763 opuscu-

1029 2783 1075 2805 lum
1092 2789 1119 2805 ex
1135 2783 1231 2806 lectione
1248 2789 1320 2812 grave
1337 2783 1404 2806 simul
1422 2786 1444 2806 et
1459 2784 1575 2806 eruditum
1593 2787 1628 2806 est
1640 2792 1650 2803 π
1669 2786 1713 2806 etc.
1729 2795 1760 2800 -
1777 2783 1800 2805 ln
1824 2782 1876 2805 Pro-

1029 2829 1082 2857 logo
1094 2832 1170 2852 autem
1183 2830 1287 2858 opusculi
1305 2830 1398 2858 legitur:
1413 2839 1425 2850 ιι
1434 2830 1507 2852 Huius
1520 2830 1552 2852 rei
1565 2830 1637 2857 gratia
1650 2836 1760 2858 praesens
1771 2834 1875 2857 ‘opuscu-

1029 2877 1089 2903 lum,
1105 2876 1148 2899 etsi
1164 2876 1305 2899 laboriosum
1324 2877 1392 2904 mihi,
1415 2880 1492 2899 tamen
1509 2880 1531 2900 et
1553 2877 1602 2900 aliis
1619 2877 1721 2905 parvulis
1739 2877 1761 2899 in
1784 2876 1874 2899 Christo

1028 2924 1062 2946 lac
1079 2922 1221 2951 petentibus,
1238 2926 1264 2946 ut
1279 2929 1359 2952 spero,
1376 2930 1422 2946 non
1439 2924 1618 2951 infructuosum,
1637 2925 1708 2946 offero
1725 2924 1754 2946 ad
1771 2924 1875 2946 aedifica-

1028 2970 1113 2992 tionem
1130 2970 1215 2994 domus
1233 2971 1348 2994 Domini...
1365 2972 1388 2993 111
1404 2977 1452 3002 quo
1466 2972 1542 2999 agitur
1558 2971 1588 2993 de
1604 2970 1784 2999 proprietatibus
1796 2976 1873 2992 rerum

1029 3016 1177 3046 naturalium,
1189 3023 1248 3046 quas
1259 3017 1387 3040 secundum
1400 3018 1537 3046 parvitatem
1550 3024 1625 3040 meam
1642 3024 1703 3041 nnnc
1721 3017 1874 3045 tropologice,

1744 3064 1779 3087 Vll
