2285 3398
166 910 260 935 llepelulio
276 910 282 928 1

177 934 287 952 collalionis.

169 1891 264 1914 Repetitis»
279 1891 296 1909 ιζ’.

181 1914 291 1933 collationis.

314 264 369 293 516

312 341 383 370 data
415 346 475 370 tua.
502 357 546 380 -Ι
564 340 656 369 Tertio
686 340 818 369 debemus
850 340 924 377 loqui
957 340 990 369 de
1021 341 1156 371 mandatis

314 388 368 422 Dei,
392 392 422 417 ul
446 388 510 417 odio
533 387 692 416 habeamus
713 387 904 425 iniquitatem.
927 387 989 415 Ideo
1006 387 1107 416 dicitur
1129 388 1156 417 in

312 435 432 465 Psalmo:
457 436 614 472 Propterea
629 435 668 463 ad
689 434 789 462 omnia
810 434 954 462 mandata
976 437 1029 462 tua
1050 434 1155 471 diripe-

311 483 382 516 bar,
414 491 524 510 omnem
545 482 625 510 viam
656 481 791 519 iniquam
815 481 880 510 odio
911 480 1010 509 habui.
1043 481 1156 517 Quando

311 530 382 558 enim
406 530 486 557 homo
507 528 601 564 incipit
629 535 793 565 cognoscere
821 527 993 564 iniquitatem
1016 527 1073 556 sive
1094 535 1156 564 pec-

311 579 402 604 catum
423 579 449 603 ct
475 574 576 611 peccati
605 574 841 608 (nominationes,
869 582 941 611 quae
969 577 1034 602 sunt
1061 577 1157 602 contra

314 623 412 656 Deum;
436 626 501 650 tunc
522 621 617 658 incipit
637 621 766 650 detestari
789 624 941 658 peccatum.
961 637 997 641 —
1019 620 1157 649 Debemus

312 670 394 706 igitur
416 668 490 707 loqui
512 668 545 697 de
566 668 712 702 mandatis,
736 671 765 696 ut
787 668 845 704 ipsa
865 667 1011 704 diligamus
1030 670 1057 695 et
1078 667 1157 696 intel—

312 716 427 753 ligamus
448 719 475 744 et
496 715 523 744 in
546 715 617 743 viam
639 715 672 743 ad
695 715 811 751 patriam
834 714 988 751 dirigamur
1008 718 1036 743 et
1057 713 1157 751 iniqui-

313 766 393 791 tatem
414 762 477 791 odio
499 762 657 790 habeamus.
686 762 717 790 Et
739 765 769 790 ut
790 762 857 790 haec
872 761 926 789 tria
939 761 1077 798 possimus
1091 769 1155 790 con-

310 810 404 847 sequi,
426 810 486 838 ideo
508 809 534 837 in
558 809 691 846 principio
713 817 842 845 rogemus
863 808 1010 837 Dominum
1033 811 1084 837 etc.

389 859 414 885 2.
438 856 516 889 Dixi,
545 856 619 893 quod
647 851 742 884 decem
771 859 836 884 sunt
864 855 992 884 mandata
1019 855 1157 893 decalogi,

310 912 381 941 quae
402 906 467 932 sunt
487 903 666 931 fundamenta
686 902 810 930 omnium
824 902 940 939 legum,
962 905 989 931 et
1003 902 1077 939 quod
1092 906 1158 931 sunt

309 951 380 979 duae
408 950 532 984 tabulae,
561 949 665 978 scilicet
692 949 782 985 prima
806 952 833 977 et
854 949 981 978 secunda.
1011 949 1039 977 ln
1068 949 1158 986 prima

312 997 404 1026 tabula
424 996 601 1025 continentur
623 996 676 1024 tria
704 999 850 1032 praecepta
877 995 1032 1024 ordinantia
1052 1003 1102 1024 nos
1123 995 1157 1024 ad

312 1044 398 1072 Deum
421 1043 524 1071 trinum
552 1046 579 1071 et
606 1051 711 1076 unum,
732 1046 760 1071 et
781 1042 833 1070 hoc
854 1042 1007 1071 secundum
1029 1042 1082 1071 tria
1109 1050 1156 1079 ap-

312 1090 451 1128 propriata
472 1090 562 1119 tribus
583 1090 708 1127 personis
721 1089 822 1118 divinis
834 1091 852 1117 ¹.
869 1089 897 1118 ln
912 1089 1012 1118 divinis
1026 1089 1100 1118 enim
1115 1093 1157 1118 est

312 1137 475 1174 paternitas,
504 1137 598 1166 tiliatio
626 1140 653 1165 et
682 1136 1060 1173 p1·ocessio;etsecundum
1088 1137 1157 1166 haec

310 1187 375 1213 sunt
395 1185 449 1213 tria
473 1184 651 1221 appropriata
678 1183 768 1212 tribus
796 1184 921 1220 personis
947 1183 1055 1212 divinis.
1084 1184 1155 1212 Patri

310 1231 507 1268 appropriatur
528 1230 683 1264 maiestas,
705 1230 771 1258 Filio
791 1230 917 1264 veritas,
933 1230 1046 1267 Spiritui
1063 1232 1157 1259 sancto

312 1277 432 1306 bonitas.
463 1278 514 1306 lsta
543 1277 595 1305 tria
624 1277 776 1313 respiciunt
803 1276 905 1313 triplex
933 1284 1021 1313 genus
1042 1284 1155 1310 causae,

311 1325 413 1353 scilicet
435 1331 545 1353 cansam
567 1323 747 1362 efficientem,
768 1323 962 1360 exemplarem
983 1325 1010 1351 et
1029 1322 1155 1359 finalem.

312 1372 382 1400 l'atri
403 1371 567 1399 attribuitur
581 1378 664 1399 causa
677 1370 817 1408 efficiens,
833 1370 898 1398 Filio
917 1378 1000 1398 causa
1014 1369 1157 1407 exempta-

311 1418 370 1452 ris,
396 1417 460 1454 quia
488 1421 530 1446 est
556 1417 646 1453 imago
668 1417 769 1450 Patris,
784 1416 938 1453 etSpiritui
960 1419 1054 1445 sancto
1075 1424 1158 1445 causa

310 1465 417 1501 finatis.
441 1464 468 1492 ln
490 1464 568 1492 Patre
590 1467 631 1492 est
652 1471 760 1492 summa
781 1463 909 1491 maiestas
930 1463 1072 1491 humiliter
1093 1462 1157 1491 ado-

313 1511 411 1544 randa,
434 1510 460 1538 in
482 1510 547 1538 Filio
568 1517 677 1538 summa
699 1509 799 1537 veritas
820 1509 937 1537 lideliter
952 1509 1114 1543 asserenda,
1130 1509 1157 1537 in

312 1558 416 1595 Spiritu
438 1560 532 1586 sancto
553 1564 661 1585 summa
682 1555 789 1584 bonitas
810 1555 917 1584 sincere
931 1555 1055 1583 amanda.
1071 1555 1103 1583 Et
1116 1563 1158 1583 se-

312 1604 433 1633 cundum
458 1604 524 1632 haec
546 1603 614 1636 tria,
636 1605 668 1631 ut
688 1602 792 1631 dictum
813 1605 870 1636 est,
892 1599 999 1630 suntin
1014 1601 1104 1638 prima
1118 1605 1158 1630 ta-

314 1651 377 1680 bula
399 1650 614 1679 tria'mandata.
638 1649 759 1678 l'rimum
780 1652 840 1678 est:
871 1648 934 1677 Non
956 1648 1072 1677 habebis
1092 1649 1158 1677 deos

313 1698 421 1726 alienos
449 1705 551 1725 coram
580 1705 644 1729 me,-
666 1696 818 1725 secundum
846 1699 905 1724 est:
935 1695 999 1724 Non
1027 1703 1159 1723 assumes

315 1753 415 1773 nomen
438 1744 489 1772 Dei
510 1743 554 1771 tui
580 1743 612 1771 in
632 1751 764 1776 ¹vanuum
786 1743 898 1771 tertium
920 1745 979 1771 est:
1005 1742 1157 1776 Memento,

316 1795 346 1819 ut
366 1791 441 1831 diem
463 1790 584 1819 Sabbati
602 1790 773 1826 sanctifices.

392 1837 418 1866 3.
441 1837 479 1865 De
500 1837 590 1874 primo
610 1836 739 1865 mandato
759 1836 863 1864 dictum
885 1837 965 1870 cst²‚
984 1835 1059 1873 quod
1073 1843 1157 1872 quae-

314 1885 375 1913 dam
394 1884 627 1921 praemittantur
654 1883 688 1912 ad
712 1883 832 1911 mandati
853 1883 1046 1920 cognitionem,
1074 1890 1159 1919 quae-

314 1932 376 1960 dam
387 1931 610 1968 subiunyuntur
624 1930 658 1958 ad
673 1930 791 1958 mandati
807 1930 1019 1963 observantiam,
1033 1932 1061 1958 et
1075 1937 1159 1966 quae-

315 1978 377 2006 dam
399 1977 627 2013 interponuntur
647 1976 681 2004 ad
702 1975 821 2004 mandati
844 1976 1038 2012 integritatem.
1061 1992 1098 1996 -
1113 1976 1158 2004 Di-

316 2028 390 2053 ctum
412 2024 494 2052 otiam
515 2023 582 2057 suit,
604 2022 679 2059 quod
700 2022 726 2050 in
748 2022 834 2050 verbo
855 2022 925 2050 isto:
952 2022 1017 2050 Non
1043 2021 1159 2050 habebis

316 2071 381 2098 deos
402 2070 510 2098 alienos
531 2077 631 2101 eoram
645 2077 705 2102 me,
725 2068 889 2104 prohibetur
904 2068 993 2096 omnis
1007 2067 1161 2096 idololatria

318 2120 443 2154 respectu
465 2120 608 2145 creaturae
629 2114 834 2143 intellectualis.
857 2114 982 2142 Secundo
996 2114 1160 2150 prohibetur

319 2163 470 2192 idololatria
491 2164 619 2199 respectu
638 2161 769 2198 figmenti
789 2161 927 2189 humanae
954 2160 1068 2193 mentis,
1097 2167 1160 2188 cum

317 2210 428 2239 subdit:
452 2208 516 2237 Non
535 2207 627 2246 facies
646 2207 785 2244 scalptile.
814 2207 907 2235 Tertio
926 2206 1090 2243 prohibetur
1104 2206 1161 2235 ido-

320 2256 425 2285 lolatria
446 2258 573 2292 respectu
594 2257 722 2283 naturae
746 2253 925 2291 corporatis,
948 2255 975 2281 et
995 2253 1048 2281 hoc
1069 2260 1161 2289 respe-

318 2308 364 2333 ctu
385 2302 559 2336 caelestium,
581 2300 756 2330 terrestrium
778 2303 805 2328 et
825 2300 1012 2333 infernorum,
1034 2307 1097 2328 cum
1121 2299 1161 2328 di-

319 2350 373 2379 cit:
404 2349 498 2387 Neque
524 2347 743 2377 similitudmem
777 2355 878 2375 eorum
911 2355 986 2384 quae
1014 2346 1045 2374 in
1075 2345 1162 2374 caelis

318 2400 386 2425 sunt
406 2399 457 2425 etc.

397 2443 423 2471 [ι.
445 2443 555 2471 Dictum
577 2442 658 2471 etiam
680 2441 747 2475 suit,
769 2440 843 2477 quod
864 2440 890 2468 in
914 2440 964 2468 hoc
980 2439 1079 2468 verbo:
1096 2428 1165 2467 Non'

321 2490 435 2518 habebis
455 2490 521 2518 deos
542 2488 651 2517 alienos
679 2496 781 2516 eoram
806 2495 867 2520 me,
891 2494 991 2520 omnes
1012 2485 1162 2522 pactiones

320 2537 494 2564 daemonum
515 2535 715 2572 prohibentur,
737 2534 793 2563 sive
815 2533 869 2562 sint
886 2541 936 2569 per
964 2532 1161 2561 incantationes

322 2582 487 2616 verborum,
508 2582 565 2610 sive
579 2589 628 2618 per
643 2579 834 2617 inscriptiones
848 2579 1040 2608 characterum
1055 2581 1082 2607 et
1095 2578 1162 2607 ima-

322 2628 429 2665 ginum,
450 2628 507 2656 sive
528 2635 577 2664 per
598 2627 809 2655 immolationem
831 2625 1038 2655 sacrificiorum.
1061 2625 1089 2654 ln
1104 2625 1162 2654 istis

324 2674 413 2702 tribus
433 2674 587 2703 consistunt
607 2681 702 2701 omnes
722 2676 796 2701 artes
816 2672 944 2709 magicae.

401 2720 426 2747 5.
449 2719 558 2747 Dictum
579 2719 659 2747 etiam
682 2719 748 2752 suit,
769 2718 843 2755 quod
864 2718 892 2746 in
913 2718 1034 2746 secundo
1058 2718 1160 2747 verbo:

324 2766 389 2795 Non
408 2765 500 2803 facies
519 2765 664 2802 sculptile,
687 2765 869 2801 prohibentur
884 2772 978 2793 omnes
992 2765 1163 2801 superstitio-

389 2921 397 2934 ¹
412 2921 489 2945 Collat.
502 2921 522 2943 1.
535 2927 557 2943 n.
568 2920 606 2943 2⁴.
617 2921 655 2942 22.
666 2922 688 2942 et
699 2920 771 2942 collat.
784 2921 805 2942 2.
817 2926 839 2941 n.
851 2921 872 2942 3.
885 2920 907 2943 h.

387 2960 396 2973 ²
414 2962 486 2988 Supra
498 2960 573 2982 collat.
584 2960 605 2981 2.
617 2965 640 2981 n.
651 2960 673 2981 8.
685 2965 750 2987 seqq.

387 2998 397 3011 ⁸
414 2999 542 3027 Respicitur
553 2999 568 3020 1.
579 2998 640 3020 Tim.
651 2998 664 3020 6
672 3015 678 3026 ‚
691 2998 732 3025 10,
744 2996 783 3020 ubi
796 2999 839 3020 hoc
851 2998 879 3020 de
891 2998 984 3021 avaritia
996 2999 1087 3021 dicitur.

387 3037 398 3050 ⁴
414 3038 470 3065 Cap.
484 3035 524 3064 16,
538 3037 574 3059 13.

870 262 911 292 DE
933 262 1043 292 DECEM
1065 264 1258 293 PRAECEPTIS
1280 263 1442 292 COLLATlO
1463 263 1502 292 111.

1213 350 1258 370 sae
1280 341 1495 370 adinventiones
1509 349 1654 370 errorum.
1672 342 1702 370 Et
1717 342 1791 370 circa
1806 342 1857 371 hoc
1871 342 1975 371 dictum
1990 343 2057 377 fuit,

1213 388 1287 425 qnod
1308 387 1397 416 omnis
1418 395 1498 416 error
1519 388 1645 425 provenit
1662 392 1710 417 aut
1724 396 1760 417 ex
1776 388 1907 425 improbo
1921 397 1999 417 ausu
2014 390 2058 418 in-

1216 433 1412 471 vestiyationis
1429 433 1660 471 philosophicae,
1682 438 1731 463 aut
1751 443 1787 463 ex
1814 443 1951 472 perverso
1978 435 2058 464 intet-

1214 481 1285 509 tectu
1306 489 1411 508 sacrae
1432 480 1620 517 Sci-immae,
1641 485 1690 510 aut
1710 490 1746 511 ex
1768 482 1938 510 inordinato
1953 481 2058 520 affectu

1214 527 1401 556 carnalitatis
1422 526 1577 556 humanae.
1607 529 1719 566 Propter
1747 529 1869 566 primum
1892 529 2059 566 proveniunt

1213 582 1323 602 errores
1345 573 1371 601 in
1390 572 1586 610 pleitosophis,
1607 575 1678 604 sicut
1699 583 1801 612 ponere
1820 575 1956 604 mundum
1970 578 2058 604 aeter-

1213 629 1280 649 num
1303 624 1330 649 ct
1352 620 1519 649 huiusmodi.
1539 620 1651 658 Propter
1666 622 1817 651 secundum
1833 622 2000 658 proveniunt
2014 630 2058 651 er-

1214 675 1292 696 rores
1313 667 1339 695 in
1361 665 1530 700 haereticis,
1559 667 1606 703 qui
1633 669 1704 697 male
1724 669 1847 697 sentiunt
1871 668 1905 697 de
1925 668 2058 698 Trinitate

1214 716 1241 742 et
1261 713 1365 750 Spiritu
1386 715 1488 741 sancto.
1512 713 1625 750 Propter
1652 714 1765 743 tertium
1794 714 1961 751 proveniunt
1981 723 2058 744 erro-

1215 768 1259 789 res
1274 760 1300 789 in
1322 759 1492 797 Epicurei-5,
1514 760 1561 797 qui
1583 760 1692 795 dicunt,
1714 770 1768 790 non
1790 769 1849 795 esse
1870 762 1951 790 aliam
1973 762 2067 798 vitam*

1215 807 1265 835 nisi
1290 806 1377 835 istam.

1294 855 1319 881 li.
1341 853 1369 881 ln
1386 852 1467 882 tertio
1482 853 1582 882 verbo:
1598 853 1692 892 Neque
1712 854 1935 883 similitudinem
1955 857 2056 883 eorum

1213 909 1288 938 quae
1309 900 1340 928 in
1361 899 1449 928 caetis
1468 903 1538 928 sunt
1565 903 1632 934 etc.,
1660 902 1844 938 prohibentur
1872 909 1969 931 omnes
1995 909 2058 939 per-

1214 955 1310 976 versae
1331 946 1558 984 appretiatioiws
1578 951 1795 976 ereaturarum.
1820 948 1850 976 Et
1864 948 1938 977 circa
1952 948 2003 977 hoc
2017 948 2059 977 di-

1214 997 1289 1022 ctum
1310 993 1378 1027 suit,
1400 993 1474 1030 quod
1495 993 1584 1022 omnis
1605 1002 1734 1031 perversa
1761 994 1925 1031 appretiatio
1949 998 2058 1024 creatu-

1214 1048 1310 1069 rarum
1332 1044 1381 1069 aut
1401 1044 1443 1069 est
1461 1040 1567 1069 ratione
1586 1040 1790 1075 sublimitati&
1812 1045 1861 1071 aut
1875 1041 1981 1071 ratione
1994 1041 2059 1079 suf-

1212 1083 1372 1124 ficientiae,
1393 1090 1442 1116 aut
1463 1087 1569 1116 ratione
1589 1087 1790 1116 cteteccationis.
1813 1088 1903 1117 Primo
1923 1088 2004 1117 modo
2017 1092 2059 1117 est

1214 1135 1368 1164 idololatria
1394 1134 1606 1171 superborum,
1634 1134 1755 1164 secundo
1775 1135 1856 1163 modo
1876 1143 2058 1169 avarorum,

1214 1181 1296 1210 tertio
1317 1181 1397 1210 modo
1418 1180 1604 1210 lascivorum,
1628 1182 1680 1210 Ista
1699 1181 1772 1210 dicta
1792 1182 1907 1210 suerunt
1920 1181 1954 1210 de
1969 1181 2058 1218 primo

1214 1228 1351 1256 mandato.
1375 1244 1411 1248 —
1433 1227 1510 1256 Modo
1531 1228 1670 1262 dicebam,
1692 1228 1765 1265 quod
1787 1232 1828 1257 est
1849 1228 1952 1265 triplex
1974 1228 2059 1257 idolo-

1214 1274 1311 1303 latria:
1340 1275 1443 1304 scilicet
1470 1275 1609 1312 pactiones
1639 1275 1820 1309 daemonum,
1852 1275 2059 1312 superstitiosae

1213 1321 1420 1350 adinventiones
1450 1330 1579 1350 errorum
1611 1326 1639 1351 et
1669 1330 1815 1359 perversae
1845 1322 2059 1359 appretiationes

1213 1371 1416 1396 creaturarum.
1440 1368 1468 1396 ln
1489 1369 1661 1405 pactionibus
1687 1369 1852 1397 daemonum
1881 1372 1923 1397 est
1950 1376 2059 1397 summa

1213 1414 1337 1442 omnium
1369 1414 1500 1443 vitiorum
1531 1414 1634 1442 malitia
1664 1418 1691 1443 ct
1719 1414 1809 1443 radix
1835 1415 1967 1443 omnium
1995 1423 2058 1443 ma-

1215 1460 1310 1488 torum
1322 1460 1341 1488 ³.
1962 1471 1964 1473 ·

1294 1508 1319 1534 7.
1343 1507 1382 1535 Ex
1412 1507 1455 1535 his
1482 1507 1572 1535 tribus
1601 1507 1760 1536 idololatriis
1788 1507 1941 1543 procedunt
1965 1515 2061 1536 omnes

1214 1553 1345 1582 falsitates
1373 1556 1400 1582 et
1430 1553 1533 1590 peccati
1564 1553 1799 1587 deordinationes,
1830 1553 1933 1590 quibus
1960 1553 2061 1582 misera

1214 1600 1305 1628 anima
1325 1599 1504 1629 daemonibus
1524 1600 1689 1634 subiicitur;
1711 1600 1785 1637 quod
1806 1600 1875 1629 bene
1889 1600 2060 1637 significatur
2081 1606 2205 1633 Confirmat„

1215 1647 1243 1675 in
1265 1646 1422 1683 A1³0⁶·'1llypSi
1435 1647 1462 1680 ⁴,
1490 1646 1536 1675 ubi
1565 1647 1685 1676 dicitur:
1714 1647 1778 1675 Vidi
1797 1647 1832 1675 de
1852 1656 1901 1675 ore
1921 1646 2060 1676 draconis
2074 1630 2205 1671 3512.⁵⁶”¹''⁰'

1215 1697 1240 1722 et
1261 1693 1295 1722 cle
1315 1702 1363 1721 ore
1384 1693 1488 1722 bestiae
1514 1697 1539 1722 et
1566 1694 1600 1722 de
1615 1703 1673 1722 -ore
1690 1693 1957 1732 pseudoprophetae
1981 1694 2060 1723 exire

1214 1739 1340 1777 spiritus
1361 1743 1418 1768 tres
1443 1739 1609 1768 immundos
1630 1740 1661 1768 in
1681 1740 1800 1769 modum
1821 1749 1979 1769 ranarum.
2010 1741 2059 1769 Per

1215 1787 1371 1816 (traconem
1399 1786 1589 1823 significantur
1613 1787 1761 1824 pactiones
1791 1788 1982 1821 daemonum,
2011 1795 2060 1824 per

1211 1832 1494 1871 pseudoprophetam
1514 1833 1720 1870 superstitiosae
1745 1834 1961 1862 adinventiones
1981 1842 2061 1862 erro-

1215 1888 1301 1914 rum,
1323 1888 1372 1917 per
1394 1879 1513 1908 bestiam
1534 1888 1680 1916 perversae
1701 1879 1926 1917 appretiationes
1947 1883 2060 1908 creatu-

1216 1935 1332 1956 rarum.
1355 1942 1391 1947 —
1415 1927 1445 1955 Et
1465 1926 1556 1955 onmia
1574 1926 1626 1955 ista
1639 1926 1824 1963 prohibentur
1838 1926 1865 1961 111
1880 1926 1970 1963 primo
1984 1923 2061 1955 man-

1215 1974 1286 2002 dato.
1309 1974 1341 2002 Et
1361 1973 1433 2002 sicut
1454 1973 1528 2002 Deus
1548 1973 1575 2001 in
1597 1973 1686 2010 prima
1707 1974 1845 2002 creatione
1872 1981 1967 2002 rerum
1992 1982 2060 2010 quo-

1216 2020 1278 2049 dam
1302 2020 1383 2049 modo
1400 2020 1492 2049 omnia
1506 2019 1640 2056 produxit
1650 2020 1677 2054 ⁵,
1693 2020 1731 2048 sic
1745 2023 1772 2048 et
1786 2020 1813 2048 in
1828 2020 1919 2057 primo
1932 2019 2060 2048 mandato

1216 2067 1308 2095 omnia
1336 2067 1408 2095 mala
1435 2066 1578 2103 prohibet,
1600 2066 1663 2095 licet
1683 2066 1716 2094 ad
1737 2066 1868 2095 maiorem
1890 2066 2060 2103 explanatio-

1218 2121 1280 2141 nem
1302 2113 1383 2149 plura
1403 2115 1486 2149 ponat
1506 2112 1641 2141 mandata.

1298 2160 1323 2187 8.
1346 2158 1430 2187 Omisi
1452 2158 1559 2192 dicere,
1574 2158 1647 2195 quod
1663 2158 1751 2187 Iudaei
1767 2158 1914 2196 aliquando
1928 2158 2061 2187 insultant
2077 2164 2205 2211 οᾞῖἓῖεωῗιν-

1218 2205 1296 2233 nobis
1317 2209 1344 2234 et
1364 2205 1476 2239 dicunt,
1498 2205 1571 2242 quod
1593 2213 1645 2234 non
1662 2205 1730 2234 bene
1745 2213 1889 2234 servemus
1902 2205 1970 2233 illud
1984 2213 2061 2233 man·
2073 2211 2206 2229 ¹nsu¹tatiolu-

2089 2234 2184 2253 daenrum.

1217 2252 1329 2285 datum,
1351 2255 1378 2280 et
1398 2252 1544 2288 imponunt
1571 2251 1665 2285 nobis,
1686 2252 1760 2288 quod
1781 2252 1872 2288 ipsum
1894 2251 2061 2288 transgredi-

1218 2306 1291 2326 mur.
1314 2298 1340 2325 ln
1363 2298 1415 2325 isto
1436 2297 1508 2326 enim
1531 2297 1659 2326 mandato
1680 2297 1856 2326 continentur
1878 2298 1930 2326 tria
1957 2297 2060 2326 verba:

1219 2344 1284 2373 Non
1304 2343 1419 2372 habebis
1440 2344 1506 2381 deos
1527 2344 1636 2378 alienos
1656 2353 1758 2373 coram
1779 2353 1822 2373 me
1843 2360 1879 2365 --
1897 2352 1956 2372 non
1968 2342 2061 2380 facies

1218 2391 1349 2428 sculptile
1376 2407 1414 2411 —-
1439 2399 1527 2429 neque
1554 2390 1774 2419 similitudinem
1799 2399 1900 2419 eorum
1927 2398 2002 2428 quae
2029 2390 2061 2417 in

1218 2438 1306 2467 caetis
1325 2441 1395 2466 sunt
1415 2440 1465 2466 etc.

1298 2485 1324 2512 9.
1347 2484 1385 2512 De
1406 2483 1496 2520 primo
1508 2484 1610 2518 verbo,
1633 2484 1750 2513 scilicet:
1774 2483 1838 2512 Non
1859 2482 1974 2512 habebis
1995 2483 2060 2511 deos
2075 2488 2205 2536 tgtgliggfflstiss

1219 2531 1344 2565 alienos,
1359 2531 1470 2565 dicunt,
1484 2531 1558 2567 quod
1572 2531 1638 2559 dicit
1651 2531 1784 2560 Dominus
1795 2531 1821 2559 ⁶:
1838 2530 1934 2564 Audi,
1950 2530 2059 2564 lsrael,
2075 2541 2115 2554 ues-

1220 2577 1363 2606 Dominus
1385 2578 1460 2606 Deus
1481 2581 1551 2606 tuus
1571 2586 1649 2605 unus
1670 2581 1710 2606 est
1717 2588 1727 2611 ;
1748 2581 1775 2606 et
1796 2585 1844 2606 vos
1858 2577 1958 2614 ponitis
1972 2576 2060 2605 Trini-

1219 2627 1318 2658 tatem,
1340 2624 1443 2653 scilicet
1458 2624 1563 2652 Patrem
1579 2627 1606 2652 et
1620 2624 1717 2653 Filium
1733 2627 1760 2653 et
1774 2624 1906 2661 Spiritum
1923 2625 2057 2652 sanctum.

1220 2687 1256 2692 —
1277 2671 1316 2699 De
1337 2669 1458 2699 secundo
1477 2670 1588 2704 dicunt,
1603 2670 1677 2707 quod
1690 2669 1820 2706 facimus
1834 2668 1980 2706 sculptile,
1995 2668 2060 2706 quia

1219 2717 1349 2747 ecclesiae
1368 2719 1478 2745 nostrae
1499 2717 1594 2753 plenae
1616 2719 1680 2745 snnt
1702 2716 1874 2753 imaginibus.
1896 2731 1933 2736 —
1952 2715 1991 2744 De
2006 2717 2060 2744 ter-

1220 2765 1276 2793 tio:
1297 2772 1386 2801 neque
1405 2762 1625 2792 similitudinem
1645 2765 1714 2797 etc.,
1734 2762 1760 2791 in
1775 2770 1831 2799 quo
1845 2761 1974 2799 prohibet
1987 2761 2060 2790 Deus

1283 2919 1293 2932 ⁵
1309 2919 1355 2943 err.
1366 2919 1475 2947 August„
1487 2918 1516 2941 V.
1527 2919 1557 2941 de
1568 2919 1623 2941 Gen.
1634 2918 1664 2941 ad
1676 2918 1707 2941 lit.
1719 2924 1739 2941 c.
1751 2918 1788 2940 20.
1800 2924 1822 2940 n.
1835 2917 1872 2939 40.
1882 2923 1950 2946 seqq.

1282 2957 1293 2971 ⁵
1310 2959 1374 2981 Deut,
1386 2958 1414 2984 6,
1427 2957 1452 2979 t:
1469 2957 1528 2979 Audi
1544 2957 1623 2985 lsrael,
1641 2957 1751 2980 Dominus
1768 2957 1829 2979 Deus
1851 2959 1928 2978 noster
1949 2955 2060 2978 Dominus

1222 3003 1281 3020 unus
1292 3000 1333 3020 est.
1344 2996 1389 3019 Csr.
1401 2996 1469 3018 Marc.
1482 2996 1522 3023 ⁴2,
1534 2996 1572 3018 29.
