<?xml version="1.0" encoding="UTF-8"?>
<!DOCTYPE html PUBLIC "-//W3C//DTD XHTML 1.0 Transitional//EN"
    "http://www.w3.org/TR/xhtml1/DTD/xhtml1-transitional.dtd">
<html xmlns="http://www.w3.org/1999/xhtml" xml:lang="en" lang="en">
 <head>
  <title>
</title>
<meta http-equiv="Content-Type" content="text/html;charset=utf-8" />
  <meta name='ocr-system' content='tesseract 3.04.00' />
  <meta name='ocr-capabilities' content='ocr_page ocr_carea ocr_par ocr_line ocrx_word'/>
</head>
<body>
  <div class='ocr_page' id='page_1' title='image "./doctorisseraphic05bona_0639.png"; bbox 0 0 2285 3398; ppageno 0'>
   <div class='ocr_carea' id='block_1_1' title="bbox 989 223 1936 253">
    <p class='ocr_par' dir='ltr' id='par_1_1' title="bbox 989 223 1936 253">
     <span class='ocr_line' id='line_1_1' title="bbox 989 223 1936 253; baseline 0.002 -2"><span class='ocrx_word' id='word_1_1' title='bbox 989 223 1098 251; x_wconf 74' lang='lat' dir='ltr'><strong>SERMO</strong></span> <span class='ocrx_word' id='word_1_2' title='bbox 1121 223 1159 251; x_wconf 93' lang='grc'>111.</span> <span class='ocrx_word' id='word_1_3' title='bbox 1886 226 1936 253; x_wconf 79' lang='lat'>561</span> 
     </span>
    </p>
   </div>
   <div class='ocr_carea' id='block_1_2' title="bbox 55 301 1047 2158">
    <p class='ocr_par' dir='ltr' id='par_1_2' title="bbox 280 301 1045 338">
     <span class='ocr_line' id='line_1_2' title="bbox 280 301 1045 338; baseline 0 -9"><span class='ocrx_word' id='word_1_4' title='bbox 280 302 325 329; x_wconf 71' lang='lat'>26.</span> <span class='ocrx_word' id='word_1_5' title='bbox 348 302 452 337; x_wconf 77' lang='lat' dir='ltr'>Quarto</span> <span class='ocrx_word' id='word_1_6' title='bbox 474 301 670 338; x_wconf 70' lang='lat' dir='ltr'>praefiguravit</span> <span class='ocrx_word' id='word_1_7' title='bbox 686 301 763 329; x_wconf 82' lang='lat' dir='ltr'>nohis</span> <span class='ocrx_word' id='word_1_8' title='bbox 779 310 879 337; x_wconf 72' lang='lat' dir='ltr'>corpus</span> <span class='ocrx_word' id='word_1_9' title='bbox 895 309 976 329; x_wconf 86' lang='lat' dir='ltr'>suum</span> <span class='ocrx_word' id='word_1_10' title='bbox 993 301 1045 329; x_wconf 77' lang='lat' dir='ltr'>sul)</span> 
     </span>
    </p>

    <p class='ocr_par' dir='ltr' id='par_1_3' title="bbox 56 347 1046 571">
     <span class='ocr_line' id='line_1_3' title="bbox 78 347 1045 385; baseline -0.001 -10"><span class='ocrx_word' id='word_1_11' title='bbox 78 355 106 373; x_wconf 77' lang='lat' dir='ltr'>ne</span> <span class='ocrx_word' id='word_1_12' title='bbox 119 355 184 385; x_wconf 54' lang='lat' dir='ltr'>quarta</span> <span class='ocrx_word' id='word_1_13' title='bbox 202 347 292 383; x_wconf 78' lang='lat' dir='ltr'>ligura</span> <span class='ocrx_word' id='word_1_14' title='bbox 319 349 391 385; x_wconf 68' lang='lat' dir='ltr'>aqui</span> <span class='ocrx_word' id='word_1_15' title='bbox 415 347 582 384; x_wconf 65' lang='lat' dir='ltr'>paschalis:</span> <span class='ocrx_word' id='word_1_16' title='bbox 610 348 693 375; x_wconf 72' lang='lat' dir='ltr'>Exodi</span> <span class='ocrx_word' id='word_1_17' title='bbox 723 348 921 376; x_wconf 75' lang='lat' dir='ltr'>‹lu‹›‹lerinio¹:</span> <span class='ocrx_word' id='word_1_18' title='bbox 955 347 1045 376; x_wconf 75' lang='lat' dir='ltr'>&#39;l&#39;oiiat</span> 
     </span>
     <span class='ocr_line' id='line_1_4' title="bbox 56 378 1043 432; baseline -0.004 -7"><span class='ocrx_word' id='word_1_19' title='bbox 56 378 184 425; x_wconf 51' lang='grc' dir='ltr'>2ξὲἷῖᾈεῖἶῖξῖ</span> <span class='ocrx_word' id='word_1_20' title='bbox 200 394 401 432; x_wconf 65' lang='lat' dir='ltr'>unusquisque</span> <span class='ocrx_word' id='word_1_21' title='bbox 422 402 533 431; x_wconf 68' lang='lat' dir='ltr'>(tynum</span> <span class='ocrx_word' id='word_1_22' title='bbox 560 403 611 430; x_wconf 79' lang='lat' dir='ltr'>per</span> <span class='ocrx_word' id='word_1_23' title='bbox 640 393 774 430; x_wconf 61' lang='lat' dir='ltr'>(ancilias-</span> <span class='ocrx_word' id='word_1_24' title='bbox 795 398 819 422; x_wconf 77' lang='lat' dir='ltr'>et</span> <span class='ocrx_word' id='word_1_25' title='bbox 844 395 943 422; x_wconf 67' lang='lat' dir='ltr'>(lemos</span> <span class='ocrx_word' id='word_1_26' title='bbox 963 402 1043 421; x_wconf 62' lang='lat' dir='ltr'>suas.</span> 
     </span>
     <span class='ocr_line' id='line_1_5' title="bbox 56 425 1045 477; baseline -0.002 -8"><span class='ocrx_word' id='word_1_27' title='bbox 56 425 86 443; x_wconf 62' lang='lat'>&#39;¹⁵‘</span> <span class='ocrx_word' id='word_1_28' title='bbox 202 441 306 477; x_wconf 70' lang='lat' dir='ltr'>Aquas</span> <span class='ocrx_word' id='word_1_29' title='bbox 327 444 424 468; x_wconf 78' lang='lat' dir='ltr'>autem</span> <span class='ocrx_word' id='word_1_30' title='bbox 445 441 499 468; x_wconf 81' lang='lat' dir='ltr'>erit</span> <span class='ocrx_word' id='word_1_31' title='bbox 521 440 627 477; x_wconf 69' lang='lat' dir='ltr'>absque</span> <span class='ocrx_word' id='word_1_32' title='bbox 648 441 774 469; x_wconf 75' lang='lat' dir='ltr'>macula.</span> <span class='ocrx_word' id='word_1_33' title='bbox 793 441 842 469; x_wconf 83' lang='lat' dir='ltr'>lste</span> <span class='ocrx_word' id='word_1_34' title='bbox 861 442 952 477; x_wconf 64' lang='lat' dir='ltr'>Agnus</span> <span class='ocrx_word' id='word_1_35' title='bbox 968 448 1045 476; x_wconf 86' lang='lat' dir='ltr'>prae-</span> 
     </span>
     <span class='ocr_line' id='line_1_6' title="bbox 202 486 1046 523; baseline -0.001 -8"><span class='ocrx_word' id='word_1_36' title='bbox 202 486 277 515; x_wconf 85' lang='lat' dir='ltr'>visus</span> <span class='ocrx_word' id='word_1_37' title='bbox 306 487 395 515; x_wconf 81' lang='lat' dir='ltr'>suerat</span> <span class='ocrx_word' id='word_1_38' title='bbox 427 495 476 523; x_wconf 84' lang='lat' dir='ltr'>per</span> <span class='ocrx_word' id='word_1_39' title='bbox 506 487 684 523; x_wconf 76' lang='lat' dir='ltr'>Prophetmn;</span> <span class='ocrx_word' id='word_1_40' title='bbox 715 488 786 515; x_wconf 79' lang='lat' dir='ltr'>unde</span> <span class='ocrx_word' id='word_1_41' title='bbox 817 488 910 515; x_wconf 85' lang='lat' dir='ltr'>lsaias:</span> <span class='ocrx_word' id='word_1_42' title='bbox 947 486 1046 514; x_wconf 79' lang='lat' dir='ltr'>Emitte</span> 
     </span>
     <span class='ocr_line' id='line_1_7' title="bbox 202 533 1045 571; baseline 0 -10"><span class='ocrx_word' id='word_1_43' title='bbox 202 535 337 571; x_wconf 68' lang='lat' dir='ltr'>Aquam,</span> <span class='ocrx_word' id='word_1_44' title='bbox 363 533 496 566; x_wconf 78' lang='lat' dir='ltr'>Domine,</span> <span class='ocrx_word' id='word_1_45' title='bbox 518 534 726 562; x_wconf 68' lang='lat' dir='ltr'>dominatorem</span> <span class='ocrx_word' id='word_1_46' title='bbox 751 538 854 562; x_wconf 72' lang='lat' dir='ltr'>terrae.</span> <span class='ocrx_word' id='word_1_47' title='bbox 883 535 933 562; x_wconf 89' lang='lat' dir='ltr'>lste</span> <span class='ocrx_word' id='word_1_48' title='bbox 955 535 1045 569; x_wconf 70' lang='lat' dir='ltr'>Agnus</span> 
     </span>
    </p>

    <p class='ocr_par' dir='ltr' id='par_1_4' title="bbox 201 579 1044 617">
     <span class='ocr_line' id='line_1_8' title="bbox 201 579 1044 617; baseline -0.001 -9"><span class='ocrx_word' id='word_1_49' title='bbox 201 580 253 608; x_wconf 84' lang='lat' dir='ltr'>suit</span> <span class='ocrx_word' id='word_1_50' title='bbox 266 580 328 608; x_wconf 77' lang='lat' dir='ltr'>sine</span> <span class='ocrx_word' id='word_1_51' title='bbox 342 580 476 613; x_wconf 73' lang='lat' dir='ltr'>macuta,</span> <span class='ocrx_word' id='word_1_52' title='bbox 493 580 556 616; x_wconf 77' lang='lat' dir='ltr'>quia</span> <span class='ocrx_word' id='word_1_53' title='bbox 574 585 684 608; x_wconf 70' lang='lat' dir='ltr'>venerat</span> <span class='ocrx_word' id='word_1_54' title='bbox 701 581 795 609; x_wconf 76' lang='lat' dir='ltr'>tollere</span> <span class='ocrx_word' id='word_1_55' title='bbox 811 584 920 617; x_wconf 80' lang='lat' dir='ltr'>peccata</span> <span class='ocrx_word' id='word_1_56' title='bbox 937 579 1044 613; x_wconf 74' lang='lat' dir='ltr'>mundi3</span> 
     </span>
    </p>

    <p class='ocr_par' dir='ltr' id='par_1_5' title="bbox 202 626 1045 664">
     <span class='ocr_line' id='line_1_9' title="bbox 202 626 1045 664; baseline -0.001 -9"><span class='ocrx_word' id='word_1_57' title='bbox 202 626 307 655; x_wconf 83' lang='lat' dir='ltr'>loannis</span> <span class='ocrx_word' id='word_1_58' title='bbox 329 626 433 662; x_wconf 90' lang='lat' dir='ltr'>primo:</span> <span class='ocrx_word' id='word_1_59' title='bbox 458 627 542 659; x_wconf 71' lang='lat' dir='ltr'>Eece,</span> <span class='ocrx_word' id='word_1_60' title='bbox 567 628 669 664; x_wconf 49' lang='lat' dir='ltr'>„tyna-s·</span> <span class='ocrx_word' id='word_1_61' title='bbox 693 628 759 659; x_wconf 79' lang='lat' dir='ltr'>Dei:</span> <span class='ocrx_word' id='word_1_62' title='bbox 780 631 807 655; x_wconf 83' lang='lat' dir='ltr'>et</span> <span class='ocrx_word' id='word_1_63' title='bbox 828 636 904 660; x_wconf 80' lang='lat' dir='ltr'>ecce,</span> <span class='ocrx_word' id='word_1_64' title='bbox 926 627 978 664; x_wconf 82' lang='lat' dir='ltr'>qui</span> <span class='ocrx_word' id='word_1_65' title='bbox 997 626 1045 654; x_wconf 83' lang='lat' dir='ltr'>tol-</span> 
     </span>
    </p>

    <p class='ocr_par' dir='ltr' id='par_1_6' title="bbox 56 673 1047 850">
     <span class='ocr_line' id='line_1_10' title="bbox 68 673 1047 710; baseline -0.001 -8"><span class='ocrx_word' id='word_1_66' title='bbox 68 680 184 707; x_wconf 34' lang='lat' dir='ltr'>[laeenam-a</span> <span class='ocrx_word' id='word_1_67' title='bbox 201 673 234 702; x_wconf 82' lang='lat' dir='ltr'>lit</span> <span class='ocrx_word' id='word_1_68' title='bbox 251 677 371 710; x_wconf 75' lang='lat' dir='ltr'>peccata</span> <span class='ocrx_word' id='word_1_69' title='bbox 392 673 503 700; x_wconf 77' lang='lat' dir='ltr'>mundi.</span> <span class='ocrx_word' id='word_1_70' title='bbox 520 690 558 693; x_wconf 97' lang='lat'><strong>—</strong></span> <span class='ocrx_word' id='word_1_71' title='bbox 572 674 662 710; x_wconf 67' lang='lat' dir='ltr'>Agnus</span> <span class='ocrx_word' id='word_1_72' title='bbox 685 675 733 702; x_wconf 75' lang='lat' dir='ltr'>iste</span> <span class='ocrx_word' id='word_1_73' title='bbox 756 674 890 710; x_wconf 70' lang='lat' dir='ltr'>paschalis</span> <span class='ocrx_word' id='word_1_74' title='bbox 912 673 1047 709; x_wconf 69' lang='lat' dir='ltr'>significat</span> 
     </span>
     <span class='ocr_line' id='line_1_11' title="bbox 56 705 1045 757; baseline 0.004 -13"><span class='ocrx_word' id='word_1_75' title='bbox 56 705 187 750; x_wconf 51' lang='lat' dir='ltr'>lsstprsstffi&#39;tl&#39;ss</span> <span class='ocrx_word' id='word_1_76' title='bbox 202 727 303 756; x_wconf 87' lang='lat' dir='ltr'>corpus</span> <span class='ocrx_word' id='word_1_77' title='bbox 317 719 427 752; x_wconf 81' lang='lat' dir='ltr'><strong>Christi,</strong></span> <span class='ocrx_word' id='word_1_78' title='bbox 443 718 502 747; x_wconf 73' lang='lat' dir='ltr'>ideo</span> <span class='ocrx_word' id='word_1_79' title='bbox 517 720 716 749; x_wconf 71' lang='lat' dir='ltr'>determinatur</span> <span class='ocrx_word' id='word_1_80' title='bbox 732 720 810 748; x_wconf 83' lang='lat' dir='ltr'>nobis</span> <span class='ocrx_word' id='word_1_81' title='bbox 826 720 878 754; x_wconf 78' lang='lat' dir='ltr'>hir,</span> <span class='ocrx_word' id='word_1_82' title='bbox 893 720 982 757; x_wconf 84' lang='lat' dir='ltr'>qualis</span> <span class='ocrx_word' id='word_1_83' title='bbox 1000 720 1045 748; x_wconf 91' lang='lat' dir='ltr'>de-</span> 
     </span>
     <span class='ocr_line' id='line_1_12' title="bbox 56 750 1045 804; baseline -0.001 -9"><span class='ocrx_word' id='word_1_84' title='bbox 56 750 87 768; x_wconf 62' lang='lat' dir='ltr'>da&#39;</span> <span class='ocrx_word' id='word_1_85' title='bbox 203 766 264 795; x_wconf 84' lang='lat' dir='ltr'>beat</span> <span class='ocrx_word' id='word_1_86' title='bbox 285 774 345 794; x_wconf 82' lang='lat' dir='ltr'>esse</span> <span class='ocrx_word' id='word_1_87' title='bbox 367 766 463 799; x_wconf 87' lang='lat' dir='ltr'>homo,</span> <span class='ocrx_word' id='word_1_88' title='bbox 479 769 624 803; x_wconf 74' lang='lat' dir='ltr'>autequam</span> <span class='ocrx_word' id='word_1_89' title='bbox 640 768 766 801; x_wconf 81' lang='lat' dir='ltr'>accedat;</span> <span class='ocrx_word' id='word_1_90' title='bbox 782 767 871 804; x_wconf 82' lang='lat' dir='ltr'>qualis</span> <span class='ocrx_word' id='word_1_91' title='bbox 887 767 912 795; x_wconf 92' lang='lat' dir='ltr'>in</span> <span class='ocrx_word' id='word_1_92' title='bbox 929 767 987 803; x_wconf 84' lang='lat' dir='ltr'>ipso</span> <span class='ocrx_word' id='word_1_93' title='bbox 1001 775 1045 795; x_wconf 83' lang='lat' dir='ltr'>ac-</span> 
     </span>
     <span class='ocr_line' id='line_1_13' title="bbox 202 812 1044 850; baseline 0.001 -9"><span class='ocrx_word' id='word_1_94' title='bbox 202 820 296 846; x_wconf 86' lang='lat' dir='ltr'>cessu;</span> <span class='ocrx_word' id='word_1_95' title='bbox 312 815 339 841; x_wconf 79' lang='lat' dir='ltr'>ct</span> <span class='ocrx_word' id='word_1_96' title='bbox 354 814 421 849; x_wconf 88' lang='lat' dir='ltr'>quot</span> <span class='ocrx_word' id='word_1_97' title='bbox 442 812 550 841; x_wconf 79' lang='lat' dir='ltr'>fructus</span> <span class='ocrx_word' id='word_1_98' title='bbox 573 814 685 850; x_wconf 81' lang='lat' dir='ltr'>recipiat</span> <span class='ocrx_word' id='word_1_99' title='bbox 707 817 767 850; x_wconf 84' lang='lat' dir='ltr'>post</span> <span class='ocrx_word' id='word_1_100' title='bbox 787 814 876 850; x_wconf 87' lang='lat' dir='ltr'>ipsum</span> <span class='ocrx_word' id='word_1_101' title='bbox 895 821 1044 842; x_wconf 75' lang='lat' dir='ltr'>accessum.</span> 
     </span>
    </p>

    <p class='ocr_par' dir='ltr' id='par_1_7' title="bbox 280 859 1046 896">
     <span class='ocr_line' id='line_1_14' title="bbox 280 859 1046 896; baseline 0.004 -10"><span class='ocrx_word' id='word_1_102' title='bbox 280 861 325 887; x_wconf 67' lang='lat'>27.</span> <span class='ocrx_word' id='word_1_103' title='bbox 349 860 414 887; x_wconf 73' lang='lat' dir='ltr'>Ante</span> <span class='ocrx_word' id='word_1_104' title='bbox 436 859 507 887; x_wconf 88' lang='lat' dir='ltr'>enim</span> <span class='ocrx_word' id='word_1_105' title='bbox 530 868 611 896; x_wconf 79' lang='lat' dir='ltr'>quam</span> <span class='ocrx_word' id='word_1_106' title='bbox 638 861 763 894; x_wconf 68' lang='lat' dir='ltr'>accedat,</span> <span class='ocrx_word' id='word_1_107' title='bbox 785 861 866 889; x_wconf 86' lang='lat' dir='ltr'>debet</span> <span class='ocrx_word' id='word_1_108' title='bbox 895 861 976 889; x_wconf 85' lang='lat' dir='ltr'>homo</span> <span class='ocrx_word' id='word_1_109' title='bbox 999 861 1046 889; x_wconf 83' lang='lat' dir='ltr'>ha-</span> 
     </span>
    </p>

    <p class='ocr_par' dir='ltr' id='par_1_8' title="bbox 55 906 1046 1130">
     <span class='ocr_line' id='line_1_15' title="bbox 67 906 1046 944; baseline 0.001 -10"><span class='ocrx_word' id='word_1_110' title='bbox 67 913 186 940; x_wconf 55' lang='lat' dir='ltr'>Auteacceq-</span> <span class='ocrx_word' id='word_1_111' title='bbox 203 907 267 935; x_wconf 74' lang='lat' dir='ltr'>bore</span> <span class='ocrx_word' id='word_1_112' title='bbox 288 909 416 943; x_wconf 83' lang='lat' dir='ltr'>quatuor.</span> <span class='ocrx_word' id='word_1_113' title='bbox 440 906 525 934; x_wconf 74' lang='lat' dir='ltr'>Debet</span> <span class='ocrx_word' id='word_1_114' title='bbox 546 907 618 935; x_wconf 78' lang='lat' dir='ltr'>enim</span> <span class='ocrx_word' id='word_1_115' title='bbox 636 908 737 936; x_wconf 81' lang='lat' dir='ltr'>hahere</span> <span class='ocrx_word' id='word_1_116' title='bbox 753 910 909 944; x_wconf 84' lang='lat' dir='ltr'>respectum</span> <span class='ocrx_word' id='word_1_117' title='bbox 926 908 966 936; x_wconf 75' lang='lat' dir='ltr'>ad</span> <span class='ocrx_word' id='word_1_118' title='bbox 983 908 1046 936; x_wconf 79' lang='lat' dir='ltr'>uui-</span> 
     </span>
     <span class='ocr_line' id='line_1_16' title="bbox 55 941 1046 990; baseline 0.006 -13"><span class='ocrx_word' id='word_1_119' title='bbox 55 941 186 983; x_wconf 53' lang='lat' dir='ltr'>{fiffiurfffffiss</span> <span class='ocrx_word' id='word_1_120' title='bbox 202 953 384 985; x_wconf 76' lang='lat' dir='ltr'>versitatem;</span> <span class='ocrx_word' id='word_1_121' title='bbox 404 952 486 981; x_wconf 85' lang='lat' dir='ltr'>debet</span> <span class='ocrx_word' id='word_1_122' title='bbox 507 961 534 981; x_wconf 85' lang='lat' dir='ltr'>se</span> <span class='ocrx_word' id='word_1_123' title='bbox 556 954 701 990; x_wconf 74' lang='lat' dir='ltr'>disponere</span> <span class='ocrx_word' id='word_1_124' title='bbox 722 955 755 982; x_wconf 84' lang='lat' dir='ltr'>ad</span> <span class='ocrx_word' id='word_1_125' title='bbox 779 955 978 987; x_wconf 78' lang='lat' dir='ltr'>idoneitatem,-</span> <span class='ocrx_word' id='word_1_126' title='bbox 1000 955 1046 983; x_wconf 87' lang='lat' dir='ltr'>de—</span> 
     </span>
     <span class='ocr_line' id='line_1_17' title="bbox 56 984 1046 1037; baseline 0.002 -9"><span class='ocrx_word' id='word_1_127' title='bbox 56 984 104 1001; x_wconf 50' lang='lat' dir='ltr'>um</span> <span class='ocrx_word' id='word_1_128' title='bbox 201 1000 250 1028; x_wconf 81' lang='lat' dir='ltr'>het</span> <span class='ocrx_word' id='word_1_129' title='bbox 266 999 376 1027; x_wconf 79' lang='lat' dir='ltr'>accendi</span> <span class='ocrx_word' id='word_1_130' title='bbox 398 999 431 1027; x_wconf 86' lang='lat' dir='ltr'>ad</span> <span class='ocrx_word' id='word_1_131' title='bbox 453 1000 622 1032; x_wconf 61' lang='lat' dir='ltr'>acuitatem:</span> <span class='ocrx_word' id='word_1_132' title='bbox 643 1001 723 1029; x_wconf 80' lang='lat' dir='ltr'>debet</span> <span class='ocrx_word' id='word_1_133' title='bbox 746 1001 839 1029; x_wconf 78' lang='lat' dir='ltr'>venire</span> <span class='ocrx_word' id='word_1_134' title='bbox 860 1001 892 1029; x_wconf 86' lang='lat' dir='ltr'>ad</span> <span class='ocrx_word' id='word_1_135' title='bbox 914 1001 982 1037; x_wconf 73' lang='lat' dir='ltr'>fidei</span> <span class='ocrx_word' id='word_1_136' title='bbox 1002 1003 1046 1030; x_wconf 80' lang='lat' dir='ltr'>in-</span> 
     </span>
     <span class='ocr_line' id='line_1_18' title="bbox 93 1046 1046 1084; baseline 0 -9"><span class='ocrx_word' id='word_1_137' title='bbox 93 1053 183 1071; x_wconf 71' lang='lat' dir='ltr'>r‘urnum-</span> <span class='ocrx_word' id='word_1_138' title='bbox 201 1046 370 1084; x_wconf 25' lang='lat' dir='ltr'>teum-itatem.</span> <span class='ocrx_word' id='word_1_139' title='bbox 397 1062 433 1067; x_wconf 92' lang='lat'>—</span> <span class='ocrx_word' id='word_1_140' title='bbox 462 1047 552 1074; x_wconf 86' lang='lat' dir='ltr'>Primo</span> <span class='ocrx_word' id='word_1_141' title='bbox 580 1055 646 1084; x_wconf 74' lang='lat' dir='ltr'>ergo</span> <span class='ocrx_word' id='word_1_142' title='bbox 674 1047 805 1076; x_wconf 79' lang='lat' dir='ltr'>accedens</span> <span class='ocrx_word' id='word_1_143' title='bbox 833 1048 914 1076; x_wconf 80' lang='lat' dir='ltr'>debet</span> <span class='ocrx_word' id='word_1_144' title='bbox 942 1048 1046 1077; x_wconf 76' lang='lat' dir='ltr'>habere</span> 
     </span>
     <span class='ocr_line' id='line_1_19' title="bbox 202 1093 1045 1130; baseline 0.001 -9"><span class='ocrx_word' id='word_1_145' title='bbox 202 1096 360 1130; x_wconf 75' lang='lat' dir='ltr'>respectum</span> <span class='ocrx_word' id='word_1_146' title='bbox 381 1093 420 1121; x_wconf 79' lang='lat' dir='ltr'>ad</span> <span class='ocrx_word' id='word_1_147' title='bbox 442 1093 666 1122; x_wconf 60' lang='lat' dir='ltr'>animemitatem.</span> <span class='ocrx_word' id='word_1_148' title='bbox 690 1094 745 1122; x_wconf 81' lang='lat' dir='ltr'>Nou</span> <span class='ocrx_word' id='word_1_149' title='bbox 767 1094 840 1122; x_wconf 89' lang='lat' dir='ltr'>cuim</span> <span class='ocrx_word' id='word_1_150' title='bbox 869 1095 996 1123; x_wconf 82' lang='lat' dir='ltr'>sacerdos</span> <span class='ocrx_word' id='word_1_151' title='bbox 1020 1096 1045 1123; x_wconf 92' lang='lat' dir='ltr'>in</span> 
     </span>
    </p>

    <p class='ocr_par' dir='ltr' id='par_1_9' title="bbox 200 1140 1046 1178">
     <span class='ocr_line' id='line_1_20' title="bbox 200 1140 1046 1178; baseline 0.001 -10"><span class='ocrx_word' id='word_1_152' title='bbox 200 1148 317 1177; x_wconf 85' lang='lat' dir='ltr'>persona</span> <span class='ocrx_word' id='word_1_153' title='bbox 338 1140 380 1168; x_wconf 88' lang='lat' dir='ltr'>sui</span> <span class='ocrx_word' id='word_1_154' title='bbox 402 1140 501 1174; x_wconf 84' lang='lat' dir='ltr'>solius,</span> <span class='ocrx_word' id='word_1_155' title='bbox 517 1141 562 1169; x_wconf 79' lang='lat' dir='ltr'>sed</span> <span class='ocrx_word' id='word_1_156' title='bbox 586 1142 611 1169; x_wconf 94' lang='lat' dir='ltr'>in</span> <span class='ocrx_word' id='word_1_157' title='bbox 635 1148 750 1178; x_wconf 78' lang='lat' dir='ltr'>persona</span> <span class='ocrx_word' id='word_1_158' title='bbox 764 1140 952 1168; x_wconf 79' lang='lat' dir='ltr'>universitatis</span> <span class='ocrx_word' id='word_1_159' title='bbox 966 1141 1046 1169; x_wconf 86' lang='lat' dir='ltr'>debet</span> 
     </span>
    </p>

    <p class='ocr_par' dir='ltr' id='par_1_10' title="bbox 200 1186 1046 1227">
     <span class='ocr_line' id='line_1_21' title="bbox 200 1186 1046 1227; baseline 0 -12"><span class='ocrx_word' id='word_1_160' title='bbox 200 1187 314 1220; x_wconf 81' lang='lat' dir='ltr'>offerre;</span> <span class='ocrx_word' id='word_1_161' title='bbox 337 1190 364 1215; x_wconf 84' lang='lat' dir='ltr'>et</span> <span class='ocrx_word' id='word_1_162' title='bbox 386 1187 437 1215; x_wconf 93' lang='lat' dir='ltr'>hoc</span> <span class='ocrx_word' id='word_1_163' title='bbox 458 1190 499 1215; x_wconf 85' lang='lat' dir='ltr'>est</span> <span class='ocrx_word' id='word_1_164' title='bbox 520 1188 594 1224; x_wconf 85' lang='lat' dir='ltr'>quod</span> <span class='ocrx_word' id='word_1_165' title='bbox 609 1188 710 1216; x_wconf 79' lang='lat' dir='ltr'>dieitur</span> <span class='ocrx_word' id='word_1_166' title='bbox 725 1187 808 1215; x_wconf 72' lang='lat' dir='ltr'>hic2:</span> <span class='ocrx_word' id='word_1_167' title='bbox 827 1186 1046 1227; x_wconf 74' lang='lat' dir='ltr'>lnemotabitqae</span> 
     </span>
    </p>

    <p class='ocr_par' dir='ltr' id='par_1_11' title="bbox 70 1233 1046 1316">
     <span class='ocr_line' id='line_1_22' title="bbox 70 1233 1046 1271; baseline 0 -10"><span class='ocrx_word' id='word_1_168' title='bbox 70 1239 182 1258; x_wconf 68' lang='lat' dir='ltr'>Notandum.</span> <span class='ocrx_word' id='word_1_169' title='bbox 200 1242 263 1262; x_wconf 75' lang='lat' dir='ltr'>etim</span> <span class='ocrx_word' id='word_1_170' title='bbox 286 1234 426 1262; x_wconf 75' lang='lat' dir='ltr'>ttiu&#39;oersa</span> <span class='ocrx_word' id='word_1_171' title='bbox 447 1233 601 1262; x_wconf 75' lang='lat' dir='ltr'>multitado</span> <span class='ocrx_word' id='word_1_172' title='bbox 615 1234 745 1271; x_wconf 75' lang='lat' dir='ltr'>fitiorum</span> <span class='ocrx_word' id='word_1_173' title='bbox 761 1233 861 1261; x_wconf 73' lang='lat' dir='ltr'>lsrael.</span> <span class='ocrx_word' id='word_1_174' title='bbox 879 1233 928 1261; x_wconf 84' lang='lat' dir='ltr'>l&#39;er</span> <span class='ocrx_word' id='word_1_175' title='bbox 947 1241 1046 1262; x_wconf 90' lang='lat' dir='ltr'>manus</span> 
     </span>
     <span class='ocr_line' id='line_1_23' title="bbox 199 1279 1045 1316; baseline -0.001 -8"><span class='ocrx_word' id='word_1_176' title='bbox 199 1280 272 1309; x_wconf 90' lang='lat' dir='ltr'>enim</span> <span class='ocrx_word' id='word_1_177' title='bbox 301 1280 425 1308; x_wconf 90' lang='lat' dir='ltr'>omnium</span> <span class='ocrx_word' id='word_1_178' title='bbox 452 1280 603 1309; x_wconf 88' lang='lat' dir='ltr'>viventium</span> <span class='ocrx_word' id='word_1_179' title='bbox 632 1281 712 1309; x_wconf 86' lang='lat' dir='ltr'>debet</span> <span class='ocrx_word' id='word_1_180' title='bbox 739 1280 839 1308; x_wconf 78' lang='lat' dir='ltr'>offerre</span> <span class='ocrx_word' id='word_1_181' title='bbox 867 1288 917 1316; x_wconf 91' lang='lat' dir='ltr'>pro</span> <span class='ocrx_word' id='word_1_182' title='bbox 939 1279 1045 1308; x_wconf 85' lang='lat' dir='ltr'>redem-</span> 
     </span>
    </p>

    <p class='ocr_par' dir='ltr' id='par_1_12' title="bbox 200 1326 1046 1364">
     <span class='ocr_line' id='line_1_24' title="bbox 200 1326 1046 1364; baseline -0.001 -9"><span class='ocrx_word' id='word_1_183' title='bbox 200 1327 291 1363; x_wconf 85' lang='lat' dir='ltr'>ptione</span> <span class='ocrx_word' id='word_1_184' title='bbox 313 1327 339 1355; x_wconf 87' lang='lat' dir='ltr'>in</span> <span class='ocrx_word' id='word_1_185' title='bbox 361 1327 522 1364; x_wconf 82' lang='lat' dir='ltr'>purgatorio</span> <span class='ocrx_word' id='word_1_186' title='bbox 543 1328 734 1360; x_wconf 79' lang='lat' dir='ltr'>existentium,</span> <span class='ocrx_word' id='word_1_187' title='bbox 756 1330 783 1355; x_wconf 88' lang='lat' dir='ltr'>et</span> <span class='ocrx_word' id='word_1_188' title='bbox 805 1335 853 1363; x_wconf 82' lang='lat' dir='ltr'>per</span> <span class='ocrx_word' id='word_1_189' title='bbox 883 1335 981 1355; x_wconf 83' lang='lat' dir='ltr'>manus</span> <span class='ocrx_word' id='word_1_190' title='bbox 1007 1326 1046 1354; x_wconf 85' lang='lat' dir='ltr'>vi-</span> 
     </span>
    </p>

    <p class='ocr_par' dir='ltr' id='par_1_13' title="bbox 200 1373 1046 1504">
     <span class='ocr_line' id='line_1_25' title="bbox 200 1373 1046 1410; baseline -0.001 -8"><span class='ocrx_word' id='word_1_191' title='bbox 200 1377 298 1402; x_wconf 83' lang='lat' dir='ltr'>vorum</span> <span class='ocrx_word' id='word_1_192' title='bbox 319 1376 346 1402; x_wconf 88' lang='lat' dir='ltr'>et</span> <span class='ocrx_word' id='word_1_193' title='bbox 368 1377 543 1402; x_wconf 89' lang='lat' dir='ltr'>mortuorum</span> <span class='ocrx_word' id='word_1_194' title='bbox 564 1374 598 1403; x_wconf 88' lang='lat' dir='ltr'>ad</span> <span class='ocrx_word' id='word_1_195' title='bbox 620 1374 728 1403; x_wconf 87' lang='lat' dir='ltr'>laudem</span> <span class='ocrx_word' id='word_1_196' title='bbox 750 1377 777 1402; x_wconf 89' lang='lat' dir='ltr'>et</span> <span class='ocrx_word' id='word_1_197' title='bbox 791 1374 906 1410; x_wconf 79' lang='lat' dir='ltr'>gloriam</span> <span class='ocrx_word' id='word_1_198' title='bbox 922 1373 1046 1402; x_wconf 91' lang='lat' dir='ltr'>omnium</span> 
     </span>
     <span class='ocr_line' id='line_1_26' title="bbox 201 1415 1046 1458; baseline 0 -9"><span class='ocrx_word' id='word_1_199' title='bbox 201 1424 358 1449; x_wconf 86' lang='lat' dir='ltr'>sanctorum</span> <span class='ocrx_word' id='word_1_200' title='bbox 387 1421 551 1458; x_wconf 65' lang='lat' dir='ltr'>Angelorum</span> <span class='ocrx_word' id='word_1_201' title='bbox 587 1424 614 1450; x_wconf 85' lang='lat' dir='ltr'>et</span> <span class='ocrx_word' id='word_1_202' title='bbox 636 1415 780 1449; x_wconf 83' lang='lat' dir='ltr'>hoinimuu</span> <span class='ocrx_word' id='word_1_203' title='bbox 809 1421 835 1448; x_wconf 92' lang='lat' dir='ltr'>in</span> <span class='ocrx_word' id='word_1_204' title='bbox 858 1421 913 1448; x_wconf 88' lang='lat' dir='ltr'>vita</span> <span class='ocrx_word' id='word_1_205' title='bbox 934 1423 1046 1449; x_wconf 81' lang='lat' dir='ltr'>aeterna</span> 
     </span>
     <span class='ocr_line' id='line_1_27' title="bbox 200 1467 1045 1504; baseline 0 -9"><span class='ocrx_word' id='word_1_206' title='bbox 200 1467 389 1504; x_wconf 76' lang='lat' dir='ltr'><strong>regnantium,</strong></span> <span class='ocrx_word' id='word_1_207' title='bbox 411 1470 438 1496; x_wconf 91' lang='lat' dir='ltr'>et</span> <span class='ocrx_word' id='word_1_208' title='bbox 458 1475 508 1504; x_wconf 89' lang='lat' dir='ltr'>per</span> <span class='ocrx_word' id='word_1_209' title='bbox 529 1475 627 1496; x_wconf 91' lang='lat' dir='ltr'>manus</span> <span class='ocrx_word' id='word_1_210' title='bbox 648 1467 836 1496; x_wconf 84' lang='lat' dir='ltr'>universitatis</span> <span class='ocrx_word' id='word_1_211' title='bbox 857 1467 889 1495; x_wconf 85' lang='lat' dir='ltr'>ad</span> <span class='ocrx_word' id='word_1_212' title='bbox 912 1467 1045 1495; x_wconf 80' lang='lat' dir='ltr'>honorem</span> 
     </span>
    </p>

    <p class='ocr_par' dir='ltr' id='par_1_14' title="bbox 69 1514 1046 1598">
     <span class='ocr_line' id='line_1_28' title="bbox 69 1514 1046 1550; baseline -0.001 -8"><span class='ocrx_word' id='word_1_213' title='bbox 69 1519 182 1538; x_wconf 78' lang='lat' dir='ltr'>secundum·</span> <span class='ocrx_word' id='word_1_214' title='bbox 200 1517 307 1542; x_wconf 86' lang='lat' dir='ltr'>sanctae</span> <span class='ocrx_word' id='word_1_215' title='bbox 328 1514 477 1542; x_wconf 80' lang='lat' dir='ltr'>Trinitatis.</span> <span class='ocrx_word' id='word_1_216' title='bbox 501 1531 537 1535; x_wconf 87' lang='lat'>—-</span> <span class='ocrx_word' id='word_1_217' title='bbox 559 1514 684 1543; x_wconf 77' lang='lat' dir='ltr'>Secundo</span> <span class='ocrx_word' id='word_1_218' title='bbox 704 1514 785 1542; x_wconf 84' lang='lat' dir='ltr'>debet</span> <span class='ocrx_word' id='word_1_219' title='bbox 805 1522 834 1541; x_wconf 77' lang='lat' dir='ltr'>se</span> <span class='ocrx_word' id='word_1_220' title='bbox 859 1522 1046 1550; x_wconf 61' lang='lat' dir='ltr'>praelum-are</span> 
     </span>
     <span class='ocr_line' id='line_1_29' title="bbox 199 1560 1046 1598; baseline 0 -10"><span class='ocrx_word' id='word_1_221' title='bbox 199 1560 239 1588; x_wconf 74' lang='lat' dir='ltr'>acl</span> <span class='ocrx_word' id='word_1_222' title='bbox 260 1560 460 1594; x_wconf 46' lang='lat' dir='ltr'>itlo&#39;neitatem;</span> <span class='ocrx_word' id='word_1_223' title='bbox 480 1563 507 1589; x_wconf 84' lang='lat' dir='ltr'>et</span> <span class='ocrx_word' id='word_1_224' title='bbox 529 1561 580 1589; x_wconf 91' lang='lat' dir='ltr'>hoc</span> <span class='ocrx_word' id='word_1_225' title='bbox 608 1564 649 1589; x_wconf 89' lang='lat' dir='ltr'>est</span> <span class='ocrx_word' id='word_1_226' title='bbox 670 1560 744 1598; x_wconf 83' lang='lat' dir='ltr'>quod</span> <span class='ocrx_word' id='word_1_227' title='bbox 769 1560 987 1597; x_wconf 58' lang='lat' dir='ltr'>subiungitur-*³2</span> <span class='ocrx_word' id='word_1_228' title='bbox 1012 1561 1046 1588; x_wconf 87' lang='lat' dir='ltr'>Et</span> 
     </span>
    </p>

    <p class='ocr_par' dir='ltr' id='par_1_15' title="bbox 199 1607 1045 1644">
     <span class='ocr_line' id='line_1_30' title="bbox 199 1607 1045 1644; baseline 0 -9"><span class='ocrx_word' id='word_1_229' title='bbox 199 1610 311 1635; x_wconf 75' lang='lat' dir='ltr'>sument</span> <span class='ocrx_word' id='word_1_230' title='bbox 332 1607 366 1635; x_wconf 83' lang='lat' dir='ltr'>(le</span> <span class='ocrx_word' id='word_1_231' title='bbox 386 1607 530 1644; x_wconf 58' lang='lat' dir='ltr'>sanquine</span> <span class='ocrx_word' id='word_1_232' title='bbox 550 1607 613 1635; x_wconf 73' lang='lat' dir='ltr'>eius</span> <span class='ocrx_word' id='word_1_233' title='bbox 634 1615 670 1635; x_wconf 82' lang='lat' dir='ltr'>ae</span> <span class='ocrx_word' id='word_1_234' title='bbox 688 1611 794 1644; x_wconf 79' lang='lat' dir='ltr'>ponent</span> <span class='ocrx_word' id='word_1_235' title='bbox 818 1616 907 1644; x_wconf 66' lang='lat' dir='ltr'>snper</span> <span class='ocrx_word' id='word_1_236' title='bbox 929 1611 1045 1635; x_wconf 72' lang='lat' dir='ltr'>utrum-</span> 
     </span>
    </p>

    <p class='ocr_par' dir='ltr' id='par_1_16' title="bbox 200 1652 1044 1691">
     <span class='ocr_line' id='line_1_31' title="bbox 200 1652 1044 1691; baseline -0.001 -10"><span class='ocrx_word' id='word_1_237' title='bbox 200 1661 253 1691; x_wconf 80' lang='lat' dir='ltr'>que</span> <span class='ocrx_word' id='word_1_238' title='bbox 260 1656 371 1690; x_wconf 76' lang='lat' dir='ltr'>postem</span> <span class='ocrx_word' id='word_1_239' title='bbox 383 1657 407 1681; x_wconf 84' lang='lat' dir='ltr'>et</span> <span class='ocrx_word' id='word_1_240' title='bbox 419 1654 450 1681; x_wconf 80' lang='lat' dir='ltr'>in</span> <span class='ocrx_word' id='word_1_241' title='bbox 463 1653 744 1690; x_wconf 71' lang='lat' dir='ltr'>superliminaribus</span> <span class='ocrx_word' id='word_1_242' title='bbox 754 1654 919 1686; x_wconf 77' lang='lat' dir='ltr'>domorum,</span> <span class='ocrx_word' id='word_1_243' title='bbox 936 1654 967 1681; x_wconf 83' lang='lat' dir='ltr'>in</span> <span class='ocrx_word' id='word_1_244' title='bbox 981 1652 1044 1690; x_wconf 79' lang='lat' dir='ltr'>qui-</span> 
     </span>
    </p>

    <p class='ocr_par' dir='ltr' id='par_1_17' title="bbox 200 1699 1043 1736">
     <span class='ocr_line' id='line_1_32' title="bbox 200 1699 1043 1736; baseline 0 -9"><span class='ocrx_word' id='word_1_245' title='bbox 200 1699 253 1727; x_wconf 78' lang='lat' dir='ltr'>bus</span> <span class='ocrx_word' id='word_1_246' title='bbox 274 1699 416 1728; x_wconf 77' lang='lat' dir='ltr'>comedent</span> <span class='ocrx_word' id='word_1_247' title='bbox 438 1699 528 1728; x_wconf 83' lang='lat' dir='ltr'>ilium.</span> <span class='ocrx_word' id='word_1_248' title='bbox 552 1700 602 1728; x_wconf 87' lang='lat' dir='ltr'>Per</span> <span class='ocrx_word' id='word_1_249' title='bbox 623 1700 697 1728; x_wconf 68' lang='lat' dir='ltr'>duos</span> <span class='ocrx_word' id='word_1_250' title='bbox 716 1704 809 1736; x_wconf 69' lang='lat' dir='ltr'>postes</span> <span class='ocrx_word' id='word_1_251' title='bbox 830 1703 857 1728; x_wconf 90' lang='lat' dir='ltr'>et</span> <span class='ocrx_word' id='word_1_252' title='bbox 876 1699 1043 1736; x_wconf 77' lang='lat' dir='ltr'>supertimi-</span> 
     </span>
    </p>

    <p class='ocr_par' dir='ltr' id='par_1_18' title="bbox 199 1746 1044 1783">
     <span class='ocr_line' id='line_1_33' title="bbox 199 1746 1044 1783; baseline -0.001 -9"><span class='ocrx_word' id='word_1_253' title='bbox 199 1754 288 1780; x_wconf 82' lang='lat' dir='ltr'>nare,</span> <span class='ocrx_word' id='word_1_254' title='bbox 310 1754 381 1783; x_wconf 82' lang='lat' dir='ltr'>quae</span> <span class='ocrx_word' id='word_1_255' title='bbox 402 1746 506 1775; x_wconf 87' lang='lat' dir='ltr'>faciunt</span> <span class='ocrx_word' id='word_1_256' title='bbox 526 1747 628 1775; x_wconf 89' lang='lat' dir='ltr'>ostium</span> <span class='ocrx_word' id='word_1_257' title='bbox 650 1747 677 1774; x_wconf 89' lang='lat' dir='ltr'>in</span> <span class='ocrx_word' id='word_1_258' title='bbox 698 1747 827 1780; x_wconf 89' lang='lat' dir='ltr'>domum,</span> <span class='ocrx_word' id='word_1_259' title='bbox 853 1746 1044 1783; x_wconf 78' lang='lat' dir='ltr'>significantur</span> 
     </span>
    </p>

    <p class='ocr_par' dir='ltr' id='par_1_19' title="bbox 58 1792 1044 1923">
     <span class='ocr_line' id='line_1_34' title="bbox 73 1792 1044 1830; baseline -0.001 -9"><span class='ocrx_word' id='word_1_260' title='bbox 73 1800 181 1827; x_wconf 65' lang='lat' dir='ltr'>Signum-</span> <span class='ocrx_word' id='word_1_261' title='bbox 200 1793 253 1821; x_wconf 81' lang='lat' dir='ltr'>tria</span> <span class='ocrx_word' id='word_1_262' title='bbox 273 1793 300 1821; x_wconf 90' lang='lat' dir='ltr'>in</span> <span class='ocrx_word' id='word_1_263' title='bbox 321 1793 427 1827; x_wconf 86' lang='lat' dir='ltr'>anima,</span> <span class='ocrx_word' id='word_1_264' title='bbox 450 1801 499 1830; x_wconf 88' lang='lat' dir='ltr'>per</span> <span class='ocrx_word' id='word_1_265' title='bbox 520 1801 591 1830; x_wconf 90' lang='lat' dir='ltr'>quae</span> <span class='ocrx_word' id='word_1_266' title='bbox 612 1793 685 1821; x_wconf 87' lang='lat' dir='ltr'>Deus</span> <span class='ocrx_word' id='word_1_267' title='bbox 707 1793 860 1830; x_wconf 73' lang='lat' dir='ltr'>ingreditur</span> <span class='ocrx_word' id='word_1_268' title='bbox 882 1793 909 1820; x_wconf 92' lang='lat' dir='ltr'>in</span> <span class='ocrx_word' id='word_1_269' title='bbox 938 1792 1044 1820; x_wconf 84' lang='lat' dir='ltr'>habita-</span> 
     </span>
     <span class='ocr_line' id='line_1_35' title="bbox 58 1826 1044 1876; baseline 0.002 -11"><span class='ocrx_word' id='word_1_270' title='bbox 58 1826 143 1865; x_wconf 48' lang='grc' dir='ltr'>ζῗιῖωξῗα</span> <span class='ocrx_word' id='word_1_271' title='bbox 164 1829 182 1842; x_wconf 79' lang='lat'>¹¹¹</span> <span class='ocrx_word' id='word_1_272' title='bbox 199 1839 294 1868; x_wconf 88' lang='lat' dir='ltr'>culum</span> <span class='ocrx_word' id='word_1_273' title='bbox 315 1840 421 1873; x_wconf 84' lang='lat' dir='ltr'>cordis,</span> <span class='ocrx_word' id='word_1_274' title='bbox 442 1840 568 1868; x_wconf 85' lang='lat' dir='ltr'>videlicet</span> <span class='ocrx_word' id='word_1_275' title='bbox 595 1839 768 1873; x_wconf 73' lang='lat' dir='ltr'>rationalis,</span> <span class='ocrx_word' id='word_1_276' title='bbox 792 1847 840 1876; x_wconf 91' lang='lat' dir='ltr'>per</span> <span class='ocrx_word' id='word_1_277' title='bbox 864 1847 948 1876; x_wconf 87' lang='lat' dir='ltr'>quam</span> <span class='ocrx_word' id='word_1_278' title='bbox 971 1839 1044 1867; x_wconf 89' lang='lat' dir='ltr'>Deus</span> 
     </span>
     <span class='ocr_line' id='line_1_36' title="bbox 198 1885 1044 1923; baseline 0 -9"><span class='ocrx_word' id='word_1_279' title='bbox 198 1885 352 1923; x_wconf 77' lang='lat' dir='ltr'>ingreditur</span> <span class='ocrx_word' id='word_1_280' title='bbox 373 1889 405 1915; x_wconf 91' lang='lat' dir='ltr'>ut</span> <span class='ocrx_word' id='word_1_281' title='bbox 426 1887 475 1914; x_wconf 83' lang='lat' dir='ltr'>lux</span> <span class='ocrx_word' id='word_1_282' title='bbox 497 1886 554 1915; x_wconf 87' lang='lat' dir='ltr'>sive</span> <span class='ocrx_word' id='word_1_283' title='bbox 575 1886 701 1920; x_wconf 84' lang='lat' dir='ltr'>claritas;</span> <span class='ocrx_word' id='word_1_284' title='bbox 723 1885 973 1923; x_wconf 74' lang='lat' dir='ltr'>concupiscibilis,</span> <span class='ocrx_word' id='word_1_285' title='bbox 995 1893 1044 1922; x_wconf 88' lang='lat' dir='ltr'>per</span> 
     </span>
    </p>

    <p class='ocr_par' dir='ltr' id='par_1_20' title="bbox 197 1932 1044 1969">
     <span class='ocr_line' id='line_1_37' title="bbox 197 1932 1044 1969; baseline 0 -8"><span class='ocrx_word' id='word_1_286' title='bbox 197 1941 280 1969; x_wconf 86' lang='lat' dir='ltr'>quam</span> <span class='ocrx_word' id='word_1_287' title='bbox 302 1933 455 1969; x_wconf 74' lang='lat' dir='ltr'>ingreditur</span> <span class='ocrx_word' id='word_1_288' title='bbox 478 1933 550 1961; x_wconf 89' lang='lat' dir='ltr'>Deus</span> <span class='ocrx_word' id='word_1_289' title='bbox 572 1937 603 1961; x_wconf 92' lang='lat' dir='ltr'>ut</span> <span class='ocrx_word' id='word_1_290' title='bbox 623 1932 739 1961; x_wconf 79' lang='lat' dir='ltr'>dulcedo</span> <span class='ocrx_word' id='word_1_291' title='bbox 753 1936 780 1961; x_wconf 90' lang='lat' dir='ltr'>et</span> <span class='ocrx_word' id='word_1_292' title='bbox 795 1933 917 1966; x_wconf 83' lang='lat' dir='ltr'>bonitas;</span> <span class='ocrx_word' id='word_1_293' title='bbox 939 1933 1044 1962; x_wconf 79' lang='lat' dir='ltr'>irasci-</span> 
     </span>
    </p>

    <p class='ocr_par' dir='ltr' id='par_1_21' title="bbox 198 1979 1043 2017">
     <span class='ocr_line' id='line_1_38' title="bbox 198 1979 1043 2017; baseline -0.001 -9"><span class='ocrx_word' id='word_1_294' title='bbox 198 1979 276 2014; x_wconf 71' lang='lat' dir='ltr'>biliS,</span> <span class='ocrx_word' id='word_1_295' title='bbox 298 1988 347 2016; x_wconf 89' lang='lat' dir='ltr'>per</span> <span class='ocrx_word' id='word_1_296' title='bbox 368 1988 451 2017; x_wconf 85' lang='lat' dir='ltr'>quam</span> <span class='ocrx_word' id='word_1_297' title='bbox 474 1980 628 2017; x_wconf 79' lang='lat' dir='ltr'>ingreditur</span> <span class='ocrx_word' id='word_1_298' title='bbox 650 1982 680 2007; x_wconf 92' lang='lat' dir='ltr'>ut</span> <span class='ocrx_word' id='word_1_299' title='bbox 702 1979 788 2016; x_wconf 83' lang='lat' dir='ltr'>gloria</span> <span class='ocrx_word' id='word_1_300' title='bbox 802 1982 829 2008; x_wconf 93' lang='lat' dir='ltr'>et</span> <span class='ocrx_word' id='word_1_301' title='bbox 844 1980 1012 2008; x_wconf 86' lang='lat' dir='ltr'>immensitas</span> <span class='ocrx_word' id='word_1_302' title='bbox 1023 1980 1043 2007; x_wconf 76' lang='lat'>4.</span> 
     </span>
    </p>

    <p class='ocr_par' dir='ltr' id='par_1_22' title="bbox 198 2026 1045 2063">
     <span class='ocr_line' id='line_1_39' title="bbox 198 2026 1045 2063; baseline 0 -9"><span class='ocrx_word' id='word_1_303' title='bbox 198 2027 266 2055; x_wconf 86' lang='lat' dir='ltr'>Haee</span> <span class='ocrx_word' id='word_1_304' title='bbox 288 2027 341 2054; x_wconf 84' lang='lat' dir='ltr'>tria</span> <span class='ocrx_word' id='word_1_305' title='bbox 362 2026 495 2062; x_wconf 74' lang='lat' dir='ltr'>sanguine</span> <span class='ocrx_word' id='word_1_306' title='bbox 524 2027 685 2063; x_wconf 82' lang='lat' dir='ltr'>tinguntur,</span> <span class='ocrx_word' id='word_1_307' title='bbox 707 2026 817 2062; x_wconf 81' lang='lat' dir='ltr'>quando</span> <span class='ocrx_word' id='word_1_308' title='bbox 846 2026 919 2054; x_wconf 83' lang='lat' dir='ltr'>circa</span> <span class='ocrx_word' id='word_1_309' title='bbox 941 2026 1045 2062; x_wconf 86' lang='lat' dir='ltr'>passio-</span> 
     </span>
    </p>

    <p class='ocr_par' dir='ltr' id='par_1_23' title="bbox 196 2073 1044 2109">
     <span class='ocr_line' id='line_1_40' title="bbox 196 2073 1044 2109; baseline -0.001 -8"><span class='ocrx_word' id='word_1_310' title='bbox 196 2082 259 2102; x_wconf 85' lang='lat' dir='ltr'>nem</span> <span class='ocrx_word' id='word_1_311' title='bbox 273 2074 373 2102; x_wconf 76' lang='lat' dir='ltr'>Christi</span> <span class='ocrx_word' id='word_1_312' title='bbox 389 2076 569 2109; x_wconf 76' lang='lat' dir='ltr'>occupantur.</span> <span class='ocrx_word' id='word_1_313' title='bbox 584 2073 749 2101; x_wconf 77' lang='lat' dir='ltr'>Halionaiis</span> <span class='ocrx_word' id='word_1_314' title='bbox 764 2073 896 2109; x_wconf 75' lang='lat' dir='ltr'>sanguine</span> <span class='ocrx_word' id='word_1_315' title='bbox 911 2073 975 2109; x_wconf 72' lang='lat' dir='ltr'>Agni</span> <span class='ocrx_word' id='word_1_316' title='bbox 993 2073 1044 2101; x_wconf 81' lang='lat' dir='ltr'>tin—</span> 
     </span>
    </p>

    <p class='ocr_par' dir='ltr' id='par_1_24' title="bbox 196 2119 1043 2158">
     <span class='ocr_line' id='line_1_41' title="bbox 196 2119 1043 2158; baseline -0.001 -10"><span class='ocrx_word' id='word_1_317' title='bbox 196 2120 285 2158; x_wconf 80' lang='lat' dir='ltr'>gitur,</span> <span class='ocrx_word' id='word_1_318' title='bbox 307 2120 417 2156; x_wconf 87' lang='lat' dir='ltr'>quando</span> <span class='ocrx_word' id='word_1_319' title='bbox 438 2120 604 2148; x_wconf 80' lang='lat' dir='ltr'>Sacramenti</span> <span class='ocrx_word' id='word_1_320' title='bbox 628 2119 770 2147; x_wconf 87' lang='lat' dir='ltr'>veritatem</span> <span class='ocrx_word' id='word_1_321' title='bbox 790 2119 916 2147; x_wconf 88' lang='lat' dir='ltr'>miratur.</span> <span class='ocrx_word' id='word_1_322' title='bbox 935 2119 1043 2147; x_wconf 75' lang='lat' dir='ltr'>Concu-</span> 
     </span>
    </p>
   </div>
   <div class='ocr_carea' id='block_1_3' title="bbox 193 2166 1044 2204">
    <p class='ocr_par' dir='ltr' id='par_1_25' title="bbox 193 2166 1044 2204">
     <span class='ocr_line' id='line_1_42' title="bbox 193 2166 1044 2204; baseline 0 -9"><span class='ocrx_word' id='word_1_323' title='bbox 193 2166 335 2204; x_wconf 75' lang='lat' dir='ltr'>piscihilis</span> <span class='ocrx_word' id='word_1_324' title='bbox 357 2166 484 2202; x_wconf 79' lang='lat' dir='ltr'>tingitur,</span> <span class='ocrx_word' id='word_1_325' title='bbox 506 2166 630 2202; x_wconf 84' lang='lat' dir='ltr'>quando,</span> <span class='ocrx_word' id='word_1_326' title='bbox 652 2166 759 2202; x_wconf 78' lang='lat' dir='ltr'>cognita</span> <span class='ocrx_word' id='word_1_327' title='bbox 781 2166 910 2199; x_wconf 82' lang='lat' dir='ltr'>veritate,</span> <span class='ocrx_word' id='word_1_328' title='bbox 936 2166 1044 2195; x_wconf 90' lang='lat' dir='ltr'>Christo</span> 
     </span>
    </p>
   </div>
   <div class='ocr_carea' id='block_1_4' title="bbox 1071 426 1076 2200">
    <p class='ocr_par' dir='ltr' id='par_1_26' title="bbox 1071 426 1076 2200">
     <span class='ocr_line' id='line_1_43' title="bbox 1071 426 1076 2200; baseline 0 0"><span class='ocrx_word' id='word_1_329' title='bbox 1071 426 1076 2200; x_wconf 95' lang='lat' dir='ltr'> </span> 
     </span>
    </p>
   </div>
   <div class='ocr_carea' id='block_1_5' title="bbox 1100 302 2095 2203">
    <p class='ocr_par' dir='ltr' id='par_1_27' title="bbox 1101 302 2050 477">
     <span class='ocr_line' id='line_1_44' title="bbox 1102 302 1942 339; baseline 0.002 -11"><span class='ocrx_word' id='word_1_330' title='bbox 1102 309 1180 337; x_wconf 81' lang='lat' dir='ltr'>passo</span> <span class='ocrx_word' id='word_1_331' title='bbox 1201 302 1385 338; x_wconf 77' lang='lat' dir='ltr'>compatiens,</span> <span class='ocrx_word' id='word_1_332' title='bbox 1400 303 1575 330; x_wconf 68' lang='lat' dir='ltr'>amaricatur.</span> <span class='ocrx_word' id='word_1_333' title='bbox 1594 302 1754 331; x_wconf 64' lang='lat' dir='ltr'>Ira-scibilis</span> <span class='ocrx_word' id='word_1_334' title='bbox 1776 305 1841 330; x_wconf 84' lang='lat' dir='ltr'>tunc</span> <span class='ocrx_word' id='word_1_335' title='bbox 1863 302 1942 339; x_wconf 74' lang='lat' dir='ltr'>tingi-</span> 
     </span>
     <span class='ocr_line' id='line_1_45' title="bbox 1102 349 1941 386; baseline 0.001 -11"><span class='ocrx_word' id='word_1_336' title='bbox 1102 350 1160 381; x_wconf 90' lang='lat' dir='ltr'>tur,</span> <span class='ocrx_word' id='word_1_337' title='bbox 1182 349 1307 384; x_wconf 75' lang='lat' dir='ltr'>quaudo,</span> <span class='ocrx_word' id='word_1_338' title='bbox 1329 349 1437 385; x_wconf 73' lang='lat' dir='ltr'>cognito</span> <span class='ocrx_word' id='word_1_339' title='bbox 1464 349 1573 377; x_wconf 87' lang='lat' dir='ltr'>Christo</span> <span class='ocrx_word' id='word_1_340' title='bbox 1595 358 1688 386; x_wconf 83' lang='lat' dir='ltr'>passo,</span> <span class='ocrx_word' id='word_1_341' title='bbox 1711 350 1743 377; x_wconf 88' lang='lat' dir='ltr'>ad</span> <span class='ocrx_word' id='word_1_342' title='bbox 1766 349 1941 378; x_wconf 80' lang='lat' dir='ltr'>imitationem</span> 
     </span>
     <span class='ocr_line' id='line_1_46' title="bbox 1101 395 2050 429; baseline 0.002 -7"><span class='ocrx_word' id='word_1_343' title='bbox 1101 395 1247 423; x_wconf 77' lang='lat' dir='ltr'>animatur.</span> <span class='ocrx_word' id='word_1_344' title='bbox 1264 411 1299 415; x_wconf 91' lang='lat'>—-</span> <span class='ocrx_word' id='word_1_345' title='bbox 1322 396 1414 423; x_wconf 86' lang='lat' dir='ltr'>Tertio</span> <span class='ocrx_word' id='word_1_346' title='bbox 1434 396 1515 424; x_wconf 76' lang='lat' dir='ltr'>debet</span> <span class='ocrx_word' id='word_1_347' title='bbox 1536 397 1654 424; x_wconf 64' lang='lat' dir='ltr'>(aremuli</span> <span class='ocrx_word' id='word_1_348' title='bbox 1675 397 1715 424; x_wconf 68' lang='lat' dir='ltr'>att</span> <span class='ocrx_word' id='word_1_349' title='bbox 1735 396 1902 429; x_wconf 66' lang='lat' dir='ltr'>caritateim</span> <span class='ocrx_word' id='word_1_350' title='bbox 1917 399 1943 424; x_wconf 89' lang='lat' dir='ltr'>et</span> <span class='ocrx_word' id='word_1_351' title='bbox 1960 402 2050 421; x_wconf 74' lang='lat' dir='ltr'>Tertium-</span> 
     </span>
     <span class='ocr_line' id='line_1_47' title="bbox 1103 441 1941 477; baseline 0.004 -9"><span class='ocrx_word' id='word_1_352' title='bbox 1103 441 1151 468; x_wconf 78' lang='lat' dir='ltr'>hoe</span> <span class='ocrx_word' id='word_1_353' title='bbox 1174 445 1215 469; x_wconf 82' lang='lat' dir='ltr'>est</span> <span class='ocrx_word' id='word_1_354' title='bbox 1235 442 1308 477; x_wconf 74' lang='lat' dir='ltr'>quod</span> <span class='ocrx_word' id='word_1_355' title='bbox 1331 442 1477 470; x_wconf 60' lang='lat' dir='ltr'>additur-“z</span> <span class='ocrx_word' id='word_1_356' title='bbox 1502 443 1535 470; x_wconf 76' lang='lat' dir='ltr'>Ec</span> <span class='ocrx_word' id='word_1_357' title='bbox 1555 443 1635 471; x_wconf 77' lang='lat' dir='ltr'>edent</span> <span class='ocrx_word' id='word_1_358' title='bbox 1663 452 1766 471; x_wconf 73' lang='lat' dir='ltr'>carnes</span> <span class='ocrx_word' id='word_1_359' title='bbox 1793 447 1872 471; x_wconf 76' lang='lat' dir='ltr'>noete</span> <span class='ocrx_word' id='word_1_360' title='bbox 1893 443 1941 471; x_wconf 72' lang='lat' dir='ltr'>iila</span> 
     </span>
    </p>

    <p class='ocr_par' dir='ltr' id='par_1_28' title="bbox 1102 488 1944 526">
     <span class='ocr_line' id='line_1_48' title="bbox 1102 488 1944 526; baseline 0.004 -12"><span class='ocrx_word' id='word_1_361' title='bbox 1102 496 1186 515; x_wconf 53' lang='lat' dir='ltr'>assas·</span> <span class='ocrx_word' id='word_1_362' title='bbox 1212 488 1281 524; x_wconf 73' lang='lat' dir='ltr'>iyni.</span> <span class='ocrx_word' id='word_1_363' title='bbox 1313 488 1360 515; x_wconf 77' lang='lat' dir='ltr'>l&#39;er</span> <span class='ocrx_word' id='word_1_364' title='bbox 1390 489 1483 525; x_wconf 71' lang='lat' dir='ltr'>isstwm</span> <span class='ocrx_word' id='word_1_365' title='bbox 1515 490 1597 518; x_wconf 85' lang='lat' dir='ltr'>istum</span> <span class='ocrx_word' id='word_1_366' title='bbox 1626 490 1726 518; x_wconf 83' lang='lat' dir='ltr'>caritas</span> <span class='ocrx_word' id='word_1_367' title='bbox 1757 489 1944 526; x_wconf 76' lang='lat' dir='ltr'>significatur,</span> 
     </span>
    </p>

    <p class='ocr_par' dir='ltr' id='par_1_29' title="bbox 1102 533 1943 572">
     <span class='ocr_line' id='line_1_49' title="bbox 1102 533 1943 572; baseline 0.004 -11"><span class='ocrx_word' id='word_1_368' title='bbox 1102 542 1184 570; x_wconf 78' lang='lat' dir='ltr'>quam</span> <span class='ocrx_word' id='word_1_369' title='bbox 1207 533 1285 562; x_wconf 87' lang='lat' dir='ltr'>iussit</span> <span class='ocrx_word' id='word_1_370' title='bbox 1307 534 1440 562; x_wconf 76' lang='lat' dir='ltr'>Dominus</span> <span class='ocrx_word' id='word_1_371' title='bbox 1463 535 1487 562; x_wconf 89' lang='lat' dir='ltr'>in</span> <span class='ocrx_word' id='word_1_372' title='bbox 1510 544 1557 563; x_wconf 84' lang='lat' dir='ltr'>ara</span> <span class='ocrx_word' id='word_1_373' title='bbox 1584 536 1674 564; x_wconf 80' lang='lat' dir='ltr'>cordis</span> <span class='ocrx_word' id='word_1_374' title='bbox 1701 544 1810 572; x_wconf 79' lang='lat' dir='ltr'>semper</span> <span class='ocrx_word' id='word_1_375' title='bbox 1837 535 1943 564; x_wconf 82' lang='lat' dir='ltr'>ardere.</span> 
     </span>
    </p>

    <p class='ocr_par' dir='ltr' id='par_1_30' title="bbox 1102 580 2076 665">
     <span class='ocr_line' id='line_1_50' title="bbox 1103 580 2076 618; baseline 0.004 -11"><span class='ocrx_word' id='word_1_376' title='bbox 1103 580 1129 607; x_wconf 92' lang='lat' dir='ltr'>lu</span> <span class='ocrx_word' id='word_1_377' title='bbox 1153 580 1204 608; x_wconf 81' lang='lat' dir='ltr'>hor.</span> <span class='ocrx_word' id='word_1_378' title='bbox 1226 581 1286 616; x_wconf 72' lang='lat' dir='ltr'>igne</span> <span class='ocrx_word' id='word_1_379' title='bbox 1307 580 1439 608; x_wconf 67' lang='lat' dir='ltr'>(licuntur</span> <span class='ocrx_word' id='word_1_380' title='bbox 1461 589 1556 609; x_wconf 78' lang='lat' dir='ltr'>carnes</span> <span class='ocrx_word' id='word_1_381' title='bbox 1577 583 1701 618; x_wconf 86' lang='lat' dir='ltr'>corporis</span> <span class='ocrx_word' id='word_1_382' title='bbox 1721 582 1821 611; x_wconf 83' lang='lat' dir='ltr'>Christi</span> <span class='ocrx_word' id='word_1_383' title='bbox 1843 582 1944 616; x_wconf 81' lang='lat' dir='ltr'>assari,</span> <span class='ocrx_word' id='word_1_384' title='bbox 1964 588 2076 607; x_wconf 76' lang='lat' dir='ltr'>Notandum-</span> 
     </span>
     <span class='ocr_line' id='line_1_51' title="bbox 1102 626 1945 665; baseline 0.004 -11"><span class='ocrx_word' id='word_1_385' title='bbox 1102 626 1167 662; x_wconf 82' lang='lat' dir='ltr'>quia</span> <span class='ocrx_word' id='word_1_386' title='bbox 1188 634 1241 654; x_wconf 89' lang='lat' dir='ltr'>non</span> <span class='ocrx_word' id='word_1_387' title='bbox 1264 627 1314 654; x_wconf 75' lang='lat' dir='ltr'>nisi</span> <span class='ocrx_word' id='word_1_388' title='bbox 1338 627 1364 655; x_wconf 93' lang='lat' dir='ltr'>in</span> <span class='ocrx_word' id='word_1_389' title='bbox 1386 627 1499 656; x_wconf 76' lang='lat' dir='ltr'>caritate</span> <span class='ocrx_word' id='word_1_390' title='bbox 1520 629 1620 657; x_wconf 81' lang='lat' dir='ltr'>debent</span> <span class='ocrx_word' id='word_1_391' title='bbox 1635 629 1802 657; x_wconf 82' lang='lat' dir='ltr'>manducari.</span> <span class='ocrx_word' id='word_1_392' title='bbox 1820 629 1864 657; x_wconf 91' lang='lat' dir='ltr'>llle</span> <span class='ocrx_word' id='word_1_393' title='bbox 1879 637 1945 665; x_wconf 84' lang='lat' dir='ltr'>ergo</span> 
     </span>
    </p>

    <p class='ocr_par' dir='ltr' id='par_1_31' title="bbox 1103 673 1945 711">
     <span class='ocr_line' id='line_1_52' title="bbox 1103 673 1945 711; baseline 0.005 -11"><span class='ocrx_word' id='word_1_394' title='bbox 1103 673 1203 702; x_wconf 83' lang='lat' dir='ltr'>crudas</span> <span class='ocrx_word' id='word_1_395' title='bbox 1225 681 1322 701; x_wconf 77' lang='lat' dir='ltr'>carnes</span> <span class='ocrx_word' id='word_1_396' title='bbox 1342 674 1474 707; x_wconf 77' lang='lat' dir='ltr'>comedit,</span> <span class='ocrx_word' id='word_1_397' title='bbox 1490 675 1536 711; x_wconf 86' lang='lat' dir='ltr'>qui</span> <span class='ocrx_word' id='word_1_398' title='bbox 1559 675 1592 703; x_wconf 86' lang='lat' dir='ltr'>ad</span> <span class='ocrx_word' id='word_1_399' title='bbox 1608 676 1814 704; x_wconf 77' lang='lat' dir='ltr'>Sacramentum</span> <span class='ocrx_word' id='word_1_400' title='bbox 1830 676 1887 704; x_wconf 87' lang='lat' dir='ltr'>sine</span> <span class='ocrx_word' id='word_1_401' title='bbox 1902 683 1945 704; x_wconf 83' lang='lat' dir='ltr'>ca-</span> 
     </span>
    </p>

    <p class='ocr_par' dir='ltr' id='par_1_32' title="bbox 1104 719 1943 756">
     <span class='ocr_line' id='line_1_53' title="bbox 1104 719 1943 756; baseline 0.004 -9"><span class='ocrx_word' id='word_1_402' title='bbox 1104 719 1183 747; x_wconf 82' lang='lat' dir='ltr'>ritate</span> <span class='ocrx_word' id='word_1_403' title='bbox 1204 720 1315 748; x_wconf 68' lang='lat' dir='ltr'>accedit.</span> <span class='ocrx_word' id='word_1_404' title='bbox 1339 720 1389 748; x_wconf 70' lang='lat' dir='ltr'>Sed</span> <span class='ocrx_word' id='word_1_405' title='bbox 1411 721 1457 756; x_wconf 81' lang='lat' dir='ltr'>qui</span> <span class='ocrx_word' id='word_1_406' title='bbox 1481 721 1580 749; x_wconf 80' lang='lat' dir='ltr'>crudas</span> <span class='ocrx_word' id='word_1_407' title='bbox 1601 729 1697 750; x_wconf 82' lang='lat' dir='ltr'>carnes</span> <span class='ocrx_word' id='word_1_408' title='bbox 1712 722 1839 756; x_wconf 88' lang='lat' dir='ltr'>comedit,</span> <span class='ocrx_word' id='word_1_409' title='bbox 1861 722 1943 751; x_wconf 88' lang='lat' dir='ltr'>vitam</span> 
     </span>
    </p>

    <p class='ocr_par' dir='ltr' id='par_1_33' title="bbox 1104 766 1947 805">
     <span class='ocr_line' id='line_1_54' title="bbox 1104 766 1947 805; baseline 0.005 -12"><span class='ocrx_word' id='word_1_410' title='bbox 1104 766 1129 794; x_wconf 88' lang='lat' dir='ltr'>iu</span> <span class='ocrx_word' id='word_1_411' title='bbox 1153 767 1276 803; x_wconf 80' lang='lat' dir='ltr'>periculo</span> <span class='ocrx_word' id='word_1_412' title='bbox 1298 767 1388 803; x_wconf 90' lang='lat' dir='ltr'>ponit;</span> <span class='ocrx_word' id='word_1_413' title='bbox 1412 767 1448 795; x_wconf 87' lang='lat' dir='ltr'>ita</span> <span class='ocrx_word' id='word_1_414' title='bbox 1469 768 1638 796; x_wconf 78' lang='lat' dir='ltr'>manducans</span> <span class='ocrx_word' id='word_1_415' title='bbox 1665 776 1766 805; x_wconf 86' lang='lat' dir='ltr'>corpus</span> <span class='ocrx_word' id='word_1_416' title='bbox 1790 769 1890 797; x_wconf 79' lang='lat' dir='ltr'>Christi</span> <span class='ocrx_word' id='word_1_417' title='bbox 1920 772 1947 798; x_wconf 84' lang='lat' dir='ltr'>et</span> 
     </span>
    </p>

    <p class='ocr_par' dir='ltr' id='par_1_34' title="bbox 1102 814 2062 946">
     <span class='ocr_line' id='line_1_55' title="bbox 1104 814 1946 844; baseline 0.004 -3"><span class='ocrx_word' id='word_1_418' title='bbox 1104 822 1156 842; x_wconf 86' lang='lat' dir='ltr'>non</span> <span class='ocrx_word' id='word_1_419' title='bbox 1180 814 1283 843; x_wconf 68' lang='lat' dir='ltr'>halwus</span> <span class='ocrx_word' id='word_1_420' title='bbox 1313 814 1485 843; x_wconf 86' lang='lat' dir='ltr'>dilectionem</span> <span class='ocrx_word' id='word_1_421' title='bbox 1516 819 1639 843; x_wconf 77' lang='lat' dir='ltr'>meretur</span> <span class='ocrx_word' id='word_1_422' title='bbox 1670 820 1810 844; x_wconf 77' lang='lat' dir='ltr'>aeternam</span> <span class='ocrx_word' id='word_1_423' title='bbox 1835 816 1946 844; x_wconf 84' lang='lat' dir='ltr'>damna-</span> 
     </span>
     <span class='ocr_line' id='line_1_56' title="bbox 1104 861 2062 900; baseline 0.004 -12"><span class='ocrx_word' id='word_1_424' title='bbox 1104 861 1213 889; x_wconf 77' lang='lat' dir='ltr'>tionem.</span> <span class='ocrx_word' id='word_1_425' title='bbox 1236 878 1273 881; x_wconf 87' lang='lat'>——</span> <span class='ocrx_word' id='word_1_426' title='bbox 1295 864 1400 897; x_wconf 80' lang='lat' dir='ltr'>Quarto</span> <span class='ocrx_word' id='word_1_427' title='bbox 1420 862 1501 890; x_wconf 80' lang='lat' dir='ltr'>dehet</span> <span class='ocrx_word' id='word_1_428' title='bbox 1522 861 1626 890; x_wconf 79' lang='lat' dir='ltr'>ltabcre</span> <span class='ocrx_word' id='word_1_429' title='bbox 1646 862 1714 899; x_wconf 73' lang='lat' dir='ltr'>fidei</span> <span class='ocrx_word' id='word_1_430' title='bbox 1736 863 1947 900; x_wconf 70' lang='lat' dir='ltr'>inteyritatem‚·</span> <span class='ocrx_word' id='word_1_431' title='bbox 1964 869 2062 892; x_wconf 79' lang='lat' dir='ltr'>Quartum.</span> 
     </span>
     <span class='ocr_line' id='line_1_57' title="bbox 1102 908 1948 946; baseline 0.002 -10"><span class='ocrx_word' id='word_1_432' title='bbox 1102 911 1129 936; x_wconf 89' lang='lat' dir='ltr'>et</span> <span class='ocrx_word' id='word_1_433' title='bbox 1149 908 1199 936; x_wconf 87' lang='lat' dir='ltr'>hoc</span> <span class='ocrx_word' id='word_1_434' title='bbox 1218 911 1257 936; x_wconf 87' lang='lat' dir='ltr'>est</span> <span class='ocrx_word' id='word_1_435' title='bbox 1277 908 1349 944; x_wconf 78' lang='lat' dir='ltr'>quod</span> <span class='ocrx_word' id='word_1_436' title='bbox 1368 908 1544 945; x_wconf 69' lang='lat' dir='ltr'>adiungitur:</span> <span class='ocrx_word' id='word_1_437' title='bbox 1564 910 1657 946; x_wconf 75' lang='lat' dir='ltr'>Caput</span> <span class='ocrx_word' id='word_1_438' title='bbox 1672 918 1736 937; x_wconf 75' lang='lat' dir='ltr'>etim</span> <span class='ocrx_word' id='word_1_439' title='bbox 1750 910 1871 946; x_wconf 68' lang='lat' dir='ltr'>pedibus</span> <span class='ocrx_word' id='word_1_440' title='bbox 1885 910 1948 938; x_wconf 74' lang='lat' dir='ltr'>eius</span> 
     </span>
    </p>

    <p class='ocr_par' dir='ltr' id='par_1_35' title="bbox 1102 954 2093 1085">
     <span class='ocr_line' id='line_1_58' title="bbox 1102 954 2093 993; baseline 0.004 -11"><span class='ocrx_word' id='word_1_441' title='bbox 1102 958 1127 982; x_wconf 85' lang='lat' dir='ltr'>et</span> <span class='ocrx_word' id='word_1_442' title='bbox 1149 954 1291 983; x_wconf 61' lang='lat' dir='ltr'>intestinis</span> <span class='ocrx_word' id='word_1_443' title='bbox 1314 955 1462 984; x_wconf 67' lang='lat' dir='ltr'>vorabitis:</span> <span class='ocrx_word' id='word_1_444' title='bbox 1486 956 1535 984; x_wconf 82' lang='lat' dir='ltr'>Per</span> <span class='ocrx_word' id='word_1_445' title='bbox 1556 960 1645 992; x_wconf 70' lang='lat' dir='ltr'>eaput</span> <span class='ocrx_word' id='word_1_446' title='bbox 1660 956 1830 993; x_wconf 75' lang='lat' dir='ltr'>significatur</span> <span class='ocrx_word' id='word_1_447' title='bbox 1845 956 1948 985; x_wconf 86' lang='lat' dir='ltr'>Divini-</span> <span class='ocrx_word' id='word_1_448' title='bbox 1961 963 2093 989; x_wconf 62' lang='lat' dir='ltr'>Sissnissfsantur</span> 
     </span>
     <span class='ocr_line' id='line_1_59' title="bbox 1103 989 2049 1040; baseline 0.003 -12"><span class='ocrx_word' id='word_1_449' title='bbox 1103 1004 1159 1033; x_wconf 83' lang='lat' dir='ltr'>tas,</span> <span class='ocrx_word' id='word_1_450' title='bbox 1182 1005 1269 1038; x_wconf 74' lang='lat' dir='ltr'>eaput</span> <span class='ocrx_word' id='word_1_451' title='bbox 1291 1002 1367 1030; x_wconf 78' lang='lat' dir='ltr'>enini</span> <span class='ocrx_word' id='word_1_452' title='bbox 1391 1001 1500 1030; x_wconf 74' lang='lat' dir='ltr'>Cliristi</span> <span class='ocrx_word' id='word_1_453' title='bbox 1519 1006 1558 1030; x_wconf 69' lang='lat' dir='ltr'>est</span> <span class='ocrx_word' id='word_1_454' title='bbox 1582 1002 1674 1036; x_wconf 67' lang='lat' dir='ltr'>Dens,</span> <span class='ocrx_word' id='word_1_455' title='bbox 1696 1003 1767 1030; x_wconf 87' lang='lat' dir='ltr'>sicut</span> <span class='ocrx_word' id='word_1_456' title='bbox 1794 1002 1860 1031; x_wconf 88' lang='lat' dir='ltr'>dicit</span> <span class='ocrx_word' id='word_1_457' title='bbox 1881 1004 1948 1040; x_wconf 68' lang='lat' dir='ltr'>Apo-</span> <span class='ocrx_word' id='word_1_458' title='bbox 2007 989 2049 1005; x_wconf 54' lang='grc' dir='ltr'>Μ’</span> 
     </span>
     <span class='ocr_line' id='line_1_60' title="bbox 1103 1047 1948 1085; baseline 0.004 -10"><span class='ocrx_word' id='word_1_459' title='bbox 1103 1047 1190 1075; x_wconf 87' lang='lat' dir='ltr'>stolus</span> <span class='ocrx_word' id='word_1_460' title='bbox 1201 1048 1220 1075; x_wconf 77' lang='lat'>⁶.</span> <span class='ocrx_word' id='word_1_461' title='bbox 1246 1048 1348 1081; x_wconf 71' lang='lat' dir='ltr'>Pedes,</span> <span class='ocrx_word' id='word_1_462' title='bbox 1371 1048 1543 1081; x_wconf 76' lang='lat' dir='ltr'>humanitas3</span> <span class='ocrx_word' id='word_1_463' title='bbox 1572 1048 1646 1077; x_wconf 86' lang='lat' dir='ltr'>Deus</span> <span class='ocrx_word' id='word_1_464' title='bbox 1673 1048 1745 1076; x_wconf 87' lang='lat' dir='ltr'>enim</span> <span class='ocrx_word' id='word_1_465' title='bbox 1775 1049 1878 1085; x_wconf 81' lang='lat' dir='ltr'>ubique</span> <span class='ocrx_word' id='word_1_466' title='bbox 1907 1053 1948 1078; x_wconf 84' lang='lat' dir='ltr'>est</span> 
     </span>
    </p>

    <p class='ocr_par' dir='ltr' id='par_1_36' title="bbox 1102 1094 1948 1132">
     <span class='ocr_line' id='line_1_61' title="bbox 1102 1094 1948 1132; baseline 0.002 -11"><span class='ocrx_word' id='word_1_467' title='bbox 1102 1097 1129 1121; x_wconf 85' lang='lat' dir='ltr'>et</span> <span class='ocrx_word' id='word_1_468' title='bbox 1151 1102 1203 1122; x_wconf 90' lang='lat' dir='ltr'>uon</span> <span class='ocrx_word' id='word_1_469' title='bbox 1227 1097 1315 1130; x_wconf 86' lang='lat' dir='ltr'>potest</span> <span class='ocrx_word' id='word_1_470' title='bbox 1337 1095 1440 1122; x_wconf 85' lang='lat' dir='ltr'>moveri</span> <span class='ocrx_word' id='word_1_471' title='bbox 1462 1094 1496 1122; x_wconf 73' lang='lat' dir='ltr'>«le</span> <span class='ocrx_word' id='word_1_472' title='bbox 1518 1095 1576 1122; x_wconf 83' lang='lat' dir='ltr'>loco</span> <span class='ocrx_word' id='word_1_473' title='bbox 1605 1095 1631 1122; x_wconf 91' lang='lat' dir='ltr'>in</span> <span class='ocrx_word' id='word_1_474' title='bbox 1655 1095 1761 1128; x_wconf 86' lang='lat' dir='ltr'>locum;</span> <span class='ocrx_word' id='word_1_475' title='bbox 1783 1096 1860 1131; x_wconf 86' lang='lat' dir='ltr'>quasi</span> <span class='ocrx_word' id='word_1_476' title='bbox 1883 1103 1948 1132; x_wconf 82' lang='lat' dir='ltr'>ergo</span> 
     </span>
    </p>

    <p class='ocr_par' dir='ltr' id='par_1_37' title="bbox 1100 1141 1948 1177">
     <span class='ocr_line' id='line_1_62' title="bbox 1100 1141 1948 1177; baseline 0.004 -10"><span class='ocrx_word' id='word_1_477' title='bbox 1100 1141 1185 1176; x_wconf 70' lang='lat' dir='ltr'>pede-9</span> <span class='ocrx_word' id='word_1_478' title='bbox 1206 1141 1351 1174; x_wconf 87' lang='lat' dir='ltr'>assumsit,</span> <span class='ocrx_word' id='word_1_479' title='bbox 1372 1141 1483 1177; x_wconf 83' lang='lat' dir='ltr'>quando</span> <span class='ocrx_word' id='word_1_480' title='bbox 1505 1141 1531 1168; x_wconf 91' lang='lat' dir='ltr'>in</span> <span class='ocrx_word' id='word_1_481' title='bbox 1553 1144 1677 1169; x_wconf 83' lang='lat' dir='ltr'>assumto</span> <span class='ocrx_word' id='word_1_482' title='bbox 1704 1142 1814 1170; x_wconf 89' lang='lat' dir='ltr'>homine</span> <span class='ocrx_word' id='word_1_483' title='bbox 1835 1142 1868 1170; x_wconf 90' lang='lat' dir='ltr'>de</span> <span class='ocrx_word' id='word_1_484' title='bbox 1891 1142 1948 1170; x_wconf 90' lang='lat' dir='ltr'>loco</span> 
     </span>
    </p>

    <p class='ocr_par' dir='ltr' id='par_1_38' title="bbox 1102 1186 1949 1270">
     <span class='ocr_line' id='line_1_63' title="bbox 1103 1186 1949 1223; baseline 0.002 -9"><span class='ocrx_word' id='word_1_485' title='bbox 1103 1186 1135 1214; x_wconf 76' lang='lat' dir='ltr'>:id</span> <span class='ocrx_word' id='word_1_486' title='bbox 1163 1187 1252 1215; x_wconf 89' lang='lat' dir='ltr'>locum</span> <span class='ocrx_word' id='word_1_487' title='bbox 1273 1187 1432 1215; x_wconf 76' lang='lat' dir='ltr'>ambulavit.</span> <span class='ocrx_word' id='word_1_488' title='bbox 1456 1187 1507 1215; x_wconf 80' lang='lat' dir='ltr'>Hos</span> <span class='ocrx_word' id='word_1_489' title='bbox 1530 1187 1611 1223; x_wconf 86' lang='lat' dir='ltr'>pedes</span> <span class='ocrx_word' id='word_1_490' title='bbox 1631 1187 1698 1215; x_wconf 90' lang='lat' dir='ltr'>dum</span> <span class='ocrx_word' id='word_1_491' title='bbox 1722 1188 1836 1222; x_wconf 86' lang='lat' dir='ltr'>Tobias‚</span> <span class='ocrx_word' id='word_1_492' title='bbox 1858 1188 1884 1216; x_wconf 91' lang='lat' dir='ltr'>id</span> <span class='ocrx_word' id='word_1_493' title='bbox 1909 1192 1949 1217; x_wconf 87' lang='lat' dir='ltr'>est</span> 
     </span>
     <span class='ocr_line' id='line_1_64' title="bbox 1102 1232 1947 1270; baseline 0.004 -10"><span class='ocrx_word' id='word_1_494' title='bbox 1102 1232 1244 1265; x_wconf 88' lang='lat' dir='ltr'>Christus,</span> <span class='ocrx_word' id='word_1_495' title='bbox 1267 1233 1332 1260; x_wconf 85' lang='lat' dir='ltr'>lavit</span> <span class='ocrx_word' id='word_1_496' title='bbox 1354 1233 1380 1260; x_wconf 89' lang='lat' dir='ltr'>in</span> <span class='ocrx_word' id='word_1_497' title='bbox 1403 1233 1530 1266; x_wconf 86' lang='lat' dir='ltr'>flumine,</span> <span class='ocrx_word' id='word_1_498' title='bbox 1553 1232 1579 1261; x_wconf 90' lang='lat' dir='ltr'>id</span> <span class='ocrx_word' id='word_1_499' title='bbox 1594 1237 1647 1266; x_wconf 90' lang='lat' dir='ltr'>est,</span> <span class='ocrx_word' id='word_1_500' title='bbox 1663 1235 1792 1270; x_wconf 79' lang='lat' dir='ltr'>exposuit</span> <span class='ocrx_word' id='word_1_501' title='bbox 1808 1235 1833 1262; x_wconf 93' lang='lat' dir='ltr'>in</span> <span class='ocrx_word' id='word_1_502' title='bbox 1849 1242 1947 1268; x_wconf 83' lang='lat' dir='ltr'>cruce;</span> 
     </span>
    </p>

    <p class='ocr_par' dir='ltr' id='par_1_39' title="bbox 1103 1279 1949 1363">
     <span class='ocr_line' id='line_1_65' title="bbox 1103 1279 1949 1314; baseline 0.004 -8"><span class='ocrx_word' id='word_1_503' title='bbox 1103 1279 1203 1314; x_wconf 87' lang='lat' dir='ltr'>piscem</span> <span class='ocrx_word' id='word_1_504' title='bbox 1233 1279 1382 1307; x_wconf 81' lang='lat' dir='ltr'>absorbere</span> <span class='ocrx_word' id='word_1_505' title='bbox 1410 1287 1457 1308; x_wconf 85' lang='lat' dir='ltr'>eos</span> <span class='ocrx_word' id='word_1_506' title='bbox 1485 1280 1635 1314; x_wconf 89' lang='lat' dir='ltr'>volentem,</span> <span class='ocrx_word' id='word_1_507' title='bbox 1664 1281 1691 1309; x_wconf 85' lang='lat' dir='ltr'>id</span> <span class='ocrx_word' id='word_1_508' title='bbox 1721 1285 1762 1309; x_wconf 87' lang='lat' dir='ltr'>est</span> <span class='ocrx_word' id='word_1_509' title='bbox 1793 1281 1949 1314; x_wconf 84' lang='lat' dir='ltr'>diabolum,</span> 
     </span>
     <span class='ocr_line' id='line_1_66' title="bbox 1108 1326 1949 1363; baseline 0.004 -10"><span class='ocrx_word' id='word_1_510' title='bbox 1108 1326 1334 1354; x_wconf 78' lang='lat' dir='ltr'>«manifestando</span> <span class='ocrx_word' id='word_1_511' title='bbox 1355 1326 1414 1355; x_wconf 90' lang='lat' dir='ltr'>eius</span> <span class='ocrx_word' id='word_1_512' title='bbox 1436 1327 1600 1363; x_wconf 84' lang='lat' dir='ltr'>nequitias»</span> <span class='ocrx_word' id='word_1_513' title='bbox 1627 1328 1699 1356; x_wconf 80' lang='lat' dir='ltr'>vicit.</span> <span class='ocrx_word' id='word_1_514' title='bbox 1724 1328 1864 1356; x_wconf 77' lang='lat' dir='ltr'>Intestina</span> <span class='ocrx_word' id='word_1_515' title='bbox 1885 1332 1949 1356; x_wconf 88' lang='lat' dir='ltr'>sunt</span> 
     </span>
    </p>

    <p class='ocr_par' dir='ltr' id='par_1_40' title="bbox 1102 1372 1951 1412">
     <span class='ocr_line' id='line_1_67' title="bbox 1102 1372 1951 1412; baseline 0.005 -12"><span class='ocrx_word' id='word_1_516' title='bbox 1102 1372 1175 1400; x_wconf 83' lang='lat' dir='ltr'>circa</span> <span class='ocrx_word' id='word_1_517' title='bbox 1201 1373 1252 1401; x_wconf 89' lang='lat' dir='ltr'>hoc</span> <span class='ocrx_word' id='word_1_518' title='bbox 1280 1373 1489 1402; x_wconf 78' lang='lat' dir='ltr'>Sacramentum</span> <span class='ocrx_word' id='word_1_519' title='bbox 1520 1374 1726 1411; x_wconf 73' lang='lat' dir='ltr'>inattingibilia;</span> <span class='ocrx_word' id='word_1_520' title='bbox 1758 1383 1829 1412; x_wconf 81' lang='lat' dir='ltr'>quae</span> <span class='ocrx_word' id='word_1_521' title='bbox 1860 1375 1951 1404; x_wconf 82' lang='lat' dir='ltr'>omnia</span> 
     </span>
    </p>

    <p class='ocr_par' dir='ltr' id='par_1_41' title="bbox 1101 1418 1951 1457">
     <span class='ocr_line' id='line_1_68' title="bbox 1101 1418 1951 1457; baseline 0.005 -10"><span class='ocrx_word' id='word_1_522' title='bbox 1101 1418 1183 1447; x_wconf 88' lang='lat' dir='ltr'>debet</span> <span class='ocrx_word' id='word_1_523' title='bbox 1205 1419 1287 1447; x_wconf 91' lang='lat' dir='ltr'>homo</span> <span class='ocrx_word' id='word_1_524' title='bbox 1308 1428 1426 1454; x_wconf 78' lang='lat' dir='ltr'>vorare,</span> <span class='ocrx_word' id='word_1_525' title='bbox 1449 1421 1514 1457; x_wconf 83' lang='lat' dir='ltr'>quia</span> <span class='ocrx_word' id='word_1_526' title='bbox 1535 1422 1627 1449; x_wconf 86' lang='lat' dir='ltr'>omnia</span> <span class='ocrx_word' id='word_1_527' title='bbox 1647 1422 1727 1451; x_wconf 87' lang='lat' dir='ltr'>debet</span> <span class='ocrx_word' id='word_1_528' title='bbox 1753 1422 1870 1451; x_wconf 84' lang='lat' dir='ltr'>fideliter</span> <span class='ocrx_word' id='word_1_529' title='bbox 1891 1430 1951 1451; x_wconf 90' lang='lat' dir='ltr'>cre-</span> 
     </span>
    </p>

    <p class='ocr_par' dir='ltr' id='par_1_42' title="bbox 1101 1466 2080 1554">
     <span class='ocr_line' id='line_1_69' title="bbox 1101 1466 2080 1506; baseline 0.001 -12"><span class='ocrx_word' id='word_1_530' title='bbox 1101 1466 1182 1500; x_wconf 82' lang='lat' dir='ltr'>dere,</span> <span class='ocrx_word' id='word_1_531' title='bbox 1203 1466 1285 1495; x_wconf 81' lang='lat' dir='ltr'>etiam</span> <span class='ocrx_word' id='word_1_532' title='bbox 1307 1474 1378 1503; x_wconf 81' lang='lat' dir='ltr'>quae</span> <span class='ocrx_word' id='word_1_533' title='bbox 1399 1475 1452 1495; x_wconf 91' lang='lat' dir='ltr'>non</span> <span class='ocrx_word' id='word_1_534' title='bbox 1476 1470 1564 1503; x_wconf 87' lang='lat' dir='ltr'>potest</span> <span class='ocrx_word' id='word_1_535' title='bbox 1585 1468 1725 1497; x_wconf 89' lang='lat' dir='ltr'>intellectu</span> <span class='ocrx_word' id='word_1_536' title='bbox 1741 1469 1883 1506; x_wconf 77' lang='lat' dir='ltr'>attingere.</span> <span class='ocrx_word' id='word_1_537' title='bbox 1899 1469 1951 1498; x_wconf 91' lang='lat' dir='ltr'>De·</span> <span class='ocrx_word' id='word_1_538' title='bbox 1968 1476 2080 1495; x_wconf 69' lang='lat' dir='ltr'>Notandum.</span> 
     </span>
     <span class='ocr_line' id='line_1_70' title="bbox 1102 1513 1950 1554; baseline 0.005 -13"><span class='ocrx_word' id='word_1_539' title='bbox 1102 1513 1148 1541; x_wconf 86' lang='lat' dir='ltr'>bet</span> <span class='ocrx_word' id='word_1_540' title='bbox 1162 1514 1234 1543; x_wconf 88' lang='lat' dir='ltr'>enim</span> <span class='ocrx_word' id='word_1_541' title='bbox 1250 1514 1376 1547; x_wconf 86' lang='lat' dir='ltr'>credere,</span> <span class='ocrx_word' id='word_1_542' title='bbox 1392 1514 1428 1542; x_wconf 90' lang='lat' dir='ltr'>ibi</span> <span class='ocrx_word' id='word_1_543' title='bbox 1444 1522 1503 1542; x_wconf 91' lang='lat' dir='ltr'>esse</span> <span class='ocrx_word' id='word_1_544' title='bbox 1518 1522 1615 1543; x_wconf 86' lang='lat' dir='ltr'>verum</span> <span class='ocrx_word' id='word_1_545' title='bbox 1630 1523 1732 1552; x_wconf 85' lang='lat' dir='ltr'>corpus</span> <span class='ocrx_word' id='word_1_546' title='bbox 1746 1516 1861 1551; x_wconf 81' lang='lat' dir='ltr'>Christi,</span> <span class='ocrx_word' id='word_1_547' title='bbox 1876 1517 1950 1554; x_wconf 83' lang='lat' dir='ltr'>quod</span> 
     </span>
    </p>

    <p class='ocr_par' dir='ltr' id='par_1_43' title="bbox 1101 1560 1949 1692">
     <span class='ocr_line' id='line_1_71' title="bbox 1103 1560 1949 1599; baseline 0.006 -12"><span class='ocrx_word' id='word_1_548' title='bbox 1103 1560 1189 1588; x_wconf 87' lang='lat' dir='ltr'>traxit</span> <span class='ocrx_word' id='word_1_549' title='bbox 1209 1560 1242 1588; x_wconf 92' lang='lat' dir='ltr'>de</span> <span class='ocrx_word' id='word_1_550' title='bbox 1264 1560 1343 1588; x_wconf 83' lang='lat' dir='ltr'>beata</span> <span class='ocrx_word' id='word_1_551' title='bbox 1364 1560 1490 1597; x_wconf 82' lang='lat' dir='ltr'>Virgine;</span> <span class='ocrx_word' id='word_1_552' title='bbox 1513 1564 1554 1590; x_wconf 91' lang='lat' dir='ltr'>est</span> <span class='ocrx_word' id='word_1_553' title='bbox 1575 1565 1668 1590; x_wconf 87' lang='lat' dir='ltr'>autem</span> <span class='ocrx_word' id='word_1_554' title='bbox 1684 1562 1719 1590; x_wconf 88' lang='lat' dir='ltr'>ibi</span> <span class='ocrx_word' id='word_1_555' title='bbox 1736 1570 1785 1599; x_wconf 89' lang='lat' dir='ltr'>per</span> <span class='ocrx_word' id='word_1_556' title='bbox 1807 1564 1949 1592; x_wconf 87' lang='lat' dir='ltr'>transsub-</span> 
     </span>
     <span class='ocr_line' id='line_1_72' title="bbox 1101 1607 1949 1646; baseline 0.006 -12"><span class='ocrx_word' id='word_1_557' title='bbox 1101 1607 1316 1640; x_wconf 82' lang='lat' dir='ltr'>stantiationem,</span> <span class='ocrx_word' id='word_1_558' title='bbox 1338 1608 1429 1636; x_wconf 82' lang='lat' dir='ltr'>anima</span> <span class='ocrx_word' id='word_1_559' title='bbox 1451 1616 1516 1637; x_wconf 88' lang='lat' dir='ltr'>vero</span> <span class='ocrx_word' id='word_1_560' title='bbox 1537 1611 1578 1637; x_wconf 85' lang='lat' dir='ltr'>est</span> <span class='ocrx_word' id='word_1_561' title='bbox 1599 1609 1634 1637; x_wconf 89' lang='lat' dir='ltr'>ibi</span> <span class='ocrx_word' id='word_1_562' title='bbox 1657 1617 1707 1646; x_wconf 89' lang='lat' dir='ltr'>per</span> <span class='ocrx_word' id='word_1_563' title='bbox 1721 1610 1875 1639; x_wconf 82' lang='lat' dir='ltr'>naturalem</span> <span class='ocrx_word' id='word_1_564' title='bbox 1895 1611 1949 1639; x_wconf 84' lang='lat' dir='ltr'>col-</span> 
     </span>
     <span class='ocr_line' id='line_1_73' title="bbox 1102 1653 1948 1692; baseline 0.006 -12"><span class='ocrx_word' id='word_1_565' title='bbox 1102 1653 1270 1689; x_wconf 75' lang='lat' dir='ltr'>ligationem,</span> <span class='ocrx_word' id='word_1_566' title='bbox 1293 1654 1425 1682; x_wconf 73' lang='lat' dir='ltr'>Divinitas</span> <span class='ocrx_word' id='word_1_567' title='bbox 1446 1657 1488 1683; x_wconf 86' lang='lat' dir='ltr'>est</span> <span class='ocrx_word' id='word_1_568' title='bbox 1509 1654 1544 1683; x_wconf 87' lang='lat' dir='ltr'>ibi</span> <span class='ocrx_word' id='word_1_569' title='bbox 1567 1663 1616 1692; x_wconf 90' lang='lat' dir='ltr'>per</span> <span class='ocrx_word' id='word_1_570' title='bbox 1639 1655 1849 1692; x_wconf 82' lang='lat' dir='ltr'>inseparabilem</span> <span class='ocrx_word' id='word_1_571' title='bbox 1869 1657 1948 1685; x_wconf 91' lang='lat' dir='ltr'>unio-</span> 
     </span>
    </p>

    <p class='ocr_par' dir='ltr' id='par_1_44' title="bbox 1101 1700 1948 1739">
     <span class='ocr_line' id='line_1_74' title="bbox 1101 1700 1948 1739; baseline 0.006 -12"><span class='ocrx_word' id='word_1_572' title='bbox 1101 1707 1172 1727; x_wconf 82' lang='lat' dir='ltr'>nem.</span> <span class='ocrx_word' id='word_1_573' title='bbox 1195 1700 1264 1728; x_wconf 86' lang='lat' dir='ltr'>Sunt</span> <span class='ocrx_word' id='word_1_574' title='bbox 1285 1700 1367 1729; x_wconf 86' lang='lat' dir='ltr'>etiam</span> <span class='ocrx_word' id='word_1_575' title='bbox 1389 1701 1424 1729; x_wconf 87' lang='lat' dir='ltr'>ibi</span> <span class='ocrx_word' id='word_1_576' title='bbox 1448 1701 1594 1739; x_wconf 82' lang='lat' dir='ltr'>utriusque</span> <span class='ocrx_word' id='word_1_577' title='bbox 1616 1706 1731 1731; x_wconf 83' lang='lat' dir='ltr'>naturae</span> <span class='ocrx_word' id='word_1_578' title='bbox 1753 1703 1905 1737; x_wconf 79' lang='lat' dir='ltr'>intestina,</span> <span class='ocrx_word' id='word_1_579' title='bbox 1921 1704 1948 1732; x_wconf 90' lang='lat' dir='ltr'>id</span> 
     </span>
    </p>

    <p class='ocr_par' dir='ltr' id='par_1_45' title="bbox 1101 1747 1948 1786">
     <span class='ocr_line' id='line_1_75' title="bbox 1101 1747 1948 1786; baseline 0.007 -13"><span class='ocrx_word' id='word_1_580' title='bbox 1101 1748 1142 1774; x_wconf 86' lang='lat' dir='ltr'>est</span> <span class='ocrx_word' id='word_1_581' title='bbox 1163 1749 1334 1775; x_wconf 81' lang='lat' dir='ltr'>sacramenta</span> <span class='ocrx_word' id='word_1_582' title='bbox 1355 1747 1566 1784; x_wconf 78' lang='lat' dir='ltr'>inexplicabilia.</span> <span class='ocrx_word' id='word_1_583' title='bbox 1584 1749 1615 1777; x_wconf 86' lang='lat' dir='ltr'>Et</span> <span class='ocrx_word' id='word_1_584' title='bbox 1636 1749 1696 1778; x_wconf 90' lang='lat' dir='ltr'>ideo</span> <span class='ocrx_word' id='word_1_585' title='bbox 1716 1749 1764 1786; x_wconf 90' lang='lat' dir='ltr'>qui</span> <span class='ocrx_word' id='word_1_586' title='bbox 1786 1758 1840 1778; x_wconf 88' lang='lat' dir='ltr'>non</span> <span class='ocrx_word' id='word_1_587' title='bbox 1859 1753 1948 1786; x_wconf 86' lang='lat' dir='ltr'>potest</span> 
     </span>
    </p>

    <p class='ocr_par' dir='ltr' id='par_1_46' title="bbox 1101 1792 1948 1834">
     <span class='ocr_line' id='line_1_76' title="bbox 1101 1792 1948 1834; baseline 0.007 -14"><span class='ocrx_word' id='word_1_588' title='bbox 1101 1793 1185 1821; x_wconf 89' lang='lat' dir='ltr'>huius</span> <span class='ocrx_word' id='word_1_589' title='bbox 1206 1794 1375 1822; x_wconf 70' lang='lat' dir='ltr'>sacramenti</span> <span class='ocrx_word' id='word_1_590' title='bbox 1397 1792 1569 1823; x_wconf 79' lang='lat' dir='ltr'>altitudinem</span> <span class='ocrx_word' id='word_1_591' title='bbox 1591 1795 1731 1825; x_wconf 86' lang='lat' dir='ltr'>intellectu</span> <span class='ocrx_word' id='word_1_592' title='bbox 1749 1804 1848 1834; x_wconf 81' lang='lat' dir='ltr'>capere</span> <span class='ocrx_word' id='word_1_593' title='bbox 1868 1797 1948 1826; x_wconf 86' lang='lat' dir='ltr'>debet</span> 
     </span>
    </p>

    <p class='ocr_par' dir='ltr' id='par_1_47' title="bbox 1101 1839 1949 1878">
     <span class='ocr_line' id='line_1_77' title="bbox 1101 1839 1949 1878; baseline 0.007 -11"><span class='ocrx_word' id='word_1_594' title='bbox 1101 1839 1153 1868; x_wconf 87' lang='lat' dir='ltr'>hoc</span> <span class='ocrx_word' id='word_1_595' title='bbox 1175 1840 1300 1876; x_wconf 83' lang='lat' dir='ltr'>potestati</span> <span class='ocrx_word' id='word_1_596' title='bbox 1323 1841 1442 1877; x_wconf 86' lang='lat' dir='ltr'>Spiritus</span> <span class='ocrx_word' id='word_1_597' title='bbox 1464 1842 1549 1870; x_wconf 85' lang='lat' dir='ltr'>saneti</span> <span class='ocrx_word' id='word_1_598' title='bbox 1578 1843 1764 1878; x_wconf 88' lang='lat' dir='ltr'>committere;</span> <span class='ocrx_word' id='word_1_599' title='bbox 1786 1846 1814 1873; x_wconf 87' lang='lat' dir='ltr'>et</span> <span class='ocrx_word' id='word_1_600' title='bbox 1836 1844 1886 1873; x_wconf 87' lang='lat' dir='ltr'>hoc</span> <span class='ocrx_word' id='word_1_601' title='bbox 1907 1848 1949 1873; x_wconf 86' lang='lat' dir='ltr'>est</span> 
     </span>
    </p>

    <p class='ocr_par' dir='ltr' id='par_1_48' title="bbox 1101 1887 1948 1962">
     <span class='ocr_line' id='line_1_78' title="bbox 1101 1887 1948 1929; baseline 0.007 -15"><span class='ocrx_word' id='word_1_602' title='bbox 1101 1887 1175 1923; x_wconf 85' lang='lat' dir='ltr'>quod</span> <span class='ocrx_word' id='word_1_603' title='bbox 1195 1887 1296 1916; x_wconf 85' lang='lat' dir='ltr'>dicitur</span> <span class='ocrx_word' id='word_1_604' title='bbox 1319 1888 1401 1916; x_wconf 85' lang='lat' dir='ltr'>hic⁷:</span> <span class='ocrx_word' id='word_1_605' title='bbox 1424 1889 1457 1917; x_wconf 81' lang='lat' dir='ltr'>Si</span> <span class='ocrx_word' id='word_1_606' title='bbox 1477 1889 1548 1927; x_wconf 66' lang='lat' dir='ltr'>quiri</span> <span class='ocrx_word' id='word_1_607' title='bbox 1573 1890 1726 1919; x_wconf 72' lang='lat' dir='ltr'>residuum</span> <span class='ocrx_word' id='word_1_608' title='bbox 1753 1890 1860 1928; x_wconf 82' lang='lat' dir='ltr'>fuerit,</span> <span class='ocrx_word' id='word_1_609' title='bbox 1883 1892 1948 1929; x_wconf 77' lang='lat' dir='ltr'>iyne</span> 
     </span>
     <span class='ocr_line' id='line_1_79' title="bbox 1101 1933 1283 1962; baseline 0.005 -1"><span class='ocrx_word' id='word_1_610' title='bbox 1101 1933 1283 1962; x_wconf 64' lang='lat' dir='ltr'>comburetis:</span> 
     </span>
    </p>

    <p class='ocr_par' dir='ltr' id='par_1_49' title="bbox 1100 1981 2095 2203">
     <span class='ocr_line' id='line_1_80' title="bbox 1180 1981 2095 2020; baseline 0.007 -12"><span class='ocrx_word' id='word_1_611' title='bbox 1180 1981 1225 2008; x_wconf 70' lang='lat'>28.</span> <span class='ocrx_word' id='word_1_612' title='bbox 1248 1981 1333 2009; x_wconf 82' lang='lat' dir='ltr'>Debet</span> <span class='ocrx_word' id='word_1_613' title='bbox 1354 1981 1436 2009; x_wconf 83' lang='lat' dir='ltr'>etiam</span> <span class='ocrx_word' id='word_1_614' title='bbox 1465 1982 1549 2011; x_wconf 90' lang='lat' dir='ltr'>homo</span> <span class='ocrx_word' id='word_1_615' title='bbox 1576 1986 1697 2020; x_wconf 82' lang='lat' dir='ltr'>quatuor</span> <span class='ocrx_word' id='word_1_616' title='bbox 1724 1984 1826 2013; x_wconf 83' lang='lat' dir='ltr'>habere</span> <span class='ocrx_word' id='word_1_617' title='bbox 1848 1985 1879 2013; x_wconf 83' lang='lat' dir='ltr'>in</span> <span class='ocrx_word' id='word_1_618' title='bbox 1899 1993 1948 2013; x_wconf 80' lang='lat' dir='ltr'>ac-</span> <span class='ocrx_word' id='word_1_619' title='bbox 1965 1991 2010 2010; x_wconf 80' lang='lat' dir='ltr'>nem</span> <span class='ocrx_word' id='word_1_620' title='bbox 2028 1992 2046 2011; x_wconf 85' lang='lat' dir='ltr'>in</span> <span class='ocrx_word' id='word_1_621' title='bbox 2065 1998 2095 2011; x_wconf 79' lang='lat' dir='ltr'>ac·</span> 
     </span>
     <span class='ocr_line' id='line_1_81' title="bbox 1100 2020 2095 2065; baseline 0.007 -11"><span class='ocrx_word' id='word_1_622' title='bbox 1100 2035 1198 2061; x_wconf 61' lang='lat' dir='ltr'>cess-u,</span> <span class='ocrx_word' id='word_1_623' title='bbox 1220 2027 1346 2056; x_wconf 85' lang='lat' dir='ltr'>videlicet</span> <span class='ocrx_word' id='word_1_624' title='bbox 1367 2028 1457 2064; x_wconf 91' lang='lat' dir='ltr'>primo</span> <span class='ocrx_word' id='word_1_625' title='bbox 1479 2029 1505 2057; x_wconf 93' lang='lat' dir='ltr'>in</span> <span class='ocrx_word' id='word_1_626' title='bbox 1527 2037 1610 2058; x_wconf 86' lang='lat' dir='ltr'>carne</span> <span class='ocrx_word' id='word_1_627' title='bbox 1625 2031 1847 2065; x_wconf 81' lang='lat' dir='ltr'>continentiam,</span> <span class='ocrx_word' id='word_1_628' title='bbox 1864 2031 1890 2060; x_wconf 91' lang='lat' dir='ltr'>in</span> <span class='ocrx_word' id='word_1_629' title='bbox 1909 2032 1948 2060; x_wconf 83' lang='lat' dir='ltr'>as—</span> <span class='ocrx_word' id='word_1_630' title='bbox 1977 2020 2031 2058; x_wconf 54' lang='grc' dir='ltr'>ῗιῗῖῗῖι</span> <span class='ocrx_word' id='word_1_631' title='bbox 2050 2021 2095 2039; x_wconf 56' lang='lat'>‘³¹¹³&#39;</span> 
     </span>
     <span class='ocr_line' id='line_1_82' title="bbox 1101 2073 1948 2112; baseline 0.007 -11"><span class='ocrx_word' id='word_1_632' title='bbox 1101 2073 1173 2101; x_wconf 81' lang='lat' dir='ltr'>fectu</span> <span class='ocrx_word' id='word_1_633' title='bbox 1194 2074 1389 2107; x_wconf 76' lang='lat' dir='ltr'>munditiam,</span> <span class='ocrx_word' id='word_1_634' title='bbox 1412 2075 1438 2102; x_wconf 90' lang='lat' dir='ltr'>in</span> <span class='ocrx_word' id='word_1_635' title='bbox 1467 2076 1559 2104; x_wconf 86' lang='lat' dir='ltr'>animo</span> <span class='ocrx_word' id='word_1_636' title='bbox 1583 2077 1733 2112; x_wconf 71' lang='lat' dir='ltr'>passionis</span> <span class='ocrx_word' id='word_1_637' title='bbox 1759 2078 1948 2112; x_wconf 76' lang='lat' dir='ltr'>memoriam,</span> 
     </span>
     <span class='ocr_line' id='line_1_83' title="bbox 1101 2119 1949 2161; baseline 0.008 -14"><span class='ocrx_word' id='word_1_638' title='bbox 1101 2120 1128 2148; x_wconf 90' lang='lat' dir='ltr'>in</span> <span class='ocrx_word' id='word_1_639' title='bbox 1149 2119 1285 2149; x_wconf 85' lang='lat' dir='ltr'>desiderio</span> <span class='ocrx_word' id='word_1_640' title='bbox 1306 2121 1395 2149; x_wconf 82' lang='lat' dir='ltr'>vitam</span> <span class='ocrx_word' id='word_1_641' title='bbox 1418 2124 1577 2151; x_wconf 75' lang='lat' dir='ltr'>aeternam.</span> <span class='ocrx_word' id='word_1_642' title='bbox 1600 2140 1638 2144; x_wconf 86' lang='lat'>-—</span> <span class='ocrx_word' id='word_1_643' title='bbox 1660 2123 1751 2152; x_wconf 82' lang='lat' dir='ltr'>l’rimo</span> <span class='ocrx_word' id='word_1_644' title='bbox 1781 2132 1847 2161; x_wconf 74' lang='lat' dir='ltr'>ergo</span> <span class='ocrx_word' id='word_1_645' title='bbox 1868 2125 1949 2154; x_wconf 89' lang='lat' dir='ltr'>debet</span> 
     </span>
     <span class='ocr_line' id='line_1_84' title="bbox 1101 2166 1929 2203; baseline 0.008 -9"><span class='ocrx_word' id='word_1_646' title='bbox 1101 2166 1203 2195; x_wconf 85' lang='lat' dir='ltr'>habere</span> <span class='ocrx_word' id='word_1_647' title='bbox 1225 2167 1256 2195; x_wconf 85' lang='lat' dir='ltr'>in</span> <span class='ocrx_word' id='word_1_648' title='bbox 1277 2175 1366 2196; x_wconf 79' lang='lat' dir='ltr'>carne</span> <span class='ocrx_word' id='word_1_649' title='bbox 1393 2168 1618 2203; x_wconf 76' lang='lat' dir='ltr'>continentiam;</span> <span class='ocrx_word' id='word_1_650' title='bbox 1639 2170 1712 2199; x_wconf 90' lang='lat' dir='ltr'>unde</span> <span class='ocrx_word' id='word_1_651' title='bbox 1740 2171 1841 2200; x_wconf 87' lang='lat' dir='ltr'>dicitur</span> <span class='ocrx_word' id='word_1_652' title='bbox 1863 2171 1929 2200; x_wconf 65' lang='grc' dir='ltr'>1116Β</span> 
     </span>
    </p>
   </div>
   <div class='ocr_carea' id='block_1_6' title="bbox 1964 2179 2055 2198">
    <p class='ocr_par' dir='ltr' id='par_1_50' title="bbox 1964 2179 2055 2198">
     <span class='ocr_line' id='line_1_85' title="bbox 1964 2179 2055 2198; baseline 0 -1"><span class='ocrx_word' id='word_1_653' title='bbox 1964 2179 2055 2198; x_wconf 80' lang='lat' dir='ltr'>Primum.</span> 
     </span>
    </p>
   </div>
   <div class='ocr_carea' id='block_1_7' title="bbox 808 2274 1317 2276">
    <p class='ocr_par' dir='ltr' id='par_1_51' title="bbox 808 2274 1317 2276">
     <span class='ocr_line' id='line_1_86' title="bbox 808 2274 1317 2276; baseline 0 0"><span class='ocrx_word' id='word_1_654' title='bbox 808 2274 1317 2276; x_wconf 95' lang='lat' dir='ltr'> </span> 
     </span>
    </p>
   </div>
   <div class='ocr_carea' id='block_1_8' title="bbox 195 2342 1046 3031">
    <p class='ocr_par' dir='ltr' id='par_1_52' title="bbox 195 2342 1046 2567">
     <span class='ocr_line' id='line_1_87' title="bbox 259 2342 1046 2373; baseline 0.001 -9"><span class='ocrx_word' id='word_1_655' title='bbox 259 2342 266 2355; x_wconf 88' lang='lat'>¹</span> <span class='ocrx_word' id='word_1_656' title='bbox 285 2343 350 2365; x_wconf 75' lang='lat' dir='ltr'>Vers.</span> <span class='ocrx_word' id='word_1_657' title='bbox 363 2343 384 2364; x_wconf 83' lang='lat'>3.</span> <span class='ocrx_word' id='word_1_658' title='bbox 397 2345 418 2364; x_wconf 89' lang='lat' dir='ltr'>et</span> <span class='ocrx_word' id='word_1_659' title='bbox 430 2342 451 2364; x_wconf 73' lang='grc' dir='ltr'>ὅ.</span> <span class='ocrx_word' id='word_1_660' title='bbox 464 2343 516 2371; x_wconf 76' lang='lat' dir='ltr'>Seq.</span> <span class='ocrx_word' id='word_1_661' title='bbox 528 2343 591 2365; x_wconf 87' lang='lat' dir='ltr'>locus</span> <span class='ocrx_word' id='word_1_662' title='bbox 603 2345 636 2364; x_wconf 84' lang='lat' dir='ltr'>est</span> <span class='ocrx_word' id='word_1_663' title='bbox 648 2343 695 2365; x_wconf 83' lang='lat' dir='ltr'>lsai.</span> <span class='ocrx_word' id='word_1_664' title='bbox 713 2343 749 2372; x_wconf 81' lang='grc'>16,</span> <span class='ocrx_word' id='word_1_665' title='bbox 765 2344 770 2365; x_wconf 93' lang='grc'>1</span> <span class='ocrx_word' id='word_1_666' title='bbox 782 2351 786 2371; x_wconf 87' lang='lat'>;</span> <span class='ocrx_word' id='word_1_667' title='bbox 799 2344 878 2366; x_wconf 84' lang='lat' dir='ltr'>tertius</span> <span class='ocrx_word' id='word_1_668' title='bbox 892 2345 951 2366; x_wconf 82' lang='lat' dir='ltr'>loan.</span> <span class='ocrx_word' id='word_1_669' title='bbox 968 2345 986 2372; x_wconf 72' lang='grc'>1,</span> <span class='ocrx_word' id='word_1_670' title='bbox 999 2345 1046 2373; x_wconf 56' lang='lat'>2⁹(</span> 
     </span>
     <span class='ocr_line' id='line_1_88' title="bbox 196 2380 1040 2411; baseline 0 -6"><span class='ocrx_word' id='word_1_671' title='bbox 196 2381 234 2405; x_wconf 85' lang='lat' dir='ltr'>uhi</span> <span class='ocrx_word' id='word_1_672' title='bbox 248 2382 345 2409; x_wconf 72' lang='lat' dir='ltr'>Vulgata</span> <span class='ocrx_word' id='word_1_673' title='bbox 358 2382 482 2410; x_wconf 75' lang='lat' dir='ltr'>peccatum</span> <span class='ocrx_word' id='word_1_674' title='bbox 499 2380 584 2403; x_wconf 80' lang='lat' dir='ltr'>mnndi</span> <span class='ocrx_word' id='word_1_675' title='bbox 595 2387 637 2409; x_wconf 83' lang='lat' dir='ltr'>pro</span> <span class='ocrx_word' id='word_1_676' title='bbox 646 2383 741 2411; x_wconf 80' lang='lat' dir='ltr'>peccata</span> <span class='ocrx_word' id='word_1_677' title='bbox 754 2381 844 2404; x_wconf 78' lang='lat' dir='ltr'>mnndi.</span> <span class='ocrx_word' id='word_1_678' title='bbox 856 2382 888 2405; x_wconf 76' lang='lat' dir='ltr'>De</span> <span class='ocrx_word' id='word_1_679' title='bbox 900 2383 973 2410; x_wconf 77' lang='lat' dir='ltr'>figura</span> <span class='ocrx_word' id='word_1_680' title='bbox 986 2383 1040 2410; x_wconf 82' lang='lat' dir='ltr'>agni</span> 
     </span>
     <span class='ocr_line' id='line_1_89' title="bbox 196 2420 1040 2449; baseline 0.001 -7"><span class='ocrx_word' id='word_1_681' title='bbox 196 2420 308 2449; x_wconf 82' lang='lat' dir='ltr'>paschalis</span> <span class='ocrx_word' id='word_1_682' title='bbox 325 2421 364 2442; x_wconf 76' lang='lat' dir='ltr'>etr.</span> <span class='ocrx_word' id='word_1_683' title='bbox 382 2421 419 2442; x_wconf 93' lang='lat' dir='ltr'>lV.</span> <span class='ocrx_word' id='word_1_684' title='bbox 436 2421 497 2442; x_wconf 73' lang='lat' dir='ltr'>sent.</span> <span class='ocrx_word' id='word_1_685' title='bbox 514 2420 537 2442; x_wconf 89' lang='lat' dir='ltr'>d.</span> <span class='ocrx_word' id='word_1_686' title='bbox 555 2421 577 2442; x_wconf 81' lang='lat'>8.</span> <span class='ocrx_word' id='word_1_687' title='bbox 594 2427 617 2448; x_wconf 87' lang='lat' dir='ltr'>p.</span> <span class='ocrx_word' id='word_1_688' title='bbox 634 2421 649 2442; x_wconf 89' lang='lat' dir='ltr'>l.</span> <span class='ocrx_word' id='word_1_689' title='bbox 666 2426 686 2442; x_wconf 91' lang='lat' dir='ltr'>a.</span> <span class='ocrx_word' id='word_1_690' title='bbox 707 2421 726 2443; x_wconf 88' lang='grc'>1,</span> <span class='ocrx_word' id='word_1_691' title='bbox 742 2427 764 2449; x_wconf 89' lang='lat' dir='ltr'>q.</span> <span class='ocrx_word' id='word_1_692' title='bbox 779 2421 798 2443; x_wconf 91' lang='grc'>1.</span> <span class='ocrx_word' id='word_1_693' title='bbox 815 2421 835 2443; x_wconf 91' lang='lat' dir='ltr'>iu</span> <span class='ocrx_word' id='word_1_694' title='bbox 853 2427 917 2449; x_wconf 89' lang='lat' dir='ltr'>corp.</span> <span class='ocrx_word' id='word_1_695' title='bbox 933 2424 956 2443; x_wconf 87' lang='lat' dir='ltr'>et</span> <span class='ocrx_word' id='word_1_696' title='bbox 972 2422 1001 2443; x_wconf 87' lang='lat' dir='ltr'>ad</span> <span class='ocrx_word' id='word_1_697' title='bbox 1020 2421 1040 2443; x_wconf 75' lang='lat'>4.</span> 
     </span>
     <span class='ocr_line' id='line_1_90' title="bbox 195 2458 1041 2489; baseline 0.002 -9"><span class='ocrx_word' id='word_1_698' title='bbox 195 2471 226 2476; x_wconf 97' lang='lat'><strong>—</strong></span> <span class='ocrx_word' id='word_1_699' title='bbox 243 2459 295 2481; x_wconf 80' lang='lat' dir='ltr'>Post</span> <span class='ocrx_word' id='word_1_700' title='bbox 308 2460 405 2487; x_wconf 76' lang='lat' dir='ltr'>peccata</span> <span class='ocrx_word' id='word_1_701' title='bbox 422 2458 507 2481; x_wconf 78' lang='lat' dir='ltr'>mundi</span> <span class='ocrx_word' id='word_1_702' title='bbox 523 2458 606 2481; x_wconf 83' lang='lat' dir='ltr'>Bonelli</span> <span class='ocrx_word' id='word_1_703' title='bbox 623 2459 782 2488; x_wconf 80' lang='lat' dir='ltr'>prosequitur:</span> <span class='ocrx_word' id='word_1_704' title='bbox 799 2459 828 2482; x_wconf 81' lang='lat' dir='ltr'>Et</span> <span class='ocrx_word' id='word_1_705' title='bbox 845 2459 900 2489; x_wconf 75' lang='lat' dir='ltr'>quia</span> <span class='ocrx_word' id='word_1_706' title='bbox 913 2465 991 2488; x_wconf 71' lang='lat' dir='ltr'>aquus</span> <span class='ocrx_word' id='word_1_707' title='bbox 1000 2466 1041 2488; x_wconf 78' lang='lat' dir='ltr'>pa—</span> 
     </span>
     <span class='ocr_line' id='line_1_91' title="bbox 195 2497 1040 2527; baseline 0 -6"><span class='ocrx_word' id='word_1_708' title='bbox 195 2498 289 2521; x_wconf 80' lang='lat' dir='ltr'>schalis.</span> <span class='ocrx_word' id='word_1_709' title='bbox 306 2498 399 2520; x_wconf 79' lang='lat' dir='ltr'>Inferius</span> <span class='ocrx_word' id='word_1_710' title='bbox 417 2498 448 2525; x_wconf 84' lang='lat' dir='ltr'>(u.</span> <span class='ocrx_word' id='word_1_711' title='bbox 466 2498 511 2526; x_wconf 78' lang='lat'>27.)</span> <span class='ocrx_word' id='word_1_712' title='bbox 531 2497 599 2520; x_wconf 82' lang='lat' dir='ltr'>habet</span> <span class='ocrx_word' id='word_1_713' title='bbox 616 2499 674 2521; x_wconf 81' lang='lat' dir='ltr'>Ante</span> <span class='ocrx_word' id='word_1_714' title='bbox 695 2504 816 2522; x_wconf 80' lang='lat' dir='ltr'>accessum</span> <span class='ocrx_word' id='word_1_715' title='bbox 838 2505 880 2527; x_wconf 89' lang='lat' dir='ltr'>pro</span> <span class='ocrx_word' id='word_1_716' title='bbox 899 2500 957 2522; x_wconf 75' lang='lat' dir='ltr'>Ante</span> <span class='ocrx_word' id='word_1_717' title='bbox 979 2499 1040 2522; x_wconf 87' lang='lat' dir='ltr'>enim</span> 
     </span>
     <span class='ocr_line' id='line_1_92' title="bbox 198 2536 893 2567; baseline 0 -8"><span class='ocrx_word' id='word_1_718' title='bbox 198 2543 269 2567; x_wconf 82' lang='lat' dir='ltr'>qaam</span> <span class='ocrx_word' id='word_1_719' title='bbox 286 2536 380 2560; x_wconf 70' lang='lat' dir='ltr'>accedat</span> <span class='ocrx_word' id='word_1_720' title='bbox 399 2537 437 2565; x_wconf 84' lang='lat' dir='ltr'>(ita</span> <span class='ocrx_word' id='word_1_721' title='bbox 455 2536 484 2565; x_wconf 82' lang='lat' dir='ltr'>C,</span> <span class='ocrx_word' id='word_1_722' title='bbox 501 2537 538 2559; x_wconf 83' lang='lat' dir='ltr'>alii</span> <span class='ocrx_word' id='word_1_723' title='bbox 555 2538 687 2566; x_wconf 78' lang='lat' dir='ltr'>Antequam</span> <span class='ocrx_word' id='word_1_724' title='bbox 703 2537 765 2560; x_wconf 82' lang='lat' dir='ltr'>enim</span> <span class='ocrx_word' id='word_1_725' title='bbox 782 2537 893 2567; x_wconf 79' lang='lat' dir='ltr'>accedat).</span> 
     </span>
    </p>

    <p class='ocr_par' dir='ltr' id='par_1_53' title="bbox 196 2574 1043 2799">
     <span class='ocr_line' id='line_1_93' title="bbox 258 2574 1040 2605; baseline 0.001 -8"><span class='ocrx_word' id='word_1_726' title='bbox 258 2574 267 2587; x_wconf 79' lang='lat'>²</span> <span class='ocrx_word' id='word_1_727' title='bbox 284 2577 338 2598; x_wconf 85' lang='lat' dir='ltr'>Loc.</span> <span class='ocrx_word' id='word_1_728' title='bbox 355 2576 391 2598; x_wconf 86' lang='lat' dir='ltr'>eit.</span> <span class='ocrx_word' id='word_1_729' title='bbox 407 2582 430 2597; x_wconf 81' lang='lat' dir='ltr'>v.</span> <span class='ocrx_word' id='word_1_730' title='bbox 442 2576 463 2597; x_wconf 85' lang='lat' dir='ltr'>G.</span> <span class='ocrx_word' id='word_1_731' title='bbox 475 2587 506 2592; x_wconf 94' lang='lat'><strong>—</strong></span> <span class='ocrx_word' id='word_1_732' title='bbox 518 2575 630 2603; x_wconf 84' lang='lat' dir='ltr'>Superius</span> <span class='ocrx_word' id='word_1_733' title='bbox 641 2579 663 2598; x_wconf 86' lang='lat' dir='ltr'>et</span> <span class='ocrx_word' id='word_1_734' title='bbox 674 2576 768 2604; x_wconf 83' lang='lat' dir='ltr'>deinde,</span> <span class='ocrx_word' id='word_1_735' title='bbox 780 2576 949 2604; x_wconf 80' lang='lat' dir='ltr'>refragantibus</span> <span class='ocrx_word' id='word_1_736' title='bbox 961 2577 1040 2605; x_wconf 57' lang='lat' dir='ltr'>cond„</span> 
     </span>
     <span class='ocr_line' id='line_1_94' title="bbox 198 2614 1041 2643; baseline 0.001 -6"><span class='ocrx_word' id='word_1_737' title='bbox 198 2615 281 2637; x_wconf 86' lang='lat' dir='ltr'>Bonelli</span> <span class='ocrx_word' id='word_1_738' title='bbox 293 2615 358 2642; x_wconf 89' lang='lat' dir='ltr'>ponit</span> <span class='ocrx_word' id='word_1_739' title='bbox 374 2614 577 2637; x_wconf 72' lang='lat' dir='ltr'>umversalimiem</span> <span class='ocrx_word' id='word_1_740' title='bbox 594 2621 637 2642; x_wconf 88' lang='lat' dir='ltr'>pro</span> <span class='ocrx_word' id='word_1_741' title='bbox 655 2615 843 2643; x_wconf 78' lang='lat' dir='ltr'>universitatem,</span> <span class='ocrx_word' id='word_1_742' title='bbox 856 2616 939 2637; x_wconf 90' lang='lat' dir='ltr'>omittit</span> <span class='ocrx_word' id='word_1_743' title='bbox 954 2615 1041 2638; x_wconf 79' lang='lat' dir='ltr'>verba:</span> 
     </span>
     <span class='ocr_line' id='line_1_95' title="bbox 198 2653 1041 2686; baseline 0 -9"><span class='ocrx_word' id='word_1_744' title='bbox 198 2654 251 2677; x_wconf 84' lang='lat' dir='ltr'>Non</span> <span class='ocrx_word' id='word_1_745' title='bbox 263 2653 325 2676; x_wconf 80' lang='lat' dir='ltr'>enim</span> <span class='ocrx_word' id='word_1_746' title='bbox 336 2653 471 2676; x_wconf 76' lang='lat' dir='ltr'>sacerdos...</span> <span class='ocrx_word' id='word_1_747' title='bbox 483 2655 518 2676; x_wconf 78' lang='lat' dir='ltr'>est</span> <span class='ocrx_word' id='word_1_748' title='bbox 533 2653 607 2683; x_wconf 83' lang='lat' dir='ltr'>quod,</span> <span class='ocrx_word' id='word_1_749' title='bbox 625 2660 651 2676; x_wconf 81' lang='lat' dir='ltr'>ac</span> <span class='ocrx_word' id='word_1_750' title='bbox 671 2660 713 2682; x_wconf 89' lang='lat' dir='ltr'>pro</span> <span class='ocrx_word' id='word_1_751' title='bbox 733 2654 819 2684; x_wconf 78' lang='lat' dir='ltr'>offerre</span> <span class='ocrx_word' id='word_1_752' title='bbox 840 2653 900 2686; x_wconf 66' lang='lat' dir='ltr'>[scil.</span> <span class='ocrx_word' id='word_1_753' title='bbox 920 2655 1041 2684; x_wconf 82' lang='lat' dir='ltr'>sacerdos]</span> 
     </span>
     <span class='ocr_line' id='line_1_96' title="bbox 196 2692 1043 2723; baseline 0.002 -8"><span class='ocrx_word' id='word_1_754' title='bbox 196 2693 260 2721; x_wconf 88' lang='lat' dir='ltr'>ponit</span> <span class='ocrx_word' id='word_1_755' title='bbox 277 2692 367 2722; x_wconf 77' lang='lat' dir='ltr'>offerri.</span> <span class='ocrx_word' id='word_1_756' title='bbox 380 2692 483 2720; x_wconf 84' lang='lat' dir='ltr'>Denique</span> <span class='ocrx_word' id='word_1_757' title='bbox 494 2692 577 2714; x_wconf 86' lang='lat' dir='ltr'>omittit</span> <span class='ocrx_word' id='word_1_758' title='bbox 590 2694 642 2720; x_wconf 85' lang='lat' dir='ltr'>post</span> <span class='ocrx_word' id='word_1_759' title='bbox 652 2692 802 2716; x_wconf 57' lang='lat' dir='ltr'>eminentium</span> <span class='ocrx_word' id='word_1_760' title='bbox 815 2692 885 2715; x_wconf 84' lang='lat' dir='ltr'>verba</span> <span class='ocrx_word' id='word_1_761' title='bbox 897 2695 918 2716; x_wconf 81' lang='lat' dir='ltr'>et</span> <span class='ocrx_word' id='word_1_762' title='bbox 933 2699 976 2723; x_wconf 81' lang='lat' dir='ltr'>per</span> <span class='ocrx_word' id='word_1_763' title='bbox 991 2700 1043 2717; x_wconf 74' lang='grc' dir='ltr'>τηα-</span> 
     </span>
     <span class='ocr_line' id='line_1_97' title="bbox 199 2731 1043 2759; baseline 0.002 -6"><span class='ocrx_word' id='word_1_764' title='bbox 199 2737 267 2754; x_wconf 84' lang='lat' dir='ltr'>nus...</span> <span class='ocrx_word' id='word_1_765' title='bbox 279 2732 439 2759; x_wconf 77' lang='lat' dir='ltr'>mortuorum,</span> <span class='ocrx_word' id='word_1_766' title='bbox 452 2734 473 2753; x_wconf 86' lang='lat' dir='ltr'>et</span> <span class='ocrx_word' id='word_1_767' title='bbox 485 2737 527 2759; x_wconf 91' lang='lat' dir='ltr'>pro</span> <span class='ocrx_word' id='word_1_768' title='bbox 540 2733 616 2753; x_wconf 85' lang='lat' dir='ltr'>nostra</span> <span class='ocrx_word' id='word_1_769' title='bbox 628 2731 723 2754; x_wconf 79' lang='lat' dir='ltr'>lectione</span> <span class='ocrx_word' id='word_1_770' title='bbox 736 2732 799 2759; x_wconf 84' lang='lat' dir='ltr'>ponit</span> <span class='ocrx_word' id='word_1_771' title='bbox 808 2732 953 2755; x_wconf 82' lang='lat' dir='ltr'>Sanctorum</span> <span class='ocrx_word' id='word_1_772' title='bbox 964 2734 986 2755; x_wconf 72' lang='lat' dir='ltr'>et</span> <span class='ocrx_word' id='word_1_773' title='bbox 998 2733 1043 2755; x_wconf 75' lang='lat' dir='ltr'>An-</span> 
     </span>
     <span class='ocr_line' id='line_1_98' title="bbox 198 2769 609 2799; baseline -0.005 -6"><span class='ocrx_word' id='word_1_774' title='bbox 198 2769 308 2799; x_wconf 67' lang='lat' dir='ltr'>yelorum</span> <span class='ocrx_word' id='word_1_775' title='bbox 325 2769 349 2792; x_wconf 82' lang='lat' dir='ltr'>iu</span> <span class='ocrx_word' id='word_1_776' title='bbox 367 2769 431 2792; x_wconf 77' lang='lat' dir='ltr'>caelo</span> <span class='ocrx_word' id='word_1_777' title='bbox 448 2769 609 2799; x_wconf 63' lang='lat' dir='ltr'>regnantium.</span> 
     </span>
    </p>

    <p class='ocr_par' dir='ltr' id='par_1_54' title="bbox 261 2806 1025 2836">
     <span class='ocr_line' id='line_1_99' title="bbox 261 2806 1025 2836; baseline 0.004 -6"><span class='ocrx_word' id='word_1_778' title='bbox 261 2806 270 2819; x_wconf 79' lang='lat'>⁵</span> <span class='ocrx_word' id='word_1_779' title='bbox 288 2809 340 2830; x_wconf 92' lang='lat' dir='ltr'>Loc.</span> <span class='ocrx_word' id='word_1_780' title='bbox 358 2808 395 2830; x_wconf 80' lang='lat' dir='ltr'>cit.</span> <span class='ocrx_word' id='word_1_781' title='bbox 417 2815 440 2831; x_wconf 93' lang='lat' dir='ltr'>v.</span> <span class='ocrx_word' id='word_1_782' title='bbox 458 2809 481 2831; x_wconf 89' lang='lat'>7.</span> <span class='ocrx_word' id='word_1_783' title='bbox 499 2821 529 2825; x_wconf 97' lang='lat'><strong>—</strong></span> <span class='ocrx_word' id='word_1_784' title='bbox 546 2809 642 2831; x_wconf 79' lang='lat' dir='ltr'>interius</span> <span class='ocrx_word' id='word_1_785' title='bbox 659 2815 700 2836; x_wconf 87' lang='lat' dir='ltr'>pro</span> <span class='ocrx_word' id='word_1_786' title='bbox 718 2808 740 2831; x_wconf 87' lang='lat' dir='ltr'>in</span> <span class='ocrx_word' id='word_1_787' title='bbox 758 2809 853 2832; x_wconf 82' lang='lat' dir='ltr'>domum</span> <span class='ocrx_word' id='word_1_788' title='bbox 872 2810 889 2832; x_wconf 82' lang='grc' dir='ltr'>Α</span> <span class='ocrx_word' id='word_1_789' title='bbox 907 2809 932 2832; x_wconf 82' lang='lat' dir='ltr'>in</span> <span class='ocrx_word' id='word_1_790' title='bbox 948 2809 1025 2833; x_wconf 84' lang='lat' dir='ltr'>domo.</span> 
     </span>
    </p>

    <p class='ocr_par' dir='ltr' id='par_1_55' title="bbox 199 2845 1043 2992">
     <span class='ocr_line' id='line_1_100' title="bbox 259 2845 1042 2875; baseline 0.005 -7"><span class='ocrx_word' id='word_1_791' title='bbox 259 2845 269 2858; x_wconf 75' lang='lat'><strong>⁴</strong></span> <span class='ocrx_word' id='word_1_792' title='bbox 286 2847 371 2869; x_wconf 86' lang='lat' dir='ltr'>Bonelli</span> <span class='ocrx_word' id='word_1_793' title='bbox 383 2847 419 2870; x_wconf 82' lang='lat' dir='ltr'>vel</span> <span class='ocrx_word' id='word_1_794' title='bbox 430 2847 554 2875; x_wconf 76' lang='lat' dir='ltr'>maiestas,</span> <span class='ocrx_word' id='word_1_795' title='bbox 571 2850 593 2869; x_wconf 87' lang='lat' dir='ltr'>et</span> <span class='ocrx_word' id='word_1_796' title='bbox 609 2848 667 2869; x_wconf 84' lang='lat' dir='ltr'>intra</span> <span class='ocrx_word' id='word_1_797' title='bbox 684 2850 735 2870; x_wconf 84' lang='lat' dir='ltr'>ante</span> <span class='ocrx_word' id='word_1_798' title='bbox 752 2848 903 2871; x_wconf 80' lang='lat' dir='ltr'>sacramenti</span> <span class='ocrx_word' id='word_1_799' title='bbox 920 2848 1042 2872; x_wconf 76' lang='lat' dir='ltr'>veritatem</span> 
     </span>
     <span class='ocr_line' id='line_1_101' title="bbox 200 2885 1043 2916; baseline 0.004 -9"><span class='ocrx_word' id='word_1_800' title='bbox 200 2885 312 2908; x_wconf 81' lang='lat' dir='ltr'>interserit</span> <span class='ocrx_word' id='word_1_801' title='bbox 329 2885 410 2913; x_wconf 81' lang='lat' dir='ltr'>homo,</span> <span class='ocrx_word' id='word_1_802' title='bbox 432 2885 487 2916; x_wconf 79' lang='lat' dir='ltr'>fidei</span> <span class='ocrx_word' id='word_1_803' title='bbox 503 2885 571 2914; x_wconf 80' lang='lat' dir='ltr'>luce,·</span> <span class='ocrx_word' id='word_1_804' title='bbox 589 2892 658 2913; x_wconf 88' lang='lat' dir='ltr'>porro</span> <span class='ocrx_word' id='word_1_805' title='bbox 679 2892 721 2913; x_wconf 86' lang='lat' dir='ltr'>pro</span> <span class='ocrx_word' id='word_1_806' title='bbox 744 2886 837 2916; x_wconf 60' lang='lat' dir='ltr'>counita</span> <span class='ocrx_word' id='word_1_807' title='bbox 859 2886 956 2910; x_wconf 78' lang='lat' dir='ltr'>veritate</span> <span class='ocrx_word' id='word_1_808' title='bbox 979 2888 1043 2915; x_wconf 90' lang='lat' dir='ltr'>ponit</span> 
     </span>
     <span class='ocr_line' id='line_1_102' title="bbox 199 2923 1041 2955; baseline 0.002 -8"><span class='ocrx_word' id='word_1_809' title='bbox 199 2923 293 2953; x_wconf 66' lang='lat' dir='ltr'>counita</span> <span class='ocrx_word' id='word_1_810' title='bbox 312 2923 425 2952; x_wconf 78' lang='lat' dir='ltr'>bonitate,</span> <span class='ocrx_word' id='word_1_811' title='bbox 437 2930 480 2946; x_wconf 87' lang='lat' dir='ltr'>nec</span> <span class='ocrx_word' id='word_1_812' title='bbox 491 2931 536 2947; x_wconf 89' lang='lat' dir='ltr'>non</span> <span class='ocrx_word' id='word_1_813' title='bbox 548 2931 590 2952; x_wconf 87' lang='lat' dir='ltr'>pro</span> <span class='ocrx_word' id='word_1_814' title='bbox 607 2924 698 2954; x_wconf 73' lang='lat' dir='ltr'>coquito</span> <span class='ocrx_word' id='word_1_815' title='bbox 718 2924 810 2950; x_wconf 66' lang='lat' dir='ltr'>Christo</span> <span class='ocrx_word' id='word_1_816' title='bbox 828 2932 901 2955; x_wconf 73' lang='lat' dir='ltr'>passo</span> <span class='ocrx_word' id='word_1_817' title='bbox 922 2925 990 2948; x_wconf 85' lang='lat' dir='ltr'>hahet</span> <span class='ocrx_word' id='word_1_818' title='bbox 1007 2932 1041 2949; x_wconf 88' lang='lat' dir='ltr'>co·</span> 
     </span>
     <span class='ocr_line' id='line_1_103' title="bbox 199 2961 841 2992; baseline 0.002 -7"><span class='ocrx_word' id='word_1_819' title='bbox 199 2962 264 2992; x_wconf 60' lang='lat' dir='ltr'>unita</span> <span class='ocrx_word' id='word_1_820' title='bbox 284 2961 363 2991; x_wconf 71' lang='lat' dir='ltr'>ylario</span> <span class='ocrx_word' id='word_1_821' title='bbox 383 2962 471 2985; x_wconf 72' lang='lat' dir='ltr'>Christi</span> <span class='ocrx_word' id='word_1_822' title='bbox 485 2962 565 2992; x_wconf 74' lang='lat' dir='ltr'>passi,</span> <span class='ocrx_word' id='word_1_823' title='bbox 585 2963 753 2991; x_wconf 80' lang='lat' dir='ltr'>refragantibus</span> <span class='ocrx_word' id='word_1_824' title='bbox 772 2964 841 2987; x_wconf 84' lang='lat' dir='ltr'>codd.</span> 
     </span>
    </p>

    <p class='ocr_par' dir='ltr' id='par_1_56' title="bbox 258 2999 1041 3031">
     <span class='ocr_line' id='line_1_104' title="bbox 258 2999 1041 3031; baseline 0.005 -9"><span class='ocrx_word' id='word_1_825' title='bbox 258 2999 267 3012; x_wconf 82' lang='lat'>⁶</span> <span class='ocrx_word' id='word_1_826' title='bbox 284 3001 337 3022; x_wconf 83' lang='lat' dir='ltr'>Loc.</span> <span class='ocrx_word' id='word_1_827' title='bbox 350 3000 386 3022; x_wconf 85' lang='lat' dir='ltr'>cit.</span> <span class='ocrx_word' id='word_1_828' title='bbox 398 3008 421 3023; x_wconf 83' lang='lat' dir='ltr'>v.</span> <span class='ocrx_word' id='word_1_829' title='bbox 433 3002 494 3023; x_wconf 79' lang='grc'>8.-</span> <span class='ocrx_word' id='word_1_830' title='bbox 503 3002 597 3024; x_wconf 77' lang='lat' dir='ltr'>inferius</span> <span class='ocrx_word' id='word_1_831' title='bbox 609 3002 729 3030; x_wconf 74' lang='lat' dir='ltr'>respicitur</span> <span class='ocrx_word' id='word_1_832' title='bbox 745 3003 798 3025; x_wconf 88' lang='lat' dir='ltr'>Lev.</span> <span class='ocrx_word' id='word_1_833' title='bbox 811 3004 832 3030; x_wconf 80' lang='lat'>6,</span> <span class='ocrx_word' id='word_1_834' title='bbox 846 3004 883 3025; x_wconf 77' lang='lat'>12:</span> <span class='ocrx_word' id='word_1_835' title='bbox 897 3003 956 3031; x_wconf 80' lang='lat' dir='ltr'>lgnis</span> <span class='ocrx_word' id='word_1_836' title='bbox 965 3006 1041 3026; x_wconf 88' lang='lat' dir='ltr'>autem</span> 
     </span>
    </p>
   </div>
   <div class='ocr_carea' id='block_1_9' title="bbox 290 3047 601 3071">
    <p class='ocr_par' dir='ltr' id='par_1_57' title="bbox 290 3047 601 3071">
     <span class='ocr_line' id='line_1_105' title="bbox 290 3047 601 3071; baseline 0.003 -1"><span class='ocrx_word' id='word_1_837' title='bbox 290 3047 315 3070; x_wconf 83' lang='lat'>5.</span> <span class='ocrx_word' id='word_1_838' title='bbox 334 3047 424 3070; x_wconf 77' lang='lat' dir='ltr'>Bonav&#39;.</span> <span class='ocrx_word' id='word_1_839' title='bbox 439 3060 471 3065; x_wconf 90' lang='lat'><em>-</em></span> <span class='ocrx_word' id='word_1_840' title='bbox 488 3049 555 3071; x_wconf 72' lang='lat' dir='ltr'>Toni.</span> <span class='ocrx_word' id='word_1_841' title='bbox 573 3049 601 3071; x_wconf 85' lang='lat' dir='ltr'>V.</span> 
     </span>
    </p>
   </div>
   <div class='ocr_carea' id='block_1_10' title="bbox 1067 2345 1074 3030">
    <p class='ocr_par' dir='ltr' id='par_1_58' title="bbox 1067 2345 1074 3030">
     <span class='ocr_line' id='line_1_106' title="bbox 1067 2345 1074 3030; baseline 0 0"><span class='ocrx_word' id='word_1_842' title='bbox 1067 2345 1074 3030; x_wconf 95' lang='lat' dir='ltr'> </span> 
     </span>
    </p>
   </div>
   <div class='ocr_carea' id='block_1_11' title="bbox 1098 2344 1945 3075">
    <p class='ocr_par' dir='ltr' id='par_1_59' title="bbox 1098 2344 1945 2490">
     <span class='ocr_line' id='line_1_107' title="bbox 1098 2344 1945 2375; baseline 0.005 -9"><span class='ocrx_word' id='word_1_843' title='bbox 1098 2345 1119 2366; x_wconf 90' lang='lat' dir='ltr'>in</span> <span class='ocrx_word' id='word_1_844' title='bbox 1137 2344 1201 2367; x_wconf 83' lang='lat' dir='ltr'>altari</span> <span class='ocrx_word' id='word_1_845' title='bbox 1218 2350 1309 2372; x_wconf 82' lang='lat' dir='ltr'>semper</span> <span class='ocrx_word' id='word_1_846' title='bbox 1326 2344 1428 2372; x_wconf 71' lang='lat' dir='ltr'>ardebit,</span> <span class='ocrx_word' id='word_1_847' title='bbox 1445 2351 1515 2373; x_wconf 83' lang='lat' dir='ltr'>quem</span> <span class='ocrx_word' id='word_1_848' title='bbox 1533 2346 1617 2369; x_wconf 81' lang='lat' dir='ltr'>nutriet</span> <span class='ocrx_word' id='word_1_849' title='bbox 1639 2347 1759 2375; x_wconf 71' lang='lat' dir='ltr'>sacerdos,</span> <span class='ocrx_word' id='word_1_850' title='bbox 1777 2347 1902 2370; x_wconf 83' lang='lat' dir='ltr'>subiiciens</span> <span class='ocrx_word' id='word_1_851' title='bbox 1920 2349 1945 2370; x_wconf 92' lang='lat' dir='ltr'>li-</span> 
     </span>
     <span class='ocr_line' id='line_1_108' title="bbox 1098 2383 1944 2413; baseline 0.006 -9"><span class='ocrx_word' id='word_1_852' title='bbox 1098 2389 1143 2410; x_wconf 79' lang='lat' dir='ltr'>gna</span> <span class='ocrx_word' id='word_1_853' title='bbox 1157 2388 1224 2404; x_wconf 84' lang='lat' dir='ltr'>mane</span> <span class='ocrx_word' id='word_1_854' title='bbox 1236 2389 1276 2410; x_wconf 86' lang='lat' dir='ltr'>per</span> <span class='ocrx_word' id='word_1_855' title='bbox 1288 2383 1391 2410; x_wconf 83' lang='lat' dir='ltr'>singulos</span> <span class='ocrx_word' id='word_1_856' title='bbox 1410 2383 1466 2406; x_wconf 81' lang='lat' dir='ltr'>(lies.</span> <span class='ocrx_word' id='word_1_857' title='bbox 1484 2396 1515 2401; x_wconf 90' lang='lat'>—-</span> <span class='ocrx_word' id='word_1_858' title='bbox 1532 2384 1575 2407; x_wconf 80' lang='lat' dir='ltr'>Csr.</span> <span class='ocrx_word' id='word_1_859' title='bbox 1597 2385 1751 2413; x_wconf 82' lang='lat' dir='ltr'>interpretatio</span> <span class='ocrx_word' id='word_1_860' title='bbox 1771 2386 1840 2408; x_wconf 86' lang='lat' dir='ltr'>huius</span> <span class='ocrx_word' id='word_1_861' title='bbox 1860 2387 1901 2409; x_wconf 86' lang='lat' dir='ltr'>loci</span> <span class='ocrx_word' id='word_1_862' title='bbox 1923 2387 1944 2409; x_wconf 90' lang='lat' dir='ltr'>in</span> 
     </span>
     <span class='ocr_line' id='line_1_109' title="bbox 1098 2421 1944 2450; baseline 0.007 -8"><span class='ocrx_word' id='word_1_863' title='bbox 1098 2427 1180 2449; x_wconf 81' lang='lat' dir='ltr'>opusc.</span> <span class='ocrx_word' id='word_1_864' title='bbox 1196 2422 1225 2443; x_wconf 90' lang='lat' dir='ltr'>de</span> <span class='ocrx_word' id='word_1_865' title='bbox 1238 2422 1280 2443; x_wconf 77' lang='lat' dir='ltr'>Sex</span> <span class='ocrx_word' id='word_1_866' title='bbox 1293 2421 1339 2443; x_wconf 79' lang='lat' dir='ltr'>Alis</span> <span class='ocrx_word' id='word_1_867' title='bbox 1351 2422 1485 2450; x_wconf 77' lang='lat' dir='ltr'>Seraphim,</span> <span class='ocrx_word' id='word_1_868' title='bbox 1497 2428 1517 2445; x_wconf 84' lang='lat' dir='ltr'>c.</span> <span class='ocrx_word' id='word_1_869' title='bbox 1529 2424 1551 2445; x_wconf 77' lang='lat'>8.</span> <span class='ocrx_word' id='word_1_870' title='bbox 1563 2435 1593 2440; x_wconf 92' lang='lat'>—</span> <span class='ocrx_word' id='word_1_871' title='bbox 1605 2424 1691 2446; x_wconf 86' lang='lat' dir='ltr'>Deinde</span> <span class='ocrx_word' id='word_1_872' title='bbox 1706 2425 1791 2447; x_wconf 86' lang='lat' dir='ltr'>Bonelli</span> <span class='ocrx_word' id='word_1_873' title='bbox 1803 2424 1884 2448; x_wconf 80' lang='lat' dir='ltr'>debent</span> <span class='ocrx_word' id='word_1_874' title='bbox 1894 2431 1944 2448; x_wconf 84' lang='lat' dir='ltr'>car-</span> 
     </span>
     <span class='ocr_line' id='line_1_110' title="bbox 1099 2459 1945 2490; baseline 0.006 -8"><span class='ocrx_word' id='word_1_875' title='bbox 1099 2466 1139 2483; x_wconf 77' lang='lat' dir='ltr'>nes</span> <span class='ocrx_word' id='word_1_876' title='bbox 1150 2466 1192 2488; x_wconf 87' lang='lat' dir='ltr'>pro</span> <span class='ocrx_word' id='word_1_877' title='bbox 1205 2459 1317 2484; x_wconf 70' lang='lat' dir='ltr'>dicuntur</span> <span class='ocrx_word' id='word_1_878' title='bbox 1326 2466 1418 2487; x_wconf 81' lang='lat' dir='ltr'>carnes,</span> <span class='ocrx_word' id='word_1_879' title='bbox 1430 2461 1494 2490; x_wconf 80' lang='lat' dir='ltr'>quod</span> <span class='ocrx_word' id='word_1_880' title='bbox 1507 2461 1591 2484; x_wconf 85' lang='lat' dir='ltr'>habent</span> <span class='ocrx_word' id='word_1_881' title='bbox 1603 2462 1619 2485; x_wconf 91' lang='lat' dir='ltr'>C</span> <span class='ocrx_word' id='word_1_882' title='bbox 1627 2463 1653 2489; x_wconf 76' lang='grc' dir='ltr'>Ε,</span> <span class='ocrx_word' id='word_1_883' title='bbox 1662 2463 1703 2485; x_wconf 89' lang='lat' dir='ltr'>sed</span> <span class='ocrx_word' id='word_1_884' title='bbox 1715 2464 1733 2485; x_wconf 84' lang='grc' dir='ltr'>Α</span> <span class='ocrx_word' id='word_1_885' title='bbox 1743 2463 1843 2487; x_wconf 72' lang='lat' dir='ltr'>dicimus</span> <span class='ocrx_word' id='word_1_886' title='bbox 1852 2470 1945 2487; x_wconf 78' lang='lat' dir='ltr'>carnes.</span> 
     </span>
    </p>

    <p class='ocr_par' dir='ltr' id='par_1_60' title="bbox 1098 2497 1945 2764">
     <span class='ocr_line' id='line_1_111' title="bbox 1162 2497 1942 2532; baseline 0.006 -11"><span class='ocrx_word' id='word_1_887' title='bbox 1162 2497 1171 2510; x_wconf 80' lang='lat'>‘¹</span> <span class='ocrx_word' id='word_1_888' title='bbox 1189 2499 1257 2527; x_wconf 81' lang='lat' dir='ltr'>Epist.</span> <span class='ocrx_word' id='word_1_889' title='bbox 1276 2500 1290 2522; x_wconf 94' lang='lat' dir='ltr'>l.</span> <span class='ocrx_word' id='word_1_890' title='bbox 1307 2499 1358 2522; x_wconf 82' lang='lat' dir='ltr'>Cor.</span> <span class='ocrx_word' id='word_1_891' title='bbox 1374 2500 1408 2527; x_wconf 72' lang='lat' dir='ltr'>ll,</span> <span class='ocrx_word' id='word_1_892' title='bbox 1421 2500 1443 2522; x_wconf 85' lang='lat'>3.</span> <span class='ocrx_word' id='word_1_893' title='bbox 1461 2501 1547 2523; x_wconf 83' lang='lat' dir='ltr'>Deinde</span> <span class='ocrx_word' id='word_1_894' title='bbox 1564 2502 1685 2529; x_wconf 83' lang='lat' dir='ltr'>respicitur</span> <span class='ocrx_word' id='word_1_895' title='bbox 1701 2502 1758 2525; x_wconf 89' lang='lat' dir='ltr'>Tob.</span> <span class='ocrx_word' id='word_1_896' title='bbox 1771 2503 1795 2531; x_wconf 80' lang='lat'>6,</span> <span class='ocrx_word' id='word_1_897' title='bbox 1809 2503 1856 2532; x_wconf 57' lang='lat'>24,</span> <span class='ocrx_word' id='word_1_898' title='bbox 1870 2503 1908 2526; x_wconf 88' lang='lat' dir='ltr'>ubi</span> <span class='ocrx_word' id='word_1_899' title='bbox 1922 2505 1942 2526; x_wconf 93' lang='lat' dir='ltr'>in</span> 
     </span>
     <span class='ocr_line' id='line_1_112' title="bbox 1099 2537 1944 2567; baseline 0.006 -7"><span class='ocrx_word' id='word_1_900' title='bbox 1099 2538 1178 2560; x_wconf 81' lang='lat' dir='ltr'>Glossa</span> <span class='ocrx_word' id='word_1_901' title='bbox 1191 2537 1316 2561; x_wconf 79' lang='lat' dir='ltr'>ordinaria</span> <span class='ocrx_word' id='word_1_902' title='bbox 1327 2539 1408 2561; x_wconf 85' lang='lat' dir='ltr'>eadem</span> <span class='ocrx_word' id='word_1_903' title='bbox 1421 2540 1543 2567; x_wconf 73' lang='lat' dir='ltr'>expositiO,</span> <span class='ocrx_word' id='word_1_904' title='bbox 1555 2540 1595 2562; x_wconf 87' lang='lat' dir='ltr'>sed</span> <span class='ocrx_word' id='word_1_905' title='bbox 1608 2540 1711 2563; x_wconf 77' lang='lat' dir='ltr'>diffusior</span> <span class='ocrx_word' id='word_1_906' title='bbox 1721 2541 1818 2564; x_wconf 85' lang='lat' dir='ltr'>habetur</span> <span class='ocrx_word' id='word_1_907' title='bbox 1829 2548 1882 2564; x_wconf 89' lang='lat' dir='ltr'>cum</span> <span class='ocrx_word' id='word_1_908' title='bbox 1895 2549 1944 2565; x_wconf 86' lang='lat' dir='ltr'>ver—</span> 
     </span>
     <span class='ocr_line' id='line_1_113' title="bbox 1099 2576 1945 2610; baseline 0.007 -12"><span class='ocrx_word' id='word_1_909' title='bbox 1099 2576 1135 2599; x_wconf 83' lang='lat' dir='ltr'>bis</span> <span class='ocrx_word' id='word_1_910' title='bbox 1147 2583 1159 2598; x_wconf 83' lang='lat' dir='ltr'>a</span> <span class='ocrx_word' id='word_1_911' title='bbox 1172 2577 1254 2599; x_wconf 83' lang='lat' dir='ltr'>Bonelli</span> <span class='ocrx_word' id='word_1_912' title='bbox 1267 2581 1345 2600; x_wconf 81' lang='lat' dir='ltr'>contra</span> <span class='ocrx_word' id='word_1_913' title='bbox 1358 2578 1427 2600; x_wconf 88' lang='lat' dir='ltr'>codd.</span> <span class='ocrx_word' id='word_1_914' title='bbox 1439 2578 1542 2601; x_wconf 83' lang='lat' dir='ltr'>omissis:</span> <span class='ocrx_word' id='word_1_915' title='bbox 1559 2579 1732 2609; x_wconf 78' lang='lat' dir='ltr'>manifestando</span> <span class='ocrx_word' id='word_1_916' title='bbox 1748 2580 1798 2603; x_wconf 80' lang='lat' dir='ltr'>eius</span> <span class='ocrx_word' id='word_1_917' title='bbox 1816 2581 1945 2610; x_wconf 67' lang='lat' dir='ltr'>nequitias,-</span> 
     </span>
     <span class='ocr_line' id='line_1_114' title="bbox 1098 2615 1944 2644; baseline 0.007 -7"><span class='ocrx_word' id='word_1_918' title='bbox 1098 2615 1139 2644; x_wconf 87' lang='lat' dir='ltr'>qui</span> <span class='ocrx_word' id='word_1_919' title='bbox 1151 2616 1219 2638; x_wconf 84' lang='lat' dir='ltr'>etiam</span> <span class='ocrx_word' id='word_1_920' title='bbox 1231 2617 1338 2644; x_wconf 83' lang='lat' dir='ltr'>superius</span> <span class='ocrx_word' id='word_1_921' title='bbox 1350 2623 1392 2644; x_wconf 88' lang='lat' dir='ltr'>pro</span> <span class='ocrx_word' id='word_1_922' title='bbox 1404 2616 1429 2639; x_wconf 82' lang='lat' dir='ltr'>in</span> <span class='ocrx_word' id='word_1_923' title='bbox 1440 2619 1547 2640; x_wconf 76' lang='lat' dir='ltr'>assumto</span> <span class='ocrx_word' id='word_1_924' title='bbox 1559 2617 1652 2641; x_wconf 81' lang='lat' dir='ltr'>homine</span> <span class='ocrx_word' id='word_1_925' title='bbox 1667 2618 1694 2641; x_wconf 78' lang='lat' dir='ltr'>de</span> <span class='ocrx_word' id='word_1_926' title='bbox 1706 2618 1756 2642; x_wconf 84' lang='lat' dir='ltr'>loco</span> <span class='ocrx_word' id='word_1_927' title='bbox 1768 2619 1800 2642; x_wconf 84' lang='lat' dir='ltr'>ad</span> <span class='ocrx_word' id='word_1_928' title='bbox 1809 2619 1887 2643; x_wconf 80' lang='lat' dir='ltr'>locam</span> <span class='ocrx_word' id='word_1_929' title='bbox 1896 2626 1944 2643; x_wconf 88' lang='lat' dir='ltr'>am-</span> 
     </span>
     <span class='ocr_line' id='line_1_115' title="bbox 1101 2653 1942 2686; baseline 0.007 -10"><span class='ocrx_word' id='word_1_930' title='bbox 1101 2653 1191 2678; x_wconf 68' lang='lat' dir='ltr'>halavit</span> <span class='ocrx_word' id='word_1_931' title='bbox 1207 2655 1276 2678; x_wconf 85' lang='lat' dir='ltr'>habet</span> <span class='ocrx_word' id='word_1_932' title='bbox 1291 2655 1314 2678; x_wconf 83' lang='lat' dir='ltr'>in</span> <span class='ocrx_word' id='word_1_933' title='bbox 1332 2662 1404 2679; x_wconf 79' lang='lat' dir='ltr'>carne</span> <span class='ocrx_word' id='word_1_934' title='bbox 1415 2657 1523 2679; x_wconf 79' lang='lat' dir='ltr'>assumta</span> <span class='ocrx_word' id='word_1_935' title='bbox 1540 2656 1647 2680; x_wconf 77' lang='lat' dir='ltr'>localiter</span> <span class='ocrx_word' id='word_1_936' title='bbox 1658 2657 1800 2686; x_wconf 80' lang='lat' dir='ltr'>ambulavit,</span> <span class='ocrx_word' id='word_1_937' title='bbox 1813 2662 1835 2681; x_wconf 91' lang='lat' dir='ltr'>et</span> <span class='ocrx_word' id='word_1_938' title='bbox 1849 2659 1942 2682; x_wconf 82' lang='lat' dir='ltr'>interius</span> 
     </span>
     <span class='ocr_line' id='line_1_116' title="bbox 1100 2693 1943 2726; baseline 0.006 -10"><span class='ocrx_word' id='word_1_939' title='bbox 1100 2699 1142 2721; x_wconf 86' lang='lat' dir='ltr'>pro</span> <span class='ocrx_word' id='word_1_940' title='bbox 1160 2693 1215 2723; x_wconf 77' lang='lat' dir='ltr'>quia</span> <span class='ocrx_word' id='word_1_941' title='bbox 1228 2694 1308 2717; x_wconf 87' lang='lat' dir='ltr'>omnia</span> <span class='ocrx_word' id='word_1_942' title='bbox 1321 2694 1384 2718; x_wconf 79' lang='lat' dir='ltr'>debet</span> <span class='ocrx_word' id='word_1_943' title='bbox 1394 2694 1492 2725; x_wconf 73' lang='lat' dir='ltr'>fideliter</span> <span class='ocrx_word' id='word_1_944' title='bbox 1505 2695 1606 2724; x_wconf 69' lang='lat' dir='ltr'>credm&#39;e,</span> <span class='ocrx_word' id='word_1_945' title='bbox 1621 2696 1691 2719; x_wconf 77' lang='lat' dir='ltr'>etiam</span> <span class='ocrx_word' id='word_1_946' title='bbox 1708 2697 1762 2725; x_wconf 74' lang='lat' dir='ltr'>legit</span> <span class='ocrx_word' id='word_1_947' title='bbox 1773 2697 1797 2720; x_wconf 67' lang='lat' dir='ltr'>iil</span> <span class='ocrx_word' id='word_1_948' title='bbox 1808 2699 1848 2726; x_wconf 70' lang='lat' dir='ltr'>est,</span> <span class='ocrx_word' id='word_1_949' title='bbox 1862 2698 1943 2721; x_wconf 83' lang='lat' dir='ltr'>omnia</span> 
     </span>
     <span class='ocr_line' id='line_1_117' title="bbox 1099 2731 1694 2764; baseline 0.005 -9"><span class='ocrx_word' id='word_1_950' title='bbox 1099 2731 1164 2755; x_wconf 76' lang='lat' dir='ltr'>(lebet</span> <span class='ocrx_word' id='word_1_951' title='bbox 1179 2739 1234 2756; x_wconf 78' lang='lat' dir='ltr'>cum</span> <span class='ocrx_word' id='word_1_952' title='bbox 1245 2734 1335 2763; x_wconf 77' lang='lat' dir='ltr'>affectu</span> <span class='ocrx_word' id='word_1_953' title='bbox 1353 2734 1459 2758; x_wconf 60' lang='lat' dir='ltr'>caritates</span> <span class='ocrx_word' id='word_1_954' title='bbox 1475 2734 1577 2764; x_wconf 81' lang='lat' dir='ltr'>firmiter</span> <span class='ocrx_word' id='word_1_955' title='bbox 1594 2735 1694 2759; x_wconf 77' lang='lat' dir='ltr'>credere.</span> 
     </span>
    </p>

    <p class='ocr_par' dir='ltr' id='par_1_61' title="bbox 1099 2770 1943 2880">
     <span class='ocr_line' id='line_1_118' title="bbox 1162 2770 1942 2805; baseline 0.006 -11"><span class='ocrx_word' id='word_1_956' title='bbox 1162 2770 1170 2783; x_wconf 93' lang='lat'>⁷</span> <span class='ocrx_word' id='word_1_957' title='bbox 1188 2773 1240 2794; x_wconf 83' lang='lat' dir='ltr'>Loc.</span> <span class='ocrx_word' id='word_1_958' title='bbox 1257 2773 1295 2805; x_wconf 70' lang='lat' dir='ltr'>cit.</span> <span class='ocrx_word' id='word_1_959' title='bbox 1313 2780 1334 2795; x_wconf 94' lang='lat' dir='ltr'>v.</span> <span class='ocrx_word' id='word_1_960' title='bbox 1349 2774 1386 2796; x_wconf 85' lang='grc'>10.</span> <span class='ocrx_word' id='word_1_961' title='bbox 1403 2786 1433 2790; x_wconf 94' lang='grc'><strong>-</strong></span> <span class='ocrx_word' id='word_1_962' title='bbox 1451 2774 1562 2802; x_wconf 86' lang='lat' dir='ltr'>Superius</span> <span class='ocrx_word' id='word_1_963' title='bbox 1574 2781 1615 2802; x_wconf 89' lang='lat' dir='ltr'>pro</span> <span class='ocrx_word' id='word_1_964' title='bbox 1627 2775 1812 2804; x_wconf 74' lang='lat' dir='ltr'>colliyationem,</span> <span class='ocrx_word' id='word_1_965' title='bbox 1828 2775 1942 2799; x_wconf 73' lang='lat' dir='ltr'>Divinitas</span> 
     </span>
     <span class='ocr_line' id='line_1_119' title="bbox 1099 2809 1943 2842; baseline 0.006 -11"><span class='ocrx_word' id='word_1_966' title='bbox 1099 2811 1132 2832; x_wconf 80' lang='lat' dir='ltr'>est</span> <span class='ocrx_word' id='word_1_967' title='bbox 1149 2809 1181 2832; x_wconf 78' lang='lat' dir='ltr'>ibi</span> <span class='ocrx_word' id='word_1_968' title='bbox 1192 2811 1274 2833; x_wconf 80' lang='lat' dir='ltr'>Bonelli</span> <span class='ocrx_word' id='word_1_969' title='bbox 1291 2811 1466 2841; x_wconf 79' lang='lat' dir='ltr'>colliqantiam,</span> <span class='ocrx_word' id='word_1_970' title='bbox 1479 2812 1563 2836; x_wconf 71' lang='lat' dir='ltr'>Deitas.</span> <span class='ocrx_word' id='word_1_971' title='bbox 1582 2825 1613 2830; x_wconf 89' lang='lat'>—</span> <span class='ocrx_word' id='word_1_972' title='bbox 1630 2814 1662 2836; x_wconf 87' lang='lat' dir='ltr'>De</span> <span class='ocrx_word' id='word_1_973' title='bbox 1674 2814 1723 2842; x_wconf 87' lang='lat' dir='ltr'>ipsa</span> <span class='ocrx_word' id='word_1_974' title='bbox 1736 2814 1836 2836; x_wconf 71' lang='lat' dir='ltr'>doctrina</span> <span class='ocrx_word' id='word_1_975' title='bbox 1855 2815 1894 2836; x_wconf 84' lang='lat' dir='ltr'>csr.</span> <span class='ocrx_word' id='word_1_976' title='bbox 1906 2814 1943 2836; x_wconf 89' lang='lat' dir='ltr'>lV.</span> 
     </span>
     <span class='ocr_line' id='line_1_120' title="bbox 1101 2849 1453 2880; baseline 0.011 -10"><span class='ocrx_word' id='word_1_977' title='bbox 1101 2850 1163 2871; x_wconf 79' lang='lat' dir='ltr'>Sent.</span> <span class='ocrx_word' id='word_1_978' title='bbox 1175 2849 1198 2871; x_wconf 90' lang='lat' dir='ltr'>d.</span> <span class='ocrx_word' id='word_1_979' title='bbox 1211 2850 1248 2872; x_wconf 81' lang='grc'>11.</span> <span class='ocrx_word' id='word_1_980' title='bbox 1259 2857 1282 2878; x_wconf 93' lang='lat' dir='ltr'>p.</span> <span class='ocrx_word' id='word_1_981' title='bbox 1294 2851 1318 2873; x_wconf 96' lang='lat' dir='ltr'>ll.</span> <span class='ocrx_word' id='word_1_982' title='bbox 1330 2857 1349 2873; x_wconf 87' lang='lat' dir='ltr'>a.</span> <span class='ocrx_word' id='word_1_983' title='bbox 1364 2852 1383 2874; x_wconf 88' lang='grc'>1.</span> <span class='ocrx_word' id='word_1_984' title='bbox 1396 2858 1418 2880; x_wconf 82' lang='lat' dir='ltr'>q.</span> <span class='ocrx_word' id='word_1_985' title='bbox 1433 2851 1453 2874; x_wconf 76' lang='lat'>4.</span> 
     </span>
    </p>

    <p class='ocr_par' dir='ltr' id='par_1_62' title="bbox 1098 2886 1942 3036">
     <span class='ocr_line' id='line_1_121' title="bbox 1162 2886 1941 2919; baseline 0.003 -9"><span class='ocrx_word' id='word_1_986' title='bbox 1162 2886 1171 2899; x_wconf 65' lang='grc' dir='ltr'>Β</span> <span class='ocrx_word' id='word_1_987' title='bbox 1188 2887 1244 2911; x_wconf 88' lang='lat' dir='ltr'>lhid.</span> <span class='ocrx_word' id='word_1_988' title='bbox 1256 2896 1279 2911; x_wconf 93' lang='lat' dir='ltr'>v.</span> <span class='ocrx_word' id='word_1_989' title='bbox 1292 2890 1299 2911; x_wconf 88' lang='grc'>1</span> <span class='ocrx_word' id='word_1_990' title='bbox 1310 2890 1328 2912; x_wconf 94' lang='lat' dir='ltr'>l.</span> <span class='ocrx_word' id='word_1_991' title='bbox 1339 2902 1370 2907; x_wconf 86' lang='lat'>—</span> <span class='ocrx_word' id='word_1_992' title='bbox 1383 2891 1494 2918; x_wconf 83' lang='lat' dir='ltr'>Superius</span> <span class='ocrx_word' id='word_1_993' title='bbox 1511 2894 1563 2919; x_wconf 82' lang='lat' dir='ltr'>post</span> <span class='ocrx_word' id='word_1_994' title='bbox 1578 2891 1743 2914; x_wconf 72' lang='lat' dir='ltr'>continentiam</span> <span class='ocrx_word' id='word_1_995' title='bbox 1763 2891 1845 2913; x_wconf 82' lang='lat' dir='ltr'>Bonelli</span> <span class='ocrx_word' id='word_1_996' title='bbox 1860 2890 1941 2913; x_wconf 84' lang='lat' dir='ltr'>omittit</span> 
     </span>
     <span class='ocr_line' id='line_1_122' title="bbox 1099 2926 1942 2958; baseline 0.004 -10"><span class='ocrx_word' id='word_1_997' title='bbox 1099 2926 1170 2949; x_wconf 84' lang='lat' dir='ltr'>verba</span> <span class='ocrx_word' id='word_1_998' title='bbox 1183 2926 1207 2949; x_wconf 82' lang='lat' dir='ltr'>in</span> <span class='ocrx_word' id='word_1_999' title='bbox 1218 2927 1303 2957; x_wconf 77' lang='lat' dir='ltr'>affecta</span> <span class='ocrx_word' id='word_1_1000' title='bbox 1315 2929 1456 2953; x_wconf 79' lang='lat' dir='ltr'>munditiam</span> <span class='ocrx_word' id='word_1_1001' title='bbox 1469 2936 1542 2958; x_wconf 81' lang='lat' dir='ltr'>usque</span> <span class='ocrx_word' id='word_1_1002' title='bbox 1554 2930 1578 2952; x_wconf 81' lang='lat' dir='ltr'>in</span> <span class='ocrx_word' id='word_1_1003' title='bbox 1590 2936 1662 2953; x_wconf 74' lang='lat' dir='ltr'>carne</span> <span class='ocrx_word' id='word_1_1004' title='bbox 1670 2929 1847 2957; x_wconf 70' lang='lat' dir='ltr'>continentiam,</span> <span class='ocrx_word' id='word_1_1005' title='bbox 1860 2932 1881 2951; x_wconf 88' lang='lat' dir='ltr'>et</span> <span class='ocrx_word' id='word_1_1006' title='bbox 1891 2933 1942 2957; x_wconf 81' lang='lat' dir='ltr'>post</span> 
     </span>
     <span class='ocr_line' id='line_1_123' title="bbox 1098 2965 1941 2996; baseline 0.001 -8"><span class='ocrx_word' id='word_1_1007' title='bbox 1098 2965 1224 2995; x_wconf 64' lang='lat' dir='ltr'>accingetis</span> <span class='ocrx_word' id='word_1_1008' title='bbox 1235 2967 1315 2989; x_wconf 84' lang='lat' dir='ltr'>iterum</span> <span class='ocrx_word' id='word_1_1009' title='bbox 1325 2973 1337 2989; x_wconf 85' lang='lat' dir='ltr'>a</span> <span class='ocrx_word' id='word_1_1010' title='bbox 1348 2968 1375 2990; x_wconf 78' lang='lat' dir='ltr'>ln</span> <span class='ocrx_word' id='word_1_1011' title='bbox 1385 2967 1480 2991; x_wconf 76' lang='lat' dir='ltr'>renibus</span> <span class='ocrx_word' id='word_1_1012' title='bbox 1490 2974 1564 2996; x_wconf 80' lang='lat' dir='ltr'>usque</span> <span class='ocrx_word' id='word_1_1013' title='bbox 1573 2969 1602 2991; x_wconf 89' lang='lat' dir='ltr'>ad</span> <span class='ocrx_word' id='word_1_1014' title='bbox 1614 2968 1779 2991; x_wconf 82' lang='lat' dir='ltr'>continentiam</span> <span class='ocrx_word' id='word_1_1015' title='bbox 1786 2986 1791 2995; x_wconf 90' lang='lat'>,</span> <span class='ocrx_word' id='word_1_1016' title='bbox 1801 2967 1941 2990; x_wconf 81' lang='lat' dir='ltr'>substituens</span> 
     </span>
     <span class='ocr_line' id='line_1_124' title="bbox 1101 3005 1879 3036; baseline 0.004 -9"><span class='ocrx_word' id='word_1_1017' title='bbox 1101 3005 1173 3028; x_wconf 76' lang='lat' dir='ltr'>Renes</span> <span class='ocrx_word' id='word_1_1018' title='bbox 1190 3005 1291 3035; x_wconf 76' lang='lat' dir='ltr'>accz‘nyit</span> <span class='ocrx_word' id='word_1_1019' title='bbox 1308 3006 1371 3036; x_wconf 79' lang='lat' dir='ltr'>qui...</span> <span class='ocrx_word' id='word_1_1020' title='bbox 1386 3007 1513 3036; x_wconf 73' lang='lat' dir='ltr'>restinynit</span> <span class='ocrx_word' id='word_1_1021' title='bbox 1530 3007 1661 3035; x_wconf 84' lang='lat' dir='ltr'>(perperam</span> <span class='ocrx_word' id='word_1_1022' title='bbox 1680 3014 1721 3035; x_wconf 90' lang='lat' dir='ltr'>pro</span> <span class='ocrx_word' id='word_1_1023' title='bbox 1739 3007 1879 3036; x_wconf 60' lang='lat' dir='ltr'>resti-inqu).</span> 
     </span>
    </p>

    <p class='ocr_par' dir='ltr' id='par_1_63' title="bbox 1816 3054 1841 3075">
     <span class='ocr_line' id='line_1_125' title="bbox 1816 3054 1841 3075; baseline 0 0"><span class='ocrx_word' id='word_1_1024' title='bbox 1816 3054 1841 3075; x_wconf 86' lang='grc'>71</span> 
     </span>
    </p>
   </div>
  </div>
 </body>
</html>
/div>
 </body>
</html>
