2285 3398
56 484 114 510 neap.
130 483 154 501 ad
168 484 184 501 l.

70 507 173 525 obiectum.

57 995 77 1013 lu
79 995 102 1013 da
92 1001 137 1014 aeus
146 1001 187 1019 qui-

70 1018 135 1037 damr
127 1020 187 1043 re-epl

69 1368 185 1387 Notandum.

58 1695 118 1721 timp.
132 1694 156 1713 ad
169 1694 186 1713 Ξ.

74 1719 175 1737 obiectum.

59 1881 131 1905 Duplex
143 1881 187 1900 ado-

95 1906 150 1923 ratio.

755 256 797 285 DE
820 257 928 286 DECEM
950 249 1142 285 *PRAECEPTis
1163 256 1225 284 (301
1229 257 1245 285 l
1249 256 1323 285 ATlO
1347 257 1385 285 ΙΙΙ.

202 337 316 366 adorare
331 337 502 374 corporalem
518 339 661 370 naturam,
675 334 786 369 dicunt,
801 335 875 372 quod
897 335 1044 363 adoramus

204 384 322 412 frustum
337 384 433 421 panis,
449 386 476 412 et
491 384 542 411 hoe
557 383 677 411 maxime
693 382 801 411 videtur
822 382 861 411 eis
882 381 1042 410 absurdum.

284 432 326 459 10.
357 430 392 459 Λᾶ
418 431 553 467 primum,
575 430 648 466 quod
669 432 827 466 opponunt,
855 428 928 466 quod
949 428 1044 456 adore-

204 485 265 506 mus
287 480 343 506 tres
363 477 446 511 deos;
467 477 543 511 dico,
565 476 639 512 quod
660 476 682 504 si
703 476 883 504 adoraremus
905 479 961 503 tres
982 482 1044 511 per-

203 531 297 558 sonas,
319 524 356 552 ita
377 523 451 560 quod
471 522 642 555 diceremus,
664 522 737 559 qnod
759 522 795 551 ibi
816 524 907 551 essent
932 524 987 550 tres
1007 520 1044 549 dii

203 573 229 598 et
250 570 351 607 triplex
373 570 509 603 essentia;
532 569 685 597 necessario
705 572 860 606 oporteret,
883 568 956 606 quod
980 568 1045 596 ado-

204 624 329 645 raremus
350 619 406 645 tres
425 616 499 645 deos.
521 615 572 644 Sed
594 623 643 644 nos
665 616 814 644 adoramus
836 616 941 644 Patrem
963 615 1045 643 911ῗί-

204 664 270 692 lium
291 666 318 692 et
339 663 470 700 Spiritum
492 664 634 696 sanctum,
655 671 742 691 unum
760 663 846 691 Deum
861 665 888 691 et
903 670 986 690 unam
1002 670 1044 690 es-

203 710 316 739 sentiam
326 733 333 744 ,
354 710 401 739 sed
416 712 472 738 tres
486 717 625 746 personas.
642 710 716 738 Unde
731 710 802 738 sieut
817 709 956 743 videmus,
971 709 1044 746 quod

205 757 230 785 in
253 757 363 785 homine
384 759 426 785 est
449 756 593 793 pluralitas
614 760 794 791 naturarum,
817 756 919 785 scilicet
940 756 1044 785 intelle-

203 804 300 832 ctualis
320 806 348 832 et
367 802 534 840 corporalis,
561 807 589 831 et
609 805 700 831 tamen
721 812 775 832 non
796 807 837 832 est
858 803 894 832 ibi
917 803 968 832 nisi
990 812 1045 832 una

205 858 337 886 persona,
359 849 397 878 sie
417 851 529 878 econtra
550 849 576 877 in
597 849 697 878 divinis
724 853 766 879 est
792 850 884 879 unitas
911 851 1044 880 essentiae

203 900 229 926 et
250 897 394 933 pluralitas
413 904 603 933 personarum.

284 944 326 971 11.
354 943 428 990 Dixit
455 942 566 979 quidam
595 943 728 971 ludaeus:
758 943 811 972 Vos
838 943 942 977 dicitis,
971 943 1044 980 quod

204 990 276 1019 Deus
291 990 373 1018 habet
388 989 490 1023 silium,
506 997 593 1025 quare
608 997 660 1018 non
676 989 746 1029 datis
760 989 783 1018 ei
800 997 918 1018 uxorem
930 993 940 1018 ἶ)
951 1006 988 1011 -
1000 990 1044 1018 lsti

203 1037 292 1066 ludaei
314 1036 443 1065 vilissime
465 1035 628 1073 intelligunt.
644 1036 718 1065 Deus
731 1036 810 1064 Pater
825 1036 908 1065 habet
923 1037 1044 1065 Verbum

202 1086 230 1113 et
257 1083 388 1120 Spiritum
416 1086 557 1112 sanctum:
580 1083 701 1111 Verbum
729 1081 840 1119 quidem
870 1083 967 1116 habet,
995 1091 1045 1119 per

202 1130 275 1168 quod
296 1130 388 1159 omnia
408 1129 510 1163 secit¹;
533 1132 560 1158 et
581 1129 712 1165 Spiritum
734 1131 859 1157 sanctum
883 1129 980 1162 habet,
996 1137 1045 1165 per

202 1185 284 1214 quem
306 1176 397 1205 omnia
417 1179 569 1205 conservat.
592 1176 713 1205 Verbum
743 1177 835 1203 manat
855 1182 871 1202 a
891 1175 997 1203 dicente
1018 1177 1045 1202 et

201 1226 243 1253 est
264 1224 336 1252 Deus
355 1223 389 1252 (le
410 1223 474 1251 Deo.
496 1223 626 1251 Similiter
647 1222 765 1259 Spiritus
786 1224 897 1249 sanetus
922 1220 1044 1257 spiratur

202 1278 218 1299 a
239 1270 317 1299 Patre
338 1273 365 1299 et
385 1268 450 1298 Filio
470 1272 498 1298 et
517 1271 560 1298 est
580 1269 653 1298 Deus
674 1272 700 1298 et
721 1268 749 1297 in
763 1267 834 1307 Deo.
857 1267 936 1296 Solus
960 1266 1045 1304 Spiri-

203 1320 248 1346 tus
270 1320 380 1345 sanctus
401 1319 456 1350 est,
471 1316 519 1353 qui
534 1316 670 1353 profunda
684 1314 808 1344 cordium
823 1312 966 1343 serutatur
977 1314 1003 1348 ²,
1018 1316 1045 1343 et

204 1363 249 1392 ille
262 1366 304 1392 est
317 1363 399 1392 Deus.
415 1379 452 1384 —
468 1362 542 1392 Unde
563 1362 658 1397 homo,
673 1361 720 1399 qui
739 1361 791 1390 ista
811 1361 871 1389 vult
892 1361 1045 1398 intelligere

203 1413 230 1439 et
250 1409 284 1438 de
304 1409 363 1438 istis
383 1409 473 1446 loqui,
494 1411 604 1446 oportet
623 1408 696 1445 quod
723 1407 823 1436 habeat
849 1407 1045 1436 elevatissimas

204 1456 394 1494 cogitationes,
415 1464 470 1484 non
491 1455 649 1493 pedestres;
670 1455 750 1483 aliter
774 1454 847 1483 enim
875 1462 929 1482 non
957 1456 1046 1491 potest

204 1503 355 1540 intelligere
375 1502 507 1531 altissima
526 1501 560 1543 de
580 1502 644 1530 Deo.
673 1501 788 1538 Quando
816 1501 888 1530 enim
917 1501 1046 1538 ponimus

203 1550 379 1583 Trmitatem‚
394 1557 448 1578 non
467 1549 595 1586 ponimus
608 1549 748 1577 Christum
771 1549 908 1577 hominem
925 1557 1044 1585 purum,

204 1596 251 1626 sed
271 1597 358 1625 Deum
380 1604 444 1625 eum
466 1596 583 1624 homine..
636 1616 640 1620 .

284 1644 326 1671 12.
357 1643 395 1671 De
427 1642 562 1676 secundo,
594 1641 668 1679 quod
699 1642 800 1671 dicitur
817 1653 822 1670 :
856 1641 920 1670 Non
952 1641 1046 1679 facies

203 1689 347 1727 sculptile,
374 1691 532 1726 opponunt,
561 1688 634 1725 quod
665 1688 780 1717 facimus
811 1689 953 1725 sculptile,
981 1689 1046 1725 quia

204 1736 337 1765 habemus
357 1735 451 1772 plures
472 1735 604 1772 imagines
624 1735 651 1763 in
672 1734 794 1763 ecclesiis
821 1734 941 1767 nostris;
969 1733 1045 1767 dico,

203 1782 277 1820 quod
297 1782 465 1819 impossibile
478 1785 532 1815 est,
547 1781 722 1809 Divinitatem
743 1781 829 1817 sculpi
843 1791 849 1815 ;
869 1780 915 1809 sed
930 1780 1046 1809 facimus

203 1829 321 1866 effigiem
342 1828 459 1862 Christi,
487 1828 605 1862 Christi,
632 1827 708 1861 dieo,
734 1820 903 1861 humanati,
925 1830 952 1856 et
972 1827 1046 1855 illam

203 1875 360 1904 adoramus.
383 1891 419 1895 —
441 1874 492 1903 Sed
520 1873 727 1911 intelligendum
755 1877 812 1907 est,
840 1873 914 1910 quod
941 1873 1046 1909 duplex

203 1925 245 1951 est
272 1921 413 1950 adoratio:
442 1920 593 1958 quaedam,
617 1928 691 1957 ¹quae
718 1920 819 1949 dieitur
844 1920 957 1953 (tuliae,
979 1920 1046 1953 alia,

204 1977 275 2007 quae
295 1969 396 1997 dicitur
422 1968 527 1996 latriae
538 1967 558 1995 ⁸.
588 1966 749 1995 Adoratione
776 1966 873 1995 duliae
899 1974 1047 2003 possumus

204 2016 321 2045 adorare
342 2022 452 2048 omnes,
474 2014 500 2042 in
522 2013 625 2051 quibus
645 2016 686 2041 est
703 2016 846 2050 potestas,
860 2013 1007 2050 sapientia
1020 2016 1047 2041 et

203 2062 365 2094 samniam
386 2061 465 2090 etsie
480 2060 629 2089 adoramus
648 2059 800 2096 principes,
820 2060 969 2097 praelatos,
991 2068 1047 2088 ma-

204 2109 304 2147 gistros
325 2112 455 2145 tanquam
478 2107 553 2141 illos,
576 2107 603 2135 in
624 2106 726 2143 quibus
747 2110 788 2135 est
805 2110 932 2143 potestas
952 2110 979 2136 et
999 2115 1047 2136 sa-

203 2155 334 2191 pientia,-
354 2155 419 2183 item
440 2154 500 2183 illos
521 2154 567 2190 qui
594 2153 696 2182 habent
718 2154 908 2196 excellentiam
925 2153 1048 2192 proplie-

205 2202 278 2236 tiae,
299 2204 331 2229 ut
352 2201 427 2234 illos,
450 2200 477 2228 in
498 2200 601 2237 quibus
621 2202 662 2228 est
682 2200 832 2237 sapientia;
861 2205 888 2230 et
909 2201 946 2230 sic
967 2202 1047 2239 quin-

204 2247 390 2285 quagenarius
411 2247 456 2275 ille
479 2246 607 2283 princeps
627 2246 750 2276 adoravit
772 2240 856 2276 Etiam
867 2249 887 2276 ⁴.
908 2265 946 2269 —
968 2249 1046 2284 ltem,

204 2294 352 2323 adoramus
373 2293 410 2322 sic
432 2294 558 2327 sanctos,
580 2293 628 2330 qui
648 2298 713 2322 sunt
740 2294 766 2323 in
794 2295 899 2331 patria,
924 2295 995 2324 sicut
1016 2296 1047 2324 il—

206 2341 262 2375 los,
277 2341 304 2369 in
320 2340 423 2378 quibus
437 2343 479 2369 est
492 2341 634 2369 sanctitas
654 2341 763 2370 eximia.
778 2359 817 2363 —
829 2342 958 2371 Similiter
979 2343 1047 2371 ima-

205 2387 316 2425 ginibus
334 2387 490 2416 exhibenda
504 2390 545 2416 est
558 2387 681 2416 adoratio
701 2388 814 2422 duliae,
836 2397 889 2417 non
912 2389 939 2417 in
960 2397 1047 2426 quan-

206 2437 265 2462 tum
286 2436 328 2462 est
348 2433 453 2470 imago,
475 2433 518 2461 vel
538 2433 662 2470 pictura,
684 2433 731 2462 sed
753 2434 858 2463 ratione
879 2434 952 2464 illius
974 2435 1048 2472 quod

205 2488 255 2517 per
276 2480 362 2516 ipsam
382 2479 561 2516 significatur.
578 2495 614 2500 —
629 2479 682 2508 Soli
700 2483 792 2509 autem
814 2481 870 2510 Deo
891 2481 1048 2510 exhibenda

205 2529 247 2555 est
267 2526 390 2555 adoratio
412 2526 524 2555 latriae.

1884 257 1939 284 517

1184 335 1225 362 11
1250 334 1287 363 De
1309 335 1405 368 tertio,
1427 335 1500 372 quod
1521 338 1664 372 opponunt
1684 338 1711 363 et
1731 334 1805 371 quod
1820 334 1940 362 maxime
1959 339 2085 382 ιιέειιηῶιξηῑί

1102 381 1267 415 abhorrent,
1290 381 1392 410 seilicet
1413 381 1446 410 de
1468 389 1582 418 corpore
1606 381 1723 415 Christi,
1753 381 1804 408 hoc
1829 379 1880 408 suit
1901 388 1942 408 se-
2066 377 2069 381 ’

1102 428 1302 462 eretissiinum,
1318 428 1364 456 sed
1381 428 1462 456 modo
1475 431 1516 457 est
1530 428 1659 457 omnibus
1680 427 1892 464 promulgatum.
1906 442 1942 447 —

1103 475 1252 511 Aliquando
1273 476 1407 503 dixerunt
1427 475 1527 511 aliqui,
1549 474 1623 511 quod
1644 483 1698 503 non
1720 477 1791 503 esset
1812 473 1848 502 ibi
1870 473 1943 501 Deus
1961 478 2088 525 itxgffligrre-

1102 522 1152 550 nisi
1181 523 1253 551 sieut
1280 522 1306 550 in
1336 522 1414 558 signo
1426 522 1445 550 ⁶.
1475 522 1525 551 Sed
1554 521 1759 558 intelligendum
1788 523 1845 554 est,
1870 519 1944 556 quod
2067 516 2070 519 ⁴

1101 569 1134 597 ad
1163 569 1343 605 prolationem
1372 568 1447 597 verbi
1477 569 1626 597 sacerdotis
1647 571 1674 597 et
1699 567 1877 597 intentionem
1904 566 1945 594 di-

1101 616 1187 644 centis
1208 615 1361 644 substantia
1382 615 1460 652 panis
1480 616 1571 644 statim
1590 615 1762 644 convertitur
1791 614 1818 642 in
1847 621 1944 642 verum

1101 671 1203 699 corpus
1223 662 1340 696 Christi,
1362 662 1435 699 quod
1458 663 1540 691 habet
1561 663 1665 690 unitam
1687 662 1806 690 animam
1821 669 1884 689 eum
1900 660 1945 689 Di-

1102 709 1229 743 vinitate;
1258 712 1285 737 et
1313 709 1364 737 noe
1388 712 1430 737 est
1450 709 1571 745 planum.
1596 725 1630 728 —
1653 708 1704 737 Sed
1725 708 1790 736 dicit
1811 707 1944 736 Iudaeus:

1101 754 1239 792 quomodo
1260 758 1348 792 potest
1370 755 1421 783 hoc
1442 758 1526 784 esse?
1547 755 1626 789 Dico,
1646 750 1719 792 quod
1735 754 1779 783 ille
1794 754 1840 791 qui
1857 755 1945 790 potest

1101 810 1230 839 separare
1251 802 1431 831 substantiam
1453 802 1488 830 ab
1508 802 1710 836 accidentibus,
1733 804 1822 838 potest
1842 800 1944 834 facere,

1101 849 1175 886 quod
1196 857 1249 877 non
1271 852 1403 885 appareat
1423 849 1576 877 substantia
1594 848 1721 877 sensibus
1735 847 1852 881 nostris,
1874 854 1944 884 quae

1100 899 1141 924 est
1162 896 1214 924 sub
1234 895 1421 924 accidentibus
1442 895 1544 924 alienis.
1567 895 1642 924 Unde
1662 895 1739 928 dico,
1761 894 1834 931 quod
1849 894 1945 923 adora-

1101 945 1163 970 mus
1184 950 1280 971 verum
1303 950 1405 979 corpus
1419 942 1519 971 Christi
1535 945 1562 971 et
1576 942 1663 971 Deum
1679 941 1784 970 trinum
1800 943 1828 969 et
1841 948 1945 975 unum;

1100 992 1128 1018 et
1148 989 1175 1017 in
1198 986 1249 1017 hee
1270 989 1360 1018 virtus
1380 989 1443 1023 Dei,
1466 988 1601 1026 potentia,
1626 988 1758 1026 sapientia
1784 991 1811 1016 et
1838 987 1946 1016 bonitas

1100 1035 1319 1064 manifestantur.
1341 1035 1393 1064 Sed
1414 1035 1531 1064 Iudaeus
1550 1038 1641 1069 errat,
1662 1035 1710 1072 qui
1732 1034 1849 1072 pedestri
1865 1034 1947 1062 inodo

1101 1082 1189 1110 eredit
1209 1082 1311 1110 sentire
1332 1082 1365 1110 de
1386 1082 1447 1110 hoc.
1931 1075 1935 1080 ’

1182 1129 1227 1156 14.
1248 1128 1361 1162 Audivi,
1383 1128 1457 1164 quod
1485 1128 1537 1156 ruit
1564 1127 1675 1164 quidam
1703 1128 1856 1156 incantator
1883 1127 1946 1155 dae-

1101 1182 1224 1203 monum.
1246 1174 1369 1210 Quadam
1389 1174 1449 1207 die,
1471 1182 1535 1202 cum
1564 1174 1704 1202 invocaret
1731 1174 1891 1202 daemonem
1919 1173 1946 1202 in

1100 1221 1191 1249 medio
1217 1220 1409 1257 quorundam,
1436 1220 1483 1257 qui
1505 1220 1634 1248 volebant
1654 1220 1757 1257 aliquid
1778 1228 1794 1248 a
1814 1220 1947 1249 daemone

1101 1267 1267 1303 impetrare;
1290 1266 1417 1295 transivit
1437 1266 1550 1303 quidam
1571 1266 1699 1295 sacerdos
1719 1270 1832 1303 portans
1846 1273 1947 1304 corpus

1100 1313 1215 1348 Christi,
1236 1316 1263 1342 et
1284 1313 1375 1342 statim
1397 1313 1538 1342 inclinavit
1565 1321 1594 1342 se
1616 1313 1646 1342 'ei
1668 1313 1799 1348 daemon,
1821 1314 1947 1343 similiter

1101 1361 1129 1390 in
1151 1360 1299 1390 redeundo.
1322 1360 1354 1389 Et
1373 1360 1445 1389 dixit
1465 1361 1637 1389 incantator:
1659 1361 1732 1390 unde
1752 1361 1828 1391 hoc?
1854 1361 1948 1390 Prohi-

1101 1406 1185 1436 buisti
1205 1406 1289 1440 mibi,
1311 1414 1345 1435 ne
1366 1406 1478 1435 adorem
1499 1406 1656 1440 Christum,
1678 1410 1705 1436 et
1720 1410 1749 1436 tu
1764 1407 1883 1437 adoras?
1898 1408 1948 1436 Re-

1101 1453 1211 1491 spondit
1230 1453 1365 1482 daemon:
1387 1453 1490 1482 invitus
1511 1453 1570 1482 feci
1593 1454 1687 1483 Nonne
1707 1454 1842 1491 seriptum
1864 1454 1946 1483 est⁸z

1103 1502 1137 1530 ln
1165 1501 1279 1529 nomine
1307 1501 1373 1529 lesu
1400 1509 1482 1529 omne
1508 1509 1584 1538 qenu
1607 1489 1742 1538 fisci-atur
1763 1501 1945 1536 caelestium,

1102 1548 1286 1577 terrestrium
1313 1551 1338 1576 ec
1366 1546 1577 1585 inferimrum?
1598 1564 1635 1569 —
1657 1548 1709 1577 Ista
1734 1548 1806 1577 dicta
1828 1552 1892 1578 sunt
1913 1549 1946 1578 de

1102 1595 1193 1632 primo
1212 1594 1350 1623 mandato.

1184 1643 1226 1670 15.
1249 1641 1314 1670 Non
1335 1649 1467 1670 assumes
1493 1650 1597 1670 nomen
1618 1643 1672 1671 Dez
1697 1643 1742 1671 tui
1767 1643 1796 1671 in
1825 1651 1945 1671 vanum.
1972 1645 2093 1688 &agg-¹¹52:

1102 1688 1178 1717 Sicut
1198 1688 1225 1716 in
1247 1688 1336 1724 primo
1357 1688 1485 1716 mandato
1506 1688 1676 1725 praecipitur
1697 1688 1816 1718 humilis
1839 1690 1948 1719 adora-
1961 1674 2023 1711 ΕΠ·-

1103 1735 1141 1763 tio
1162 1741 1288 1762 summae
1311 1734 1473 1767 maiestatis,
1495 1734 1533 1763 sic
1554 1734 1582 1762 in
1603 1735 1655 1763 isto
1676 1735 1805 1764 mandato
1826 1736 1948 1765 secunde

1102 1780 1271 1817 praecipitur
1290 1779 1384 1816 fidelis
1398 1779 1539 1817 confessio
1553 1789 1678 1811 summae
1692 1782 1828 1817 veritatis,
1843 1786 1870 1812 et
1884 1791 1947 1820 pro-

1103 1827 1215 1855 hibetur
1235 1827 1379 1863 abnegatio
1394 1827 1525 1856 veritatis.
1548 1828 1576 1856 ln
1597 1829 1683 1857 veteri
1698 1831 1861 1859 testamento
1875 1830 1886 1847 ⁷
1906 1830 1947 1859 di-
1965 1833 2077 1860 Prohssiewr

1103 1873 1191 1907 citur,
1213 1873 1286 1910 quod
1308 1873 1365 1910 qui
1381 1873 1455 1902 iurat
1475 1874 1503 1902 in
1531 1875 1642 1904 nomine
1662 1875 1710 1904 Dei
1738 1875 1812 1904 iuret
1839 1879 1866 1905 et
1893 1885 1948 1906 non
1965 1862 2075 1881 mmm

1103 1920 1235 1957 periuret.
1258 1920 1423 1949 Periurare
1444 1921 1517 1950 enim
1538 1921 1609 1950 idem
1630 1925 1686 1956 est,
1708 1922 1781 1960 quod
1801 1923 1947 1960 peierare,

1103 1969 1131 1996 et
1151 1967 1204 1996 hoe
1224 1970 1266 1997 est
1285 1976 1389 1996 nomen
1404 1968 1456 1997 Dei
1476 1969 1507 1997 in
1521 1977 1632 1997 vanum
1653 1978 1809 1998 assumere.
1825 1987 1864 1991 —
1878 1971 1948 2000 Iere—

1104 2014 1195 2044 mias⁸
1215 2015 1296 2043 dicit:
1319 2016 1354 2043 Et
1374 2015 1506 2059 iurabis:
1529 2016 1598 2045 vivit
1613 2016 1756 2045 Dominus
1777 2017 1808 2046 iu
1828 2018 1948 2047 veritate
1960 2021 2006 2062 Τῐξᾷ
1997 2021 2081 2063 sovgnffl·

1103 2067 1129 2091 et
1150 2062 1181 2090 in
1203 2061 1313 2091 iudicio
1333 2066 1359 2090 et
1379 2062 1553 2096 iniustitia
1574 2066 1601 2092 et
1620 2063 1687 2092 dicit
1700 2064 1736 2092 ibi
1751 2064 1860 2099 Glossa,
1874 2065 1948 2102 quod

1109 2109 1325 2138 «iuramentum
1345 2109 1426 2138 debet
1440 2109 1543 2139 habere
1564 2113 1620 2139 tres
1641 2111 1769 2140 comites.
1785 2112 1947 2146 veritatem,

1105 2156 1249 2185 iudicium
1270 2158 1297 2184 et
1317 2155 1462 2185 iustitiam
1475 2168 1502 2185 »

1185 2203 1228 2231 16.
1251 2203 1356 2237 Primo,
1378 2203 1454 2238 dico,
1475 2203 1556 2233 debet
1581 2204 1640 2233 fieri
1665 2204 1852 2234 iuramentum
1880 2208 2094 2250 cumssstuctlou-

1103 2249 1244 2283 veritate,-
1264 2249 1337 2278 unde
1357 2249 1441 2278 dicit:
1468 2250 1533 2279 Non
1556 2259 1688 2280 assumes
1709 2260 1811 2281 nomen
1833 2252 1886 2281 Dei
1905 2252 1949 2281 tui

1104 2297 1135 2325 in
1155 2305 1284 2330 vanum,
1306 2297 1357 2325 hoc
1378 2300 1420 2325 est
1440 2297 1502 2326 sine
1528 2298 1655 2327 veritate.
1676 2316 1714 2320 —
1738 2299 1945 2337 Intelligendum

1961 710 2046 730 Obleciin
2062 716 2090 729 re-

1983 734 2059 753 tollitur.

1962 1132 2086 1151 Confirmamr
2096 1140 2098 1142 v

1975 1156 2066 1180 exemplo.

1093 2337 1145 2372 ¹est
1165 2347 1274 2377 autem,
1295 2343 1370 2380 quod
1384 2346 1426 2372 est
1439 2344 1543 2381 duplex
1565 2345 1767 2380 iuramentum,
1783 2346 1885 2375 scilicet
1899 2355 1946 2375 as-

1103 2389 1261 2418 sertorium
1281 2393 1309 2418 et
1326 2390 1569 2427 promissorium,
1592 2391 1629 2419 ita
1648 2391 1722 2429 quod
1744 2395 1784 2420 est
1809 2391 1944 2429 quoddam

1104 2436 1291 2464 iuramentum
1312 2436 1339 2464 in
1362 2436 1572 2471 testimonium,
1600 2437 1738 2474 quoddam
1766 2438 1793 2466 in
1818 2438 1945 2475 promis—

1103 2491 1178 2511 sum.
1193 2482 1381 2511 Iuramentum
1396 2484 1589 2512 assertor-ium
1603 2484 1641 2513 sic
1656 2484 1703 2523 sitq
1718 2484 1769 2513 hoe
1785 2484 1832 2513 tibi
1851 2492 1944 2513 assero

1103 2532 1130 2557 et
1151 2529 1281 2558 testificor
1302 2537 1352 2566 per
1373 2530 1559 2559 testimonium
1580 2522 1688 2559 dirinae
1708 2531 1839 2561 veritatis.

268 2689 276 2703 ¹
289 2691 349 2719 loan.
362 2692 370 2713 1
382 2709 387 2718 ,
400 2692 427 2714 3;
439 2691 520 2714 Omnia
532 2698 573 2719 per
585 2692 660 2720 ipsum
672 2693 729 2715 lacta
741 2696 801 2716 sunt.
813 2706 844 2710 —
855 2694 912 2716 lutra
924 2701 966 2722 pro
983 2695 1046 2718 Deus

205 2729 233 2752 de
244 2729 291 2753 Deo
303 2730 321 2751 Α
330 2730 347 2752 Β
359 2730 421 2753 Deus
433 2729 457 2752 in
472 2730 527 2758 Deo,
540 2730 559 2752 D
570 2730 632 2753 Deus
644 2731 665 2753 et
673 2730 697 2754 in
707 2731 768 2760 Deo,·
781 2732 874 2761 inferius
882 2736 959 2755 autem
968 2733 1047 2762 quoad

207 2768 317 2796 Spiritum
331 2769 352 2791 S.
365 2768 525 2791 substituimus
536 2775 563 2791 ex
574 2769 592 2791 Β
600 2769 619 2791 D
631 2769 693 2793 Deus
704 2769 726 2793 et
736 2770 760 2793 in
772 2771 820 2795 Deo
833 2778 874 2800 pro
887 2772 948 2795 Deus
957 2772 982 2795 in
991 2773 1046 2795 Deo.

269 2805 278 2818 ²
295 2806 341 2829 Cl'r.
353 2807 368 2829 l.
379 2807 432 2830 Cor.
444 2808 469 2835 2,
482 2808 518 2830 10.
530 2813 578 2837 seq.

267 2843 277 2857 ⁸
294 2845 353 2868 Vide
364 2846 397 2868 lll.
410 2846 470 2868 Sent.
482 2846 505 2869 d.
516 2847 539 2869 9.
551 2853 592 2874 per
604 2849 682 2869 totam.

268 2883 278 2896 ¹
294 2884 355 2906 Libr.
367 2885 404 2907 lV.
415 2885 472 2913 Reg.
485 2886 493 2907 1
504 2903 509 2913 ,
523 2886 563 2907 la:
576 2885 619 2914 Qui
632 2885 863 2917 [quinquagenarius]
872 2894 926 2911 cum
940 2888 1046 2916 venisset,

206 2923 312 2947 curvavit
323 2929 398 2950 genua
410 2926 489 2945 contra
501 2924 571 2946 Ellam
583 2926 626 2946 etc.

268 2959 279 2973 ⁰
294 2961 339 2984 Cir.
352 2961 389 2984 lV.
401 2961 463 2984 Sent.
472 2962 503 2984 lit.
513 2962 625 2990 MagistrI,
637 2962 659 2985 d.
672 2964 700 2986 X.
712 2969 732 2986 c.
745 2964 766 2987 1.
778 2971 837 2994 seq.;
851 2964 906 2988 ibid.
917 2965 1046 2989 Comment.

207 3007 229 3028 p.
242 3000 257 3022 l.
268 3006 292 3029 q.
304 3000 326 3022 1.
337 3002 359 3022 et
370 3000 394 3022 d.
406 3001 441 3022 11.
454 3007 478 3028 p.
489 3001 504 3022 l.
515 3007 538 3029 q.
551 3001 572 3024 1.
583 3005 648 3030 seqq.

269 3037 278 3050 ⁶
296 3039 351 3060 phil.
363 3039 390 3066 2,
405 3039 440 3061 ιο.

1122 2713 1125 2715 .
1166 2692 1174 2706 ⁷
1192 2695 1262 2718 Exod.
1279 2696 1321 2722 23,
1342 2696 1384 2718 l3:
1401 2696 1443 2718 Per
1460 2702 1544 2718 nomen
1561 2698 1705 2719 externorum
1721 2697 1818 2720 deorum
1830 2704 1875 2720 non
1888 2698 1945 2720 iura-

1104 2733 1148 2760 bis,
1164 2734 1219 2756 Lev.
1237 2735 1278 2761 19,
1296 2735 1340 2757 12ι
1358 2735 1406 2757 Non
1423 2734 1552 2763 periurabis
1569 2736 1590 2758 in
1602 2736 1696 2758 nomine
1707 2742 1768 2759 meo.
1781 2737 1847 2766 Deut.
1864 2737 1889 2764 6,
1905 2737 1944 2759 l3:

1103 2767 1226 2795 Dominum
1243 2773 1317 2796 Deum
1335 2777 1400 2797 tuum
1417 2773 1532 2797 timebis...
1548 2780 1575 2797 ac
1591 2781 1633 2803 per
1644 2781 1729 2798 nomen
1741 2776 1798 2798 illius
1808 2775 1903 2798 iurabis.
1913 2788 1944 2792 —

1104 2811 1121 2833 Α
1131 2811 1147 2833 Β
1157 2811 1176 2833 D
1191 2811 1227 2845 sic*
1236 2811 1335 2834 habent:
1346 2811 1451 2836 veritatis
1467 2813 1492 2836 in
1508 2813 1639 2841 Matthaeo,
1659 2812 1700 2836 ubi
1711 2814 1737 2842 (Β
1746 2814 1765 2836 D
1777 2814 1881 2836 omittunt
1893 2813 1941 2841 ubi)

1103 2849 1205 2873 dz'cuur:
1224 2849 1272 2878 Qui
1293 2850 1360 2874 iurat
1383 2851 1407 2874 in
1431 2851 1525 2875 nomine
1549 2858 1600 2875 meo
1622 2852 1691 2875 iuret.
1708 2852 1753 2874 Sed
1770 2852 1845 2874 Manli.
1862 2852 1888 2879 5,
1905 2852 1943 2874 33.

1102 2891 1191 2911 tantum
1208 2889 1306 2912 dicitur:
1322 2890 1413 2913 Dictum
1434 2893 1468 2913 est
1492 2891 1607 2920 antIquis:
1623 2891 1673 2913 Non
1698 2890 1842 2919 periurabis3
1858 2889 1942 2912 reddes

1102 2930 1179 2950 autem
1197 2928 1293 2951 Domino
1310 2929 1438 2952 iuramenta
1455 2933 1500 2952 tua.
1576 2952 1580 2956 ,

1165 2963 1174 2977 ⁸
1190 2965 1246 2994 Cap.
1264 2966 1290 2994 4,
1307 2968 1329 2989 2.
1345 2979 1377 2984 —
1389 2968 1468 2990 Glossa
1480 2970 1554 2991 sumta
1562 2971 1600 2998 9³¹
1612 2974 1638 2991 ex
1649 2968 1741 2991 Hieron.
1753 2968 1774 2990 in
1787 2969 1845 2990 liunc
1858 2967 1939 2990 locum.

1102 3004 1147 3027 Cir.
1164 3006 1196 3028 lll.
1213 3006 1274 3028 Sent.
1290 3006 1322 3028 lit.
1340 3007 1451 3035 Magistri,
1468 3007 1491 3030 d.
1514 3008 1618 3030 XXXIX.
1634 3014 1655 3030 c.
1672 3008 1680 3029 1
1696 3025 1700 3035 ,
1718 3010 1739 3030 et
1760 3006 1887 3030 Comment.
1911 3006 1941 3028 ibi

1102 3043 1158 3066 dub.
1177 3044 1198 3066 vl.
