2285 3398
345 251 399 279 518

424 329 464 356 17.
487 326 559 355 Istud
573 329 665 355 autem
680 326 866 354 iuramentum
881 325 1072 353 asset-corium
1086 326 1174 362 primo

198 380 329 407 Quoadasser:
340 374 420 403 debet
442 373 542 402 habere
562 372 709 401 veritatem
722 372 740 399 ¹.
769 371 878 400 Veritas¹
899 373 989 399 autern
1018 373 1058 399 est
1079 371 1105 399 in
1132 372 1173 399 iu-

200 406 464 449 ·:=‘2'‹?‘’v¹‹¹÷¹r³t¹323‘rasnent0
483 419 645 453 assertorio‚
667 418 776 455 quando
796 418 878 446 homo
899 426 952 446 non
973 420 1057 455 negat
1079 425 1174 446 verum

341 475 391 495 nec
418 466 547 504 affirmat
568 465 665 494 salsum
694 472 744 493 nec
764 464 869 493 asserit
895 464 1012 492 scienter
1040 463 1173 498 dubium;

341 514 405 550 quia
419 521 509 541 sermo
529 515 570 541 est
584 512 746 541 indicativus
766 519 861 540 eorum
876 518 947 548 quae
965 513 1030 538 sunt
1044 510 1070 544 in
1085 510 1174 539 corde.

341 560 391 588 Sed
413 559 499 593 scitis,
520 558 587 596 quid
614 561 670 592 est,
698 558 807 595 quando
835 557 916 586 homo
940 556 1050 593 aliquod
1078 556 1174 584 salsum

342 607 501 635 testificatur
515 613 565 643 per
586 605 769 634 testimonium
783 604 891 633 divinae
909 603 1047 632 veritatis?
1069 603 1121 631 Hoc
1135 606 1176 632 est

340 653 540 690 dicere‚-quod
561 653 706 686 mentitur,
727 655 754 681 et
774 651 847 688 quod
868 651 959 679 divina
979 650 1080 678 veritas
1102 657 1175 678 men-

341 700 409 729 titur
438 708 540 729 seeum.
570 700 599 727 Et
620 699 663 727 hic
691 702 732 727 est
762 699 868 735 primus
897 697 993 725 modus
1020 696 1175 725 assumendi

341 755 439 776 nomen
460 747 507 775 Dei
529 747 556 775 in
576 754 692 780 vanum,
714 746 815 774 scilicet
836 744 945 782 quando
965 752 1106 781 neyumas
1131 751 1176 772 xe-

342 794 459 823 ritatem.

422 841 464 868 18.
487 839 610 868 Secundo
623 839 703 867 debet
717 838 776 867 sieri
798 838 982 866 iuramentum
997 836 1176 865 assertorium

342 896 408 916 cam
429 886 549 915 iustitia.
572 886 611 914 Fit
631 888 722 914 autem
737 893 800 914 cum
822 884 933 917 iustitia,
951 883 1060 920 quando
1079 891 1131 911 non
1147 883 1177 910 tit

341 936 436 962 contra
462 932 620 961 mandatum
640 930 762 960 divinae
778 932 843 968 legis
864 938 952 968 neque
983 933 1078 959 contra
1099 937 1176 966 prae-

341 983 450 1017 ceptum
465 981 573 1008 sanctae
593 978 689 1007 matris
703 978 836 1007 Ecclesiae
857 985 946 1014 neque
960 977 986 1005 in
1005 975 1176 1012 dispendium

341 1027 436 1056 salutis
456 1019 583 1063 propriae
608 1026 651 1054 vel
671 1025 783 1053 alienae.
805 1025 835 1053 Et
856 1024 904 1061 qui
932 1027 1027 1052 contra
1048 1023 1098 1051 ista
1126 1022 1177 1050 tria

341 1074 413 1102 iurat
435 1073 579 1102 temerarie
610 1072 683 1101 iurat
703 1075 730 1101 et
759 1071 904 1108 dupliciter
926 1073 1034 1107 peccat:
1066 1074 1092 1098 et
1113 1069 1178 1106 quia

341 1121 429 1154 iurat,
450 1122 478 1149 et
499 1119 564 1156 quia
585 1119 770 1147 iuramentum
792 1117 913 1147 servat'.

422 1167 465 1194 19.
486 1165 577 1194 Tertio
598 1167 721 1204 oportet,
743 1164 815 1201 quod
837 1172 899 1193 cum
915 1164 1069 1192 iuramento
1089 1170 1178 1191 asser-

341 1214 411 1242 torio
435 1213 581 1242 comitetur
602 1212 760 1245 iudicium,
781 1211 854 1248 quod
876 1211 910 1239 sit
931 1211 958 1239 in
983 1210 1096 1238 mente⁸
1124 1209 1178 1237 dis-

341 1261 426 1289 cretio
446 1260 567 1288 veritatis
592 1262 619 1287 et
638 1258 772 1291 iustitiae,
794 1258 896 1286 scilicet
923 1261 1018 1285 utrum
1041 1257 1178 1284 iuramen-

342 1311 401 1336 tum
415 1307 449 1335 sit
462 1314 573 1340 verum,
588 1305 631 1334 vel
645 1305 755 1338 falsum;
773 1305 887 1338 iustum,
903 1304 945 1332 vel
960 1303 1106 1337 iniustum;
1121 1303 1179 1330 sru-

342 1357 483 1387 ctuosum,
512 1352 553 1381 vel
585 1352 796 1380 infructuosum.
828 1350 902 1379 Unde
933 1351 954 1379 si
986 1351 1048 1378 iuro
1076 1350 1179 1386 absque

341 1400 456 1434 iudicio,
487 1407 540 1428 non
571 1398 729 1427 discernens
753 1398 824 1426 inter
856 1398 907 1425 ista
937 1397 1003 1430 tria,
1036 1396 1180 1425 temerarie

342 1447 411 1475 iuro.
433 1462 468 1475 -η
491 1445 535 1474 lsti
561 1448 617 1473 tres
638 1444 750 1473 comites
770 1444 870 1472 debent
894 1450 952 1471 esse
973 1443 1000 1471 in
1026 1443 1180 1471 iuramento

342 1492 507 1521 assertorio.

310 1534 312 1537 ’
420 1540 466 1567 90.
488 1538 539 1567 Sed
570 1537 717 1566 Manichaei
743 1536 875 1564 insultant
906 1536 984 1564 nobis
1015 1539 1041 1563 et
1070 1535 1181 1568 dicunt,

342 1585 416 1622 quod
437 1593 490 1613 non
512 1584 643 1613 debemus
671 1583 786 1611 omnino
808 1583 916 1616 iurare,
941 1582 1006 1618 quia
1026 1582 1127 1610 dicitur
1155 1582 1181 1609 in

343 1640 413 1660 novo
441 1634 611 1663 testamento,
637 1629 738 1658 scilicet
760 1629 786 1657 in
807 1628 979 1656 Matthae04:
1002 1627 1066 1656 Non
1086 1628 1183 1664 periu-

343 1678 441 1711 rabis,-
462 1681 489 1706 et
510 1677 650 1713 sequitur:
674 1677 732 1713 Eyo
753 1679 849 1703 autem
864 1675 928 1703 dico
952 1674 1044 1708 vobis,
1060 1683 1116 1702 non
1137 1674 1182 1702 ia-

344 1734 413 1754 rare
434 1724 557 1753 omnino.
581 1723 623 1752 Sit
638 1727 735 1751 autem
756 1731 849 1750 sermo
870 1725 975 1750 vester:
997 1725 1038 1750 est
1057 1725 1109 1753 est,
1124 1729 1183 1749 ηοη

345 1781 408 1800 non.
433 1788 468 1791 —
494 1771 572 1799 Certe
598 1770 671 1803 dico,
693 1769 766 1806 quod
787 1769 813 1797 in
842 1769 924 1797 certis
945 1768 1053 1797 casibus
1078 1769 1119 1797 vel
1146 1777 1182 1797 ex

345 1819 426 1847 certis
447 1818 537 1847 causis
557 1817 625 1846 bene
652 1817 713 1845 licet
734 1816 835 1844 iurare.
858 1815 988 1844 Haeretici
1010 1818 1100 1844 autem
1128 1824 1182 1844 non

345 1866 414 1894 bene
441 1864 585 1893 attendunt
613 1864 667 1892 vim
689 1863 894 1892 vocabulorum.
924 1862 1020 1891 Differt
1044 1863 1115 1890 enim
1143 1862 1182 1890 di-

345 1919 423 1940 cere:
446 1919 498 1939 non
531 1911 623 1939 iurare
644 1909 769 1943 omnino,
800 1913 826 1938 et
856 1909 959 1937 dicere:
991 1909 1101 1936 omnino
1129 1917 1182 1937 non

346 1958 451 1991 iurare;
473 1957 543 1986 sicut
557 1957 646 1985 differt
660 1956 763 1984 dicere:
778 1955 889 1992 quidam
911 1956 993 1984 homo
1007 1963 1059 1983 non
1082 1956 1182 1989 currit,

346 2006 373 2032 et
394 2012 447 2031 non
478 2003 588 2040 quidam
611 2003 692 2031 homo
722 2002 818 2031 currit.
843 2002 965 2030 Omnino
992 2010 1049 2029 non
1082 2002 1184 2029 iurare

347 2049 416 2078 idem
438 2053 492 2083 est,
515 2049 588 2086 quod
608 2048 687 2076 nullo
704 2048 788 2076 modo
809 2049 926 2081 iai-are,
948 2051 974 2076 et
989 2056 1046 2075 non
1068 2048 1184 2075 omnino

347 2095 449 2123 iurare
470 2096 541 2124 idem
562 2098 617 2128 est,
639 2094 711 2131 quod
734 2102 790 2122 noa
805 2093 938 2122 omnibus
958 2093 1051 2121 modis
1068 2093 1183 2126 iurare,

347 2142 393 2171 sed
413 2150 449 2171 ex
470 2142 554 2170 certis
575 2141 681 2169 causis.

424 2190 469 2216 21.
491 2187 615 2216 Secundo
628 2187 709 2216 debet
723 2194 821 2215 nomen
843 2186 889 2214 Dei
904 2186 1007 2214 assumi
1026 2186 1121 2214 nonin
1140 2194 1184 2213 va-

346 2244 412 2264 num
434 2236 461 2264 in
483 2235 636 2263 iuramento
654 2233 855 2271 promissorio.
877 2233 916 2261 Fit
933 2235 1024 2261 autem
1047 2233 1185 2261 iuramen-

347 2286 404 2311 tum
426 2282 633 2319 promissorium
656 2281 744 2309 tribus
765 2280 867 2314 modis,
889 2280 991 2308 scilicet
1011 2280 1044 2307 ad
1069 2288 1184 2316 promo-

346 2329 469 2357 vendam
484 2328 606 2361 bonam,
627 2328 661 2356 ad
675 2327 904 2356 conservandam
924 2325 1089 2362 fidelitatem
1110 2328 1137 2353 et
1150 2325 1184 2353 ad

347 2376 504 2404 ineundam
530 2379 664 2403 mutuam
682 2383 792 2411 pacem.
815 2374 904 2402 Primo
925 2373 1005 2401 modo
1032 2374 1124 2401 iurant
1146 2373 1185 2401 in—

347 2422 460 2451 feriores
491 2421 699 2458 superioribus,
734 2420 853 2449 secundo
887 2419 966 2448 modo
1000 2427 1080 2456 pares
1114 2420 1185 2456 pari-

198 893 290 915 Secundo,
303 893 330 911 iu-

233 917 290 935 stitia.

199 1220 268 1247 Tertip,
278 1220 325 1239 iudi-

240 1249 295 1262 cium.

191 1589 284 1613 'ommno
294 1594 330 1612 luz·-

211 1618 330 1640 uiehaeomm

210 1641 315 1660 refellitur.-

229 2243 329 2273 lura-monti

214 2276 329 2294 ΡΙὊΙἨΙΔΕΟΓΙΙ

216 2294 283 2320 triplex
310 2294 330 2312 fi-

216 2323 251 2336 ΠΙΕ.

348 2469 414 2503 bus,
437 2468 517 2497 tertio
538 2468 618 2496 modo
646 2468 802 2504 superiores
823 2466 1005 2495 interioribus.
1035 2467 1123 2494 Primo
1144 2467 1185 2494 iu-

892 247 934 275 DE
956 247 1065 275 DECEM
1086 247 1278 276 PRAECEPTlS
1299 245 1458 273 COLLAT-IO
1480 245 1518 273 ΙΙΙ.

1230 326 1353 352 ramento
1367 323 1468 351 iuravit
1483 322 1625 359 Apostolus
1641 323 1734 351 dicens
1748 322 1780 350 ad
1796 323 1928 350 Romanos
1942 323 2031 358 primo
2042 323 2065 350 ⁵:

1238 370 1324 399 Testis*
1348 368 1421 397 milii
1443 370 1517 397 Deas
1538 373 1593 403 esc,
1622 370 1672 398 cui*
1692 369 1785 397 servio
1813 369 1844 397 in
1870 369 1977 405 spiritu
1997 377 2066 397 meo.

1231 416 1353 445 Secundo
1375 415 1454 443 modo
1475 415 1575 443 iuravit
1604 416 1691 444 Laban
1717 415 1873 444 fidelitatem
1897 415 1980 443 lacob.
2003 415 2067 443 Ter-

1232 464 1268 492 tio
1282 463 1361 491 modo
1376 463 1467 490 iurant
1488 462 1643 498 superiores
1658 466 1801 499 protegere
1819 462 1959 498 populum.
1976 479 2013 482 —
2028 462 2067 490 Ex

1232 510 1320 546 primo
1342 509 1496 537 iuramento
1510 508 1676 545 relinquitur
1697 509 1797 545 triplex
1818 508 1936 537 utilitas:
1957 508 2027 545 fides
2041 509 2067 536 in

1233 556 1383 589 intellectu,
1406 563 1490 583 amor
1519 555 1544 582 in
1566 555 1663 586 affectu
1685 558 1712 584 et
1736 563 1799 592 pasc
1820 555 1846 583 in
1875 555 1981 584 effectu.
2010 555 2069 584 Istis

1233 604 1322 632 tribus
1342 602 1374 630 de
1402 602 1492 630 causis
1514 602 1543 630 [it
1573 602 1757 631 iuramentum
1779 602 1811 630 ad
1840 602 2066 639 promovendum

1234 650 1345 678 bonam.

2086 468 2110 485 Ex
2121 468 2212 486 iuramen-

2098 493 2116 509 to
2129 491 2152 509 ad
2166 491 2182 509 1.
2193 491 2213 508 Γι-

2097 519 2139 532 nern
2145 514 2212 538 triplex

2097 538 2175 555 utilitas.

1311 698 1355 724 ⁹2²2.
1377 696 1502 724 Secundo
1516 695 1595 724 modo
1610 696 1640 724 fit
1654 696 1839 724 iuramentum
1861 695 2068 732 promissorium
2086 700 2137 721 nem,
2151 705 2173 718 εκ
2187 700 2214 718 iu-

1232 744 1265 772 ad
1286 743 1515 771 conservandam
1535 742 1715 779 fidelitatem,
1737 746 1763 771 et
1785 744 1835 771 lioc
1857 743 1887 771 tit
1908 742 1997 771 tribus
2012 750 2068 770 mo-

1232 790 1289 823 dis,
1311 789 1413 818 scilicet
1433 789 1467 817 ad
1488 789 1719 825 compescendam
1740 789 1898 822 malitiam,
1920 789 1952 817 ad
1967 789 2069 817 sedan-

1233 837 1300 870 dam
1318 836 1544 864 controversiam
1560 838 1586 864 et
1606 835 1638 864 ad
1660 836 1882 873 expurgandam
1902 834 2067 872 infamiam.

1235 899 1270 903 -—-
1288 882 1388 915 l'riino,
1409 881 1482 914 dico,
1504 881 1535 909 lit
1552 881 1585 909 ad
1606 881 1835 918 compescendam
1858 881 2017 914 malinam,
2039 884 2070 908 ut

1234 929 1315 957 homo
1337 937 1389 957 non
1411 931 1491 965 neget
1506 936 1602 956 verum
1625 936 1673 957 nec
1687 929 1805 957 affirmet
1826 928 1940 961 salsum3
1962 931 1989 956 et
2004 928 2070 956 baec

1234 979 1274 1004 est
1289 976 1359 1004 ratio
1377 975 1502 1004 utilitatis
1517 976 1670 1004 iuramenti.
1688 992 1724 996 —
1740 975 1863 1004 Secundo
1877 975 1908 1003 sit
1922 975 1954 1003 ad
1969 975 2071 1003 sedan-

1233 1023 1303 1050 dam
1324 1022 1558 1050 controversiam.
1581 1022 1654 1051 Unde
1682 1022 1824 1059 Apostolus
1848 1022 1881 1049 ad
1902 1021 2070 1050 Hebraeos⁶:

1237 1069 1336 1097 Omnis
1357 1069 1567 1097 controversiae
1586 1069 1654 1105 finis
1668 1073 1707 1097 est
1728 1069 1934 1097 iuramentum.
1951 1084 1987 1088 —
2007 1069 2071 1096 Ter—

1234 1116 1271 1143 tio
1293 1116 1322 1143 tit
1342 1115 1375 1143 ad
1396 1115 1621 1152 expuryamlam
1641 1114 1806 1152 infamiam.
1826 1115 1900 1143 Unde
1925 1115 1951 1142 in
1974 1115 2072 1142 Deute-

1235 1162 1378 1190 ronoinio⁷
1399 1162 1509 1195 dicitur,
1531 1162 1603 1199 quod
1623 1163 1740 1191 maiores
1760 1162 1894 1191 debebant
1914 1169 1943 1190 se
1968 1169 2072 1198 expur-

1235 1216 1299 1245 gare
1321 1216 1369 1245 per
1390 1209 1592 1243 iuramentum,
1613 1209 1721 1246 quando
1742 1209 1933 1237 inveniebatur
1958 1209 2073 1237 cadaver

1236 1258 1385 1283 mortuum.
1411 1271 1447 1275 —-
1473 1256 1532 1284 lstis
1553 1256 1642 1284 tribus
1661 1256 1694 1284 de
1716 1256 1805 1284 causis
1830 1255 1860 1283 fit
1887 1255 2072 1283 iuramentum

1235 1302 1268 1330 ad
1290 1302 1519 1330 conservandam
1539 1302 1711 1337 fidelitatem.

1314 1348 1359 1376 23.
1382 1348 1473 1376 Tertio
1494 1348 1573 1376 modo
1605 1349 1634 1376 tit
1659 1349 1843 1377 iuramentum
1866 1349 2074 1385 promissorium

1236 1395 1269 1423 ad
1281 1394 1439 1422 ineundam
1449 1398 1584 1423 mutuam
1593 1403 1694 1432 pacem
1699 1405 1709 1428 ,·
1720 1398 1746 1423 et
1757 1395 1784 1423 in
1797 1395 1848 1423 hoc
1859 1395 2019 1431 intelligitur
2031 1402 2074 1423 co-

1238 1441 1333 1469 hibitio
1347 1441 1469 1469 omnium
1482 1444 1656 1477 peccatorum
1670 1441 1841 1474 mortalium3
1854 1441 1919 1477 quia
1930 1441 1941 1457 Β
1960 1452 1973 1465 «
1987 1441 2075 1469 omnis

1238 1488 1338 1516 iuratio
1370 1496 1437 1515 vera
1465 1490 1505 1516 est
1526 1487 1694 1524 periculosa,
1725 1486 1805 1524 fabsa
1836 1490 1877 1516 est
1907 1487 2073 1524 perniciosa,

1238 1534 1319 1562 milla
1341 1541 1406 1562 vero
1420 1537 1461 1562 est
1475 1541 1573 1562 secura
1587 1546 1613 1561 ».
1633 1534 1663 1562 Et
1679 1537 1790 1570 propter
1805 1535 1857 1562 hoc
1870 1533 1971 1562 dicitur
1985 1534 2012 1561 in
2028 1534 2074 1561 Ec-

1238 1579 1402 1608 clesiastico:
1434 1580 1578 1608 [arationi
1604 1588 1662 1608 non
1689 1583 1837 1608 assuescat
1865 1588 1896 1607 os
1925 1583 2015 1607 taam.
2038 1595 2074 1599 —

1239 1626 1289 1653 Iste
1310 1629 1351 1654 est
1371 1626 1524 1654 intellectus
1546 1626 1693 1655 verborum
1715 1626 1853 1654 litteralis.

1317 1672 1362 1700 24.
1385 1672 1555 1708 Spiritaalis
1575 1680 1642 1701 vero
1662 1673 1816 1701 intellectus
1835 1673 1918 1700 huius
1939 1671 2076 1708 praecepti

1239 1719 1289 1747 iste
1310 1721 1365 1752 est,
1386 1719 1457 1755 quod
1479 1719 1646 1747 assumimus
1666 1727 1765 1747 nomen
1786 1719 1833 1747 Dei
1855 1727 1908 1747 non
1928 1719 1953 1750 in
1976 1726 2077 1746 vanum

1240 1765 1329 1794 tribus
1350 1765 1452 1802 modis,
1473 1766 1575 1794 scilicet
1595 1766 1628 1794 ad
1649 1766 1843 1804 efficiendam,
1864 1766 1897 1794 ad
1909 1765 2077 1802 promitten-

1239 1813 1310 1841 dam
1330 1816 1357 1841 et
1377 1812 1411 1841 ad
1432 1813 1660 1850 exprimendam.
1677 1829 1712 1833 —
1735 1813 1837 1846 Primo,
1858 1812 1933 1845 dico,
1961 1812 2077 1840 assumi-

1240 1867 1301 1887 mus
1322 1867 1420 1888 nomen
1444 1859 1489 1887 Dei
1512 1867 1565 1887 non
1587 1859 1613 1887 in
1642 1867 1743 1888 vanum
1764 1859 1798 1887 ad
1825 1858 2017 1896 efficiemlam,
2034 1860 2077 1893 ,ut

1240 1907 1266 1935 in
1288 1906 1485 1940 sacramentis,
1517 1906 1626 1943 quando
1655 1906 1756 1935 dicitur
1786 1907 1814 1934 in
1847 1905 1996 1942 baptismo:
2026 1905 2078 1941 Ego

1240 1953 1347 1990 baptizo
1369 1956 1394 1981 te
1415 1953 1442 1981 in
1457 1953 1566 1981 nomine
1584 1953 1670 1981 Patris
1691 1956 1718 1981 et
1732 1953 1787 1981 Filii
1810 1956 1836 1981 et
1851 1952 1968 1989 Spiritus
1983 1951 2076 1980 sancti.

1241 2017 1277 2020 —
1300 2000 1424 2028 Secundo
1444 2000 1611 2028 assumimus
1626 2007 1723 2027 nomen
1745 1999 1792 2028 Dei
1808 1999 1892 2027 nostri
1915 2007 1968 2027 non
1990 1999 2017 2026 in
2032 2006 2078 2026 va-

1242 2055 1306 2074 num
1322 2047 1354 2074 ad
1374 2046 1613 2083 promittendam,
1629 2046 1699 2074 sicut
1716 2046 1826 2082 quando
1840 2046 1969 2082 promitto
1990 2045 2030 2074 ire
2044 2045 2077 2073 ad

1241 2096 1364 2121 sanctum
1389 2093 1527 2126 iacobum,
1550 2093 1591 2121 vel
1612 2093 1716 2121 intrare
1738 2093 1909 2129 religionem,
1934 2100 1983 2129 per
2005 2092 2077 2120 iura-

1213 2175 1214 2178 *
1242 2143 1372 2168 mentum.
1390 2156 1425 2160 —
1440 2140 1531 2168 Tertio
1552 2140 1718 2168 assumimus
1733 2147 1830 2167 nomen
1852 2139 1898 2167 Dei
1915 2147 1969 2167 non
1990 2139 2016 2166 in
2032 2147 2078 2166 va-

1242 2194 1308 2214 num
1329 2186 1360 2214 ad
1383 2186 1618 2222 exprimendam,
1640 2186 1710 2214 sicut
1725 2186 1834 2222 quando
1855 2185 1993 2222 loquimur
2015 2193 2077 2214 cum

1242 2233 1403 2260 iuramento.

1320 2280 1364 2307 22¹.
1389 2279 1503 2307 Econtra
1526 2280 1692 2308 assumimus
1720 2287 1817 2307 nomen
1848 2279 1892 2307 Dei
1923 2279 1949 2306 in
1979 2286 2079 2306 vanum

1243 2326 1404 2362 tripliciter:
1439 2325 1528 2361 primo
1559 2333 1607 2361 per
1640 2324 1863 2362 [rasti-ationem
1895 2324 2080 2353 Sacramentz'

1241 2372 1380 2408 suscepti,-
1401 2371 1520 2399 secundo
1541 2379 1589 2408 per
1603 2371 1776 2408 fractionem
1798 2372 1854 2400 uoti
1867 2371 1976 2403 emissi;
1999 2371 2079 2399 tertio

1242 2427 1291 2455 per
1305 2418 1493 2455 prolationem
1508 2419 1648 2446 sermonis
1667 2417 1830 2455 blasphema.
1844 2434 1879 2438 —
1892 2418 1981 2445 Primo
2002 2425 2079 2445 assu-

1243 2466 1343 2493 mimus
1363 2472 1461 2492 nomen
1477 2464 1523 2492 Dei
1546 2464 1571 2492 in
1595 2473 1693 2493 vanum
1716 2473 1765 2501 per
1784 2464 2007 2501 frustrationem
2026 2463 2079 2492 Sa-

411 2624 417 2636 ¹
437 2625 494 2647 Vide
512 2625 544 2647 lll.
561 2626 623 2646 Sent.
641 2625 663 2646 d.
681 2625 718 2646 5³9.
735 2630 756 2646 a.
774 2624 793 2645 1.
812 2630 834 2652 q.
856 2624 873 2645 Ι.

410 2661 419 2674 ²
436 2663 480 2684 Cir.
498 2664 529 2685 ΙΙΙ,
547 2665 608 2685 sent.
625 2663 655 2684 lit.
673 2662 782 2690 Magistri,
799 2662 822 2684 d.
840 2662 943 2684 ΧΧΧΙΧ.
956 2669 975 2683 r.
987 2662 1008 2686 9,
1021 2666 1040 2683 et
1055 2662 1110 2684 ibid.
1121 2662 1185 2685 Com-

351 2704 420 2723 ment.
438 2707 457 2723 a.
475 2702 497 2723 23.
514 2708 537 2729 q.
554 2702 576 2723 3.

410 2738 420 2751 ⁸
437 2740 524 2762 Scilicet
541 2740 562 2762 in
583 2740 684 2763 iurante.
701 2740 745 2762 Ct'r.
764 2740 796 2761 ΙΙΙ.
813 2740 873 2761 Sent.
890 2740 912 2761 d.
930 2740 966 2761 39.
983 2739 1037 2762 dub.
1062 2741 1066 2761 1
1080 2758 1084 2767 ,
1097 2740 1135 2762 ubi
1148 2740 1186 2762 do-

350 2782 425 2806 cetur,
441 2779 504 2807 quod
522 2778 633 2801 iudicium
650 2778 757 2806 respiciat
773 2778 904 2805 iurantem,
922 2778 979 2800 sicut
997 2778 1081 2801 veritas
1093 2778 1186 2806 respicit

349 2824 412 2845 rem,
430 2818 458 2840 de
475 2823 520 2845 qua
538 2817 635 2843 iuratur,
652 2820 674 2839 et
691 2816 778 2839 iusticia
797 2816 889 2843 respicit
905 2822 1013 2845 causam,
1032 2823 1073 2845 pro
1091 2824 1135 2846 qua
1154 2818 1186 2839 ut.

351 2858 453 2879 Defectus
470 2859 545 2878 autem
563 2855 662 2878 institiae
679 2856 700 2877 in
718 2862 745 2877 eo
763 2856 864 2883 ponitur,
877 2855 939 2883 quod
951 2862 996 2877 non
1008 2856 1032 2878 m
1051 2865 1062 2876 «
1074 2855 1183 2884 discrete,

349 2896 403 2924 quia
421 2896 469 2917 sine
487 2894 701 2922 praemeditatione,
719 2894 769 2916 licet
786 2893 823 2915 ssat
840 2899 893 2915 vere
909 2897 930 2915 ct
948 2893 1005 2917 iuste
1018 2904 1038 2916 v.
1055 2907 1086 2911 —
1103 2896 1145 2917 Pro
1162 2894 1186 2917 in

352 2935 425 2956 mente
442 2934 459 2955 Α
471 2934 486 2955 Β
497 2934 514 2955 D
531 2932 553 2955 in
572 2932 654 2955 medio.
674 2933 759 2955 Deinde
776 2933 792 2954 Α
811 2933 971 2960 prosequitur:
988 2932 1073 2956 scilicet
1084 2933 1187 2956 discreti-

353 2978 407 2995 vum
433 2968 554 2999 &anatim
571 2971 588 2992 B
614 2970 687 2993 medio
713 2970 862 2994 discretivum
888 2970 1023 3000 utriusque,
1047 2971 1151 2999 scilicet,·
1169 2972 1187 2993 D

353 3010 426 3033 medio
444 3009 593 3033 discretivum
612 3009 721 3032 veritatis.

1303 2622 1312 2634 ⁴
1330 2623 1384 2650 Cap.
1403 2623 1428 2647 5,
1448 2622 1484 2643 34.
1501 2625 1521 2643 ct
1540 2622 1575 2644 37.
1593 2622 1637 2644 (lsr.
1655 2622 1686 2644 ΙΙΙ.
1705 2622 1765 2644 Sent.
1782 2622 1805 2643 d.
1822 2622 1860 2643 39.
1877 2627 1897 2642 a.
1918 2622 1938 2642 2.
1961 2628 1983 2649 q.
2011 2622 2028 2642 1.
2049 2632 2080 2637 ——

1243 2663 1284 2683 Pro
1302 2662 1396 2683 lectione
1414 2661 1525 2685 viduatae
1543 2662 1576 2683 est
1593 2662 1627 2683 est
1644 2662 1660 2683 Α
1671 2661 1715 2682 BD
1731 2660 1764 2683 sie
1780 2660 1822 2683 sic.

1304 2698 1313 2711 θ
1330 2700 1394 2721 Vei-s.
1412 2699 1434 2721 9.
1445 2711 1475 2715 -
1487 2700 1542 2721 (jen.
1556 2700 1579 2721 31
1592 2716 1597 2726 ,
1610 2699 1647 2721 44.
1659 2702 1775 2726 narratur,
1787 2698 1849 2727 quod
1862 2698 1937 2720 Laban
1950 2705 2001 2721 cum
2015 2697 2081 2720 iacob

1243 2740 1330 2767 pepigit
1343 2738 1433 2765 foedus,
1446 2742 1580 2767 erectusque
1597 2741 1630 2760 cst
1647 2738 1703 2766 lapis
1715 2738 1737 2760 iu
1750 2738 1838 2760 titulum
1857 2737 1978 2759 testimonii
1995 2739 2017 2759 et
2028 2737 2081 2759 tide-

1242 2778 1315 2800 litatis.

1304 2815 1313 2827 ⁶
1330 2815 1384 2843 Cap.
1403 2815 1429 2841 6,
1450 2815 1490 2836 lti:
1504 2815 1611 2837 Homines
1627 2815 1687 2838 enim
1708 2821 1748 2842 per
1768 2814 1877 2836 maiorem
1898 2814 1931 2836 sui
1953 2814 2039 2839 iurant,
2059 2815 2080 2834 et

1243 2855 1318 2877 omnis
1337 2854 1506 2876 controversiae
1526 2860 1605 2876 eorum
1626 2854 1689 2880 ssnis,
1702 2853 1729 2875 ad
1751 2853 1959 2880 confirmationem,
1971 2855 2005 2875 est
2023 2853 2081 2874 iura-

1245 2897 1355 2916 mentum.
1833 2890 1841 2903 ⁷
1859 2892 1915 2920 Cap.
1927 2892 1951 2914 21
1964 2910 1969 2919 .
1981 2892 2003 2913 6.
2014 2897 2080 2919 seqq.

1305 2930 1314 2943 Β
1331 2932 1370 2953 llic
1383 2931 1467 2959 aliquid
1480 2931 1588 2953 excidisse
1602 2932 1699 2954 videtur.
1712 2943 1742 2948 -——
1752 2931 1820 2959 seqq.
1831 2930 1902 2952 verba
1915 2933 1966 2952 sunt
1977 2930 2080 2957 August„

1244 2972 1315 2993 Serm.
1335 2970 1378 2992 *180
1397 2970 1459 2998 (alias
1477 2971 1505 2991 28
1524 2970 1552 2991 de
1570 2970 1639 2992 νεώ.
1656 2971 1743 2998 Apost.)
1767 2977 1786 2991 υ.
1810 2969 1830 2991 4.
1853 2975 1875 2991 n.
1899 2969 1923 2997 4,
1941 2972 1962 2991 et
1979 2968 2081 2996 sequitur

1244 3010 1309 3032 Eccli.
1327 3009 1369 3036 ⁴23,
1387 3009 1409 3030 9.

2097 725 2180 742 ramento
2189 723 2212 741 ad

2096 747 2114 765 2.
2128 747 2188 765 tinem.

2091 1352 2118 1370 De
2126 1352 2219 1370 iuramen-

2103 1377 2121 1393 tu
2134 1375 2157 1393 :id
2172 1375 2188 1392 3.
2199 1375 2218 1392 ti-

2104 1403 2152 1417 ΠΕΓΓΙ.

2093 1678 2139 1696 Pars
2152 1677 2173 1695 u.
2187 1677 2223 1695 Ex—

2102 1700 2178 1724 plicatio
2185 1701 2223 1724 spi-

2101 1724 2180 1742 ritualis.

2094 1771 2152 1789 Recte
2162 1767 2181 1789 fii
2191 1770 2223 1788 tri-

2114 1794 2195 1818 pliciter.

2111 2283 2130 2300 ln
2148 2287 2215 2301 vanum

2096 2306 2140 2332 item
2157 2305 2216 2329 tripli·

2095 2331 2148 2347 citer.

2096 2422 2158 2448 Primo
2168 2421 2224 2447 modo

2107 2447 2174 2463 norum
2192 2448 2225 2463 tri-

2107 2468 2187 2492 pliciter.
