2285 3398
368 232 425 262 48⁶2

366 321 455 351 quere
475 312 636 341 caritatem.
659 310 753 340 Credis
766 309 946 346 exstinguere
960 308 1100 339 fornacem
1117 310 1215 343 arden-r

368 362 423 389 tem
444 367 508 388 eum
529 361 608 396 gutta
628 359 738 395 aquae?
758 355 854 385 Omnis
875 355 966 384 virtus
986 359 1028 385 est
1049 356 1120 386 sicut
1138 360 1216 394 gutta

367 415 455 444 aquae
477 409 604 443 respectu
624 405 731 434 animae
751 403 876 433 amantis.
899 402 998 432 Fortis
1018 407 1060 432 est
1079 407 1113 433 ut
1135 413 1216 433 mors

367 454 496 488 ditectioe
517 460 592 482 mors
612 460 707 481 omnes
728 451 828 486 vineit,
850 450 976 481 similiter
997 451 1106 481 dileetio
1126 454 1215 481 totum

368 501 460 530 vineit.
478 501 563 529 Dara
576 499 652 528 sicut
666 497 803 536 infernus
817 499 976 529 aemulatio
984 509 994 533 ,·
1006 498 1131 528 infernus
1141 499 1215 536 quod

368 551 441 578 tenet
461 556 515 576 non
536 546 664 580 dimittit,
692 546 730 575 ita
751 546 852 576 caritas
872 547 966 576 omnia
986 546 1071 575 vineit
1091 549 1118 575 et
1138 546 1215 575 forti-

368 599 409 624 ter
432 598 512 624 tenet.
536 594 633 628 Paule,
661 593 729 631 quid
754 593 823 623 diois
843 594 878 623 de
899 594 1036 623 caritate?
1058 593 1146 629 Quis,
1174 593 1215 622 in-

366 642 463 679 quit1,
492 640 643 679 separabit
669 650 714 670 me
741 649 761 669 a
789 641 914 670 caritate
942 640 1018 669 Dei?
1043 640 1214 677 Respondet:

374 688 535 717 Tribulatio
546 688 560 717 ἒ)
582 697 622 717 an
643 688 786 726 angustia
797 688 811 716 :⁹
832 696 874 717 an
887 687 1004 726 fames?
1020 686 1060 716 an
1074 687 1215 716 nuditas?

365 744 406 764 an
424 735 615 773 periculam?
636 744 677 764 an
694 735 882 773 persecutio?
903 743 944 764 an
964 734 1109 773 ylaclius?
1131 734 1163 762 Et
1175 734 1216 763 di-

365 783 419 812 cit:
444 783 546 812 Certus
565 791 649 817 sum,
672 783 744 821 quia
765 791 855 821 neque
875 790 956 811 mors
976 789 1067 820 neque
1087 781 1148 810 vita
1168 790 1215 810 ne-

365 839 418 869 que
439 830 584 859 instantia
611 838 700 868 neque
724 829 833 867 satura
850 832 990 867 poterunt
1010 837 1055 857 me
1075 836 1217 865 separare

364 886 384 906 a
404 877 544 911 caritate,
566 885 641 916 quae
661 879 701 906 est
722 877 754 905 in
777 876 891 906 Christo
913 875 1217 912 lesa.‘Chrysostomus

356 925 445 959 dicit,
467 924 542 962 quod
564 925 665 953 Paulus
685 927 833 953 enumerat
854 932 950 953 omnes
971 926 1114 952 creaturas
1135 925 1162 952 et
1176 922 1216 951 di-

236 1071 350 1090 Notandum.

266 1731 313 1751 Pars
326 1732 354 1750 lll.

222 1756 250 1774 De
268 1755 305 1774 flue
324 1755 356 1774 tri-

224 1779 267 1803 plici
281 1784 303 1798 ex
314 1784 357 1803 par-

223 1803 356 1827 teoperiscon-

223 1826 326 1850 sequentis.

282 1920 352 1939 Primo.

364 973 415 1002 cit:
439 972 535 1010 Neque
556 976 698 1001 ereatura
719 972 782 1000 alia
799 971 906 1009 poterit
919 980 964 1000 me
978 979 1119 1008 separare
1134 978 1153 998 a
1168 978 1216 998 ca-

363 1020 468 1054 ritate,
489 1028 564 1058 qaae
585 1023 625 1048 est
647 1019 678 1048 in
701 1018 816 1048 Christo
831 1019 897 1047 Iesu
908 1029 918 1053 ;
940 1019 967 1047 id
987 1021 1044 1053 est,
1060 1018 1081 1047 si
1097 1017 1130 1047 de
1145 1025 1226 1059 uovo⁴

362 1070 456 1105 posset
477 1067 537 1096 fieri
559 1070 704 1101 ereatura,
719 1075 774 1095 non
789 1069 881 1104 posset
897 1073 1028 1103 separare
1042 1073 1094 1094 me.
1111 1081 1148 1086 -
1165 1064 1217 1094 Ista

363 1115 463 1144 caritas
484 1118 526 1143 est
547 1114 661 1143 trahens
682 1122 732 1142 nos
752 1113 787 1142 ad
813 1116 943 1142 naturam
971 1113 1132 1147 caelestem,
1162 1120 1216 1140 non

364 1162 500 1200 permittit
521 1162 696 1199 peregrinam
718 1161 926 1198 impressionem
949 1160 976 1189 in
1001 1160 1098 1193 uobis.;
1127 1168 1216 1197 quau-

364 1213 423 1239 tum
446 1212 488 1238 est
507 1209 541 1238 de
562 1216 606 1242 se,
636 1211 770 1245 perpetua
790 1210 847 1243 est;
869 1208 920 1236 nisi
942 1208 1005 1236 dem
1028 1202 1150 1236 libellum
1173 1215 1216 1236 re-

364 1257 457 1294 pudii,
478 1265 533 1285 uon
554 1256 662 1284 auferet
683 1256 757 1284 Deus
778 1254 920 1284 caritatem
943 1263 1021 1283 seam
1044 1263 1060 1283 a
1080 1254 1167 1283 nobis.
1187 1254 1215 1282 Iu

366 1304 512 1333 Psalmo²:
529 1303 659 1341 Ditigyam
681 1306 715 1337 te,
739 1302 869 1337 Domine,
891 1301 1034 1339 fortitudo
1055 1310 1136 1335 mea,
1160 1301 1215 1329 Do-

365 1350 464 1379 minus
488 1342 710 1386 l'irniamentimi
738 1358 834 1378 meum
855 1352 880 1377 et
901 1348 1053 1386 refugyiunz
1073 1357 1170 1376 <meum
1192 1352 1217 1376 et

366 1397 504 1426 liberator
525 1405 614 1425 meus.
632 1397 782 1425 Protector
803 1396 879 1424 vitae
899 1404 989 1430 meae,
1011 1404 1031 1424 a
1052 1404 1108 1434 qao
1130 1395 1216 1432 trepi-

365 1444 463 1473 dabo?
485 1443 632 1472 Catharina
653 1446 680 1471 et
702 1442 785 1471 Lucia
799 1442 884 1471 sortes
898 1443 1014 1471 suerunt
1028 1450 1077 1479 per
1092 1450 1215 1470 amorem

364 1491 421 1520 Dei.
450 1491 476 1519 Si
505 1498 559 1519 uon
581 1497 679 1518 sumus
701 1489 775 1526 ligati
803 1497 868 1517 eum
896 1489 1012 1517 Domino
1041 1497 1089 1525 per
1118 1488 1216 1517 carita-

365 1541 435 1572 tem,
458 1537 535 1566 saeile
556 1536 709 1565 amittimus
730 1535 919 1564 fortitudinem
942 1538 1073 1563 nostram.
1090 1551 1127 1555 —-
1143 1535 1217 1563 Patet

364 1585 460 1619 modo,
482 1593 498 1613 a
520 1593 576 1622 quo
596 1587 638 1613 est
659 1583 737 1620 origo
758 1582 822 1612 doni
837 1582 1024 1616 fortitudinis,
1039 1585 1066 1611 et
1081 1590 1131 1618 per
1146 1590 1218 1619 quae

364 1632 538 1672 disponimur
559 1632 593 1661 ad
615 1632 699 1660 istum
721 1631 863 1659 influxum
885 1630 949 1659 doni
971 1629 1149 1658 fortitudinis.

447 1680 490 1709 13.
513 1679 564 1708 Sed
580 1679 670 1712 scitis,
685 1677 760 1715 quod
776 1675 888 1706 habitus
902 1677 961 1706 sine
975 1680 1039 1706 actu
1054 1676 1123 1705 nihil
1138 1679 1179 1705 est
1190 1676 1216 1709 3;

364 1728 425 1757 ideo
446 1727 604 1760 sciendum,
627 1725 701 1763 quod
723 1725 756 1754 ad
778 1725 832 1753 tria
852 1725 935 1753 (latur
953 1724 1057 1753 donum
1079 1723 1218 1752 fortitudi-

364 1775 424 1804 nis:
447 1774 552 1811 primo,
567 1773 600 1802 ad
613 1772 824 1811 perficiendum
839 1771 1020 1809 operationes
1034 1770 1154 1804 virile&¹
1176 1778 1217 1798 se—

364 1822 471 1856 cundo,
493 1821 526 1850 ud
545 1820 791 1858 prosternendum
812 1822 915 1848 aereas
935 1821 1217 1856 potestates;ette1·-

365 1870 418 1904 tio,
450 1869 482 1897 ad
511 1867 721 1906 perfhrendaui
747 1867 914 1895 *inundiales
942 1866 1152 1895 tribulationes.
1180 1882 1216 1886 —

366 1917 471 1949 Primo,
493 1916 568 1949 dico,
590 1915 672 1943 datur
693 1914 797 1943 donum
823 1914 992 1942 fortitudinis
1013 1913 1046 1942 ad
1065 1913 1217 1951 perficien-

366 1964 437 1992 dum
459 1962 639 2000 operationes·
662 1961 777 1994 virilen-
792 1961 865 1989 unde
886 1961 913 1989 iu
937 1960 1092 1989 Proverbiis
1103 1961 1130 1988 ⁴¹:
1148 1961 1216 1998 Ερε-

366 2014 468 2039 statem
491 2013 612 2046 operata
633 2012 672 2036 est
693 2017 802 2036 manas
825 2008 970 2040 reinissa;
991 2016 1100 2036 marias
1119 2011 1217 2035 autern

367 2056 491 2094 fortiam
510 2060 600 2093 parat
622 2055 751 2083 diuitias.
764 2055 806 2093 ‚Et
826 2055 860 2083 de
882 2055 943 2083 sorti
966 2055 1084 2083 muliere
1098 2054 1215 2082 dicitur:

367 2104 489 2132 Manain
505 2112 593 2131 suam
616 2102 694 2130 misit
715 2102 755 2130 act
772 2100 880 2138 sortia,
896 2105 921 2129 et
935 2101 1021 2138 (tamti
1034 2101 1097 2129 eius
1111 2109 1217 2137 appre-

368 2150 528 2179 henderant
548 2149 659 2187 susam..
683 2149 818 2186 Loquitur
839 2148 872 2177 de
896 2148 1013 2177 Ecclesia
1034 2151 1060 2177 et
1081 2148 1114 2176 de
1130 2156 1216 2176 mem—

368 2197 426 2226 bris
437 2197 505 2225 eius.
515 2191 598 2231 'l‘rius
610 2199 720 2233 oportet
734 2203 837 2233 ponere
851 2203 964 2224 manum
980 2195 1013 2223 ad
1028 2195 1118 2228 sortia⁷
1131 2203 1215 2231 quam

367 2244 443 2282 digiti
466 2244 675 2281 apprehendant
695 2243 805 2277 susum,
821 2243 846 2272 id
861 2246 917 2277 est,
937 2245 1045 2279 oportet
1063 2242 1141 2279 prius
1160 2242 1214 2270 sor-

431 2418 437 2431 ¹
457 2420 522 2441 llum.
535 2420 561 2446 8,
573 2419 611 2441 355.
623 2420 645 2441 et
657 2419 694 2441 38.
706 2430 736 2435 -
748 2418 865 2446 Chrysost.
879 2418 902 2439 in
915 2418 975 2440 hunc
986 2417 1063 2440 locum
1077 2417 1164 2445 (homil.
1182 2416 1216 2439 15.

368 2465 391 2481 u.
408 2458 438 2486 ὅ.)
457 2458 498 2481 ait:
517 2458 615 2485 Deinde,
628 2457 694 2487 quasi
707 2458 763 2480 haee
781 2463 825 2480 non
844 2457 898 2479 satis
915 2459 992 2479 essent
1009 2456 1038 2478 ad
1055 2462 1124 2478 suum
1141 2456 1216 2478 decla-

368 2498 467 2520 randum
484 2504 601 2525 umorem,
619 2497 674 2520 alias
690 2503 771 2520 rursus
796 2491 997 2525 subiicitz'Neque
1019 2497 1132 2519 creatura
1153 2494 1215 2523 alia,

369 2537 390 2559 isl
403 2540 448 2563 cst,
460 2538 528 2559 etiam
546 2537 563 2571 sj
582 2537 624 2559 alia
642 2539 746 2559 creatura
764 2538 835 2565 esset,
853 2538 938 2567 quanta
956 2538 991 2557 est
1007 2541 1033 2557 ea
1045 2541 1105 2564 quae
1116 2535 1216 2561 videtur,

368 2579 452 2605 quanta
472 2577 507 2599 illa
525 2577 661 2605 spiritualis,
678 2576 734 2599 nihil
752 2582 790 2599 me
807 2583 820 2599 a
837 2576 931 2599 caritate
948 2575 983 2597 illa
1001 2574 1158 2598 submovebit.

430 2614 439 2628 ²
457 2616 539 2638 Psalm.
558 2616 600 2643 217,
618 2617 639 2639 2.
657 2622 707 2645 seq.
724 2615 780 2638 lbid.
798 2616 840 2642 26,
860 2615 883 2637 i:
902 2615 1028 2642 Dominus,
1046 2617 1161 2643 protector
1173 2617 1216 2637 etc.

367 2667 398 2672 —
411 2655 522 2683 Superius
533 2655 655 2683 respicitur
667 2655 746 2683 opinio
759 2655 851 2677 Aristot.
868 2654 897 2677 de
914 2653 1052 2682 corporibus
1069 2653 1216 2680 caelestibus,

368 2701 428 2723 quae
446 2697 539 2722 propter
556 2694 795 2722 incorruptibilitatem
812 2700 861 2716 non
881 2702 891 2713 u
904 2693 1018 2721 recipiunt
1029 2693 1165 2721 peregrinas
1177 2693 1217 2715 iiu-

368 2733 500 2761 pressiones
512 2742 537 2760 »ς
556 2734 597 2755 cfr.
615 2736 671 2755 tom.
689 2733 725 2755 lV.
743 2739 798 2761 pag.
815 2733 873 2759 979,
891 2735 944 2755 nota
963 2732 984 2754 ¹l.

431 2770 440 2783 ³
458 2772 560 2800 Ariston,
578 2773 594 2794 l.
611 2772 682 2795 Ethic.
699 2778 718 2794 e.
736 2773 763 2794 8:
780 2772 838 2794 Fieri
856 2772 918 2794 enim
936 2774 1023 2799 potest,
1041 2773 1065 2793 ut
1076 2771 1181 2798 habitus,
1194 2771 1216 2793 li-

368 2814 404 2834 cet
420 2811 489 2838 adsit,
507 2811 594 2833 nullum
612 2814 688 2834 tarsen
706 2811 794 2834 bonum
812 2811 907 2838 efficiat3
924 2811 948 2833 id
965 2811 1028 2839 quod
1041 2811 1062 2833 in
1075 2811 1215 2837 dormiente,

367 2851 404 2873 vel
422 2850 466 2872 alio
484 2850 561 2879 aliquo
578 2850 649 2872 modo
667 2853 774 2872 manente
790 2850 863 2872 otioso
881 2850 975 2872 homine
993 2850 1082 2877 evenit3
1100 2852 1125 2872 ut
1136 2855 1216 2877 opera-

368 2890 398 2912 tio
416 2893 492 2912 autem
510 2889 565 2912 nihil
583 2888 637 2912 boni
655 2891 720 2917 agat,
739 2895 784 2911 non
802 2889 880 2917 datum
898 2892 950 2917 aget
966 2889 1027 2911 enim
1048 2888 1177 2912 necessario
1194 2890 1216 2911 ct

368 2928 427 2952 bene
444 2929 511 2951 etiam
529 2930 590 2957 aget.

430 2967 439 2980 ⁴
456 2968 513 2996 Cap.
531 2968 572 2994 10,
591 2967 610 2989 4.
629 2967 686 2990 lbid.
703 2968 741 2994 3⁴,
760 2967 797 2989 te.
814 2970 848 2990 est
864 2974 913 2996 seq.
936 2968 1007 2991 locus.
1030 2969 1092 2991 Beda
1114 2969 1136 2991 in
1154 2969 1216 2991 hune

367 3007 443 3029 locum
462 3006 500 3031 (de
517 3006 609 3028 Muliere
627 3005 687 3033 sorti)
706 3005 749 3028 ait:
766 3005 850 3029 Fortia
866 3006 921 3028 dicit
938 3008 1039 3035 perfecta
1052 3007 1074 3029 in
1086 3007 1168 3030 Christi
1180 3013 1216 3029 ca-

368 3044 433 3067 ritate
449 3051 544 3073 opera...
560 3045 638 3067 Solent
655 3044 754 3067 feminae
766 3047 869 3072 tenentes
885 3045 967 3074 susum
979 3046 1003 3069 in
1014 3046 1120 3073 dextera,
1137 3046 1215 3068 colum

1239 886 1251 919 ..-

938 230 982 258 DE
1003 230 1102 260 BONIS
1122 231 1267 261 SpffllTUS
1289 232 1314 260 S.
1336 231 1500 260 COLLATiO
1522 232 1551 260 V.

1273 310 1336 339 titer
1357 317 1454 347 agere,
1476 312 1624 346 antequam
1645 310 1728 340 homo
1749 310 1835 347 possit
1855 311 2049 348 perspicaciter
2070 311 2118 340 do-

1272 365 1343 386 cere.
1367 357 1395 385 ln
1415 356 1494 394 suso,
1509 365 1566 394 quo
1586 357 1746 386 extrahitur
1767 357 1845 386 filum
1866 357 1899 386 de
1920 360 2017 395 stupa,
2035 358 2118 396 signi—

1272 405 1372 433 ficatur
1400 403 1551 438 industria,
1574 412 1623 441 per
1647 412 1732 442 quam
1759 404 1886 433 homines
1906 405 2044 442 accipiunt
2071 405 2118 434 do-

1272 452 1388 481 ctrinam
1403 453 1431 480 et
1445 451 1586 488 explicant
1599 459 1667 480 eam.
1684 451 1737 488 Qui
1752 451 1812 480 vult
1825 451 1895 480 bene
1909 451 2023 487 docere,
2038 460 2119 490 opor-

1272 502 1325 533 tet,
1348 498 1422 536 quod
1443 499 1564 527 manum'
1577 499 1667 528 mittat
1687 499 1721 528 ad
1742 498 1831 528 fortia.
1854 498 1882 527 ln
1904 499 1975 528 libro
1990 500 2094 536 Regum
2108 500 2119 517 ⁵

1272 546 1388 575 dieitur:
1405 545 1575 583 Ingredere,
1590 546 1661 584 quia
1674 546 1721 574 vir
1736 544 1823 583 fortis
1838 554 1867 574 es
1877 549 1903 574 et
1913 545 1988 575 bona
2003 555 2120 575 annun—

1274 594 1366 625 tiaris,-
1388 596 1414 621 et
1435 592 1463 620 in
1486 592 1568 621 Isaia:
1591 592 1685 630 Super
1704 597 1829 622 montem
1843 593 1986 622 excelsum
2000 594 2121 623 aseende

1273 645 1321 674 tn,
1343 640 1394 678 qui
1414 639 1601 677 euanyelizas
1628 640 1706 669 Sion.
1728 640 1755 669 Si
1776 640 1922 669 brachium
1946 643 1988 669 est
2015 640 2119 676 debile,

1273 688 1354 717 etiam
1376 687 1398 716 si
1420 686 1527 724 gladius
1548 687 1631 716 fuerit
1651 687 1730 716 fortis
1750 690 1778 716 et
1798 687 1903 722 bonus;
1925 695 1980 716 non
2001 687 2055 716 erit
2072 688 2120 717 bo-

1274 744 1327 764 nus
1347 735 1427 764 ictus.
1450 734 1538 772 Aliqui
1560 734 1633 771 pleni
1648 738 1713 764 sunt
1727 734 1902 764 sermonibus
1916 738 1944 764 et
1957 743 2057 772 parum
2071 735 2120 764 ha-

1273 783 1339 812 bent
1359 782 1393 811 de
1413 781 1628 819 operationibus.

1357 829 1398 858 lli.
1428 829 1553 858 Secundo
1580 829 1662 858 datur
1688 829 1792 859 donum
1821 829 1941 866 Spiritus
1968 829 2054 858 sancti
2086 829 2120 858 ad

1271 876 1499 915 prosternendas
1526 879 1629 905 aereas
1651 880 1811 914 potestates.
1834 876 1910 905 Unde
1930 876 1958 905 in
1979 876 2119 905 Ioanne⁶:

1274 923 1376 953 Scribo
1403 922 1498 957 vobis,
1529 923 1660 958 iuuenes,
1688 924 1829 963 quoniam
1860 922 1951 961 fortes
1982 923 2065 958 estis,
2096 928 2122 953 et

1275 970 1395 999 verbam
1418 970 1470 998 Dei
1489 974 1587 998 manet
1608 970 1639 999 in
1659 970 1755 1005 vobis,
1778 973 1802 999 et
1820 969 1932 999 vicistis
1946 969 2119 1007 malignum.

1274 1018 1324 1046 Ista
1348 1016 1480 1046 fortitudo
1508 1016 1589 1046 debet
1609 1024 1668 1046 esse
1689 1017 1716 1045 in
1737 1017 1811 1046 omni
1832 1016 1989 1045 Christiano
2012 1019 2039 1045 et
2060 1023 2121 1053 spe-

1274 1065 1380 1094 cialiter
1400 1064 1427 1093 in
1449 1064 1519 1093 duce
1540 1064 1681 1093 exercitus
1702 1065 1796 1101 populi
1818 1064 1969 1093 christiani.
1985 1063 2122 1093 scribitur

1274 1112 1301 1140 in
1325 1112 1395 1141 libro
1416 1111 1661 1146 Machabaeorum,
1676 1111 1751 1148 quod
1766 1112 1858 1140 lactas
1871 1110 1960 1149 fortis
1973 1110 2088 1140 viribus
2102 1120 2122 1140 a

1274 1159 1419 1187 inveniare
1446 1166 1519 1192 sua,
1543 1159 1602 1196 ipse
1622 1159 1660 1187 Sit
1680 1158 1760 1187 vobis
1779 1158 1917 1195 princeps
1945 1158 2076 1192 militiae,
2098 1161 2122 1186 et

1274 1206 1333 1243 ipse
1354 1210 1419 1243 afflet
1441 1205 1541 1234 beilum
1561 1206 1672 1243 populi.
1694 1205 1806 1239 Omnis,
1828 1205 1875 1242 qui
1902 1205 2001 1242 accipit
2025 1213 2121 1233 euram

1273 1253 1442 1287 animarum,
1457 1252 1577 1281 efficitur
1592 1253 1720 1290 princeps
1735 1252 1864 1286 militiae;
1880 1255 1907 1281 et
1920 1252 2031 1289 quando
2046 1252 2121 1289 prin—

1274 1308 1338 1337 ceps
1359 1308 1413 1328 non
1435 1302 1476 1328 est
1498 1300 1601 1334 bonus,
1617 1303 1682 1328 tunc
1704 1300 1845 1328 exereitus
1860 1299 1943 1328 estin
1958 1307 2057 1336 magno
2075 1307 2122 1336 pe—

1274 1347 1370 1376 riculo.
1388 1347 1462 1376 Unde
1477 1347 1659 1384 conqueritur
1678 1347 1806 1376 Ieremias
1817 1346 1827 1363 ⁷
1842 1357 1847 1374 :
1864 1346 1997 1381 Recessit,
2016 1346 2121 1383 inquit⁷

1274 1395 1368 1423 omnis
1400 1394 1485 1423 ‹leco›-
1513 1403 1532 1423 a
1559 1394 1623 1431 fitia
1651 1394 1742 1428 Sion‚·
1773 1394 1848 1431 faeti
1878 1397 1948 1422 sunt
1973 1394 2122 1431 principes

1275 1442 1337 1469 eius
1358 1442 1435 1470 sieut
1455 1442 1560 1471 arietes
1580 1451 1638 1470 nou
1660 1442 1833 1470 invenientes
1844 1450 1976 1479 pascua,
1999 1445 2024 1470 et
2046 1440 2123 1469 abie—

1276 1493 1346 1516 rant
1370 1489 1478 1527 absque
1497 1488 1671 1525 fortitudine
1692 1493 1759 1518 aule
1778 1488 1887 1526 faeiem
1915 1488 2121 1526 subsequentis.

1275 1536 1335 1564 Duo
1362 1536 1493 1570 suerunt,
1521 1536 1624 1573 quibus
1652 1536 1785 1565 Dominus
1813 1535 1888 1564 dedit
1914 1535 2122 1569 fortitudinem,

1275 1581 1378 1610 scilicet
1399 1582 1480 1611 Caleb
1496 1586 1523 1611 et
1538 1583 1624 1612 losue.
1640 1583 1679 1612 De
1697 1583 1779 1612 Caleb
1799 1583 1901 1612 dicitur
1913 1583 1939 1611 ³:
1965 1572 2047 1611 Dedit
2069 1582 2123 1610 Do-

1276 1628 1374 1656 minus·
1389 1628 1592 1665 soi-titudinem
1613 1630 1671 1667 ipsi
1693 1629 1791 1664 Caleb,
1806 1634 1831 1658 et
1846 1638 1937 1668 usqae
1953 1629 1983 1658 in
1997 1632 2123 1658 senectu-

1276 1678 1330 1703 tem
1354 1676 1521 1712 permansit
1544 1676 1586 1704 itti
1606 1677 1715 1711 virtus,
1738 1680 1769 1705 itt
1790 1677 1956 1706 ascenderet
1980 1677 2011 1705 in
2035 1675 2123 1705 excel-

1274 1731 1342 1750 sum
1361 1726 1457 1751 terrae
1473 1722 1575 1751 locum.
1592 1723 1623 1751 Et
1638 1723 1764 1753 similiter
1778 1724 1880 1753 dicitur
1894 1724 1928 1753 de
1943 1724 2034 1758 losue,
2049 1723 2123 1761 quod

1274 1768 1362 1807 (ortis
1384 1769 1416 1798 in
1438 1769 1505 1798 bello
1527 1769 1616 1799 faetus
1637 1773 1686 1799 est.
1708 1771 1789 1799 Caleb
1811 1771 2012 1808 interpretatur
2033 1774 2121 1799 totum

1275 1826 1342 1851 eor,
1372 1821 1398 1846 et
1427 1817 1505 1846 losue
1533 1817 1733 1854 iuterpretatur
1760 1818 1893 1846 salvatio.
1924 1818 1968 1847 Isti
1999 1826 2051 1855 pro
2081 1826 2123 1847 sa-

1276 1865 1332 1893 lute
1353 1864 1472 1893 aliorum
1491 1864 1692 1893 circumierunt
1712 1865 1861 1901 explorare
1881 1868 1985 1894 terram
2007 1865 2124 1902 promis-

1275 1912 1359 1941 sionis
1371 1912 1389 1940 ⁹.

1358 1961 1400 1988 lz'i.
1424 1960 1516 1988 Tertio
1543 1960 1625 1988 datur
1653 1959 1757 1988 donum
1783 1959 1951 1988 fortitudinis
1976 1960 2010 1988 ad
2028 1959 2123 1997 perfe—

1275 2008 1384 2036 rendas
1405 2007 1570 2036 mundiales
1592 2002 1801 2039 tribulationes.
1825 2006 1900 2035 Unde
1920 2007 2022 2036 dicitur
2044 2007 2070 2035 in
2092 2007 2123 2035 li-

1275 2054 1325 2082 bro
1348 2055 1576 2091 Marhfihaeorum
1590 2054 1621 2088 ¹⁰,
1637 2054 1711 2091 quod
1732 2054 1893 2087 Eleazarus,
1913 2053 2024 2090 quando
2038 2061 2054 2081 a
2068 2053 2124 2082 vita

1274 2101 1406 2134 decessit,
1429 2101 1589 2138 exemplum
1610 2101 1780 2130 fortitudinis
1801 2100 1949 2129 iuvenibus
1970 2104 1997 2129 et
2011 2100 2124 2129 senibus

1274 2148 1470 2186 derelinquens
1483 2148 1572 2176 dixit:
1590 2147 1720 2177 Libenter
1731 2156 1789 2185 pro
1807 2156 1908 2176 amore
1923 2151 1972 2175 tao
1987 2146 2056 2176 llaec
2067 2156 2123 2185 pa-

1274 2195 1338 2223 tior.
1363 2196 1452 2223 Potuit
1474 2195 1602 2230 liberari,
1624 2196 1645 2225 si
1668 2195 1840 2229 simulasset,
1862 2202 1891 2224 se
1912 2202 2009 2224 earnes
2033 2194 2123 2232 porei—

1274 2250 1323 2270 nas
1344 2242 1510 2276 c‹·iiiiedisse;
1533 2242 1579 2271 sed
1602 2243 1705 2277 noluit,
1727 2242 1811 2271 immo
1832 2242 1924 2280 potius
1945 2242 2032 2271 voluit
2052 2243 2121 2271 mori

1273 2420 1350 2439 tenere
1368 2416 1390 2438 in
1407 2416 1509 2443 sinisti-ru
1528 2416 1551 2438 in
1568 2417 1618 2439 colo
1636 2416 1697 2439 enim
1715 2417 1766 2439 lana
1784 2416 1886 2439 involuta
1904 2419 1949 2443 est,
1961 2421 2021 2445 quae
2032 2415 2070 2438 uio
2082 2415 2122 2438 du-

1273 2456 1347 2479 cenda
1364 2459 1386 2478 ct
1403 2456 1479 2478 nenda
1498 2458 1596 2478 transcat
1613 2456 1635 2478 in
1654 2457 1738 2478 susum.

1337 2494 1346 2507 ⁵
1363 2495 1424 2518 Libr.
1442 2495 1474 2517 lll.
1493 2495 1513 2522 l,
1531 2495 1568 2517 42.
1581 2508 1612 2512 —
1629 2496 1682 2524 Seq.
1699 2495 1763 2518 locus
1780 2497 1814 2517 est
1830 2495 1879 2518 lsai.
1899 2494 1940 2523 40,
1957 2495 1979 2516 9.
1996 2494 2045 2517 Aet.
2063 2494 2084 2521 4,
2101 2493 2123 2516 4.

1274 2535 1368 2558 dicitur:
1386 2534 1466 2562 Coepit
1483 2535 1546 2557 lesus
1563 2536 1638 2557 faeere
1655 2536 1678 2556 et
1694 2534 1786 2557 docere.
1829 2563 1831 2565 Ι

1336 2573 1346 2586 ⁶
1363 2574 1433 2602 Epist.
1452 2575 1465 2596 l.
1483 2575 1508 2600 2,
1527 2574 1564 2596 4-1.
1581 2586 1612 2590 -
1629 2575 1682 2602 Seq.
1699 2574 1763 2596 locus
1780 2575 1814 2596 est
1831 2573 1846 2595 l.
1863 2573 1936 2595 Maeli.
1953 2573 1980 2600 2,
1997 2573 2036 2595 66.

1337 2612 1345 2625 ⁷
1363 2614 1448 2635 ΤΜ-οη.
1466 2613 1487 2640 l,
1505 2613 1531 2635 6:
1548 2613 1574 2635 Et
1590 2619 1698 2641 egressus
1715 2615 1750 2635 est
1767 2612 1784 2635 a
1800 2612 1845 2634 filia
1871 2612 1926 2634 §Ion
1951 2612 2027 2635 omnis
2052 2611 2123 2634 decor

1274 2653 1335 2679 eius;
1354 2652 1404 2675 l'acti
1422 2655 1465 2674 etc.

1336 2689 1346 2703 ⁸
1364 2691 1430 2713 Eccli.
1448 2691 1489 2718 46,
1509 2692 1545 2713 tt.
1563 2690 1620 2714 lbid.
1638 2698 1660 2714 v.
1678 2691 1700 2714 t.
1717 2693 1751 2714 est
1768 2697 1817 2720 seq.
1833 2691 1911 2713 loeus:
1927 2690 2000 2713 Fortis
2023 2690 2044 2712 in
2064 2689 2122 2712 bello

1274 2731 1336 2753 lesus
1347 2731 1418 2753 Nave.
1429 2743 1460 2747 --
1471 2730 1575 2759 Hieron„
1590 2731 1620 2753 de
1636 2730 1772 2753 Nominibus
1788 2729 1894 2753 Hebraic.
1912 2730 1951 2758 (de
1968 2730 2121 2752 Numerorum

1273 2769 1354 2799 libro):
1372 2769 1448 2798 Caleb,
1470 2770 1537 2798 quasi
1554 2776 1602 2797 eor,
1619 2773 1658 2793 aut
1674 2775 1745 2792 omne
1761 2776 1802 2792 cor
1818 2772 1873 2797 etc.;
1891 2769 1956 2797 lesa,
1974 2769 2081 2791 salvator.

1296 2839 1299 2842 Α
1336 2808 1345 2821 ²³
1362 2808 1408 2832 Cir.
1425 2809 1492 2831 Num.
1510 2809 1551 2837 ⁴3,
1568 2809 1591 2831 7.
1608 2812 1630 2831 et
1648 2808 1686 2831 47.

1337 2847 1355 2860 ¹⁰
1372 2848 1434 2871 Libr.
1450 2848 1475 2870 ll.
1492 2849 1519 2876 6,
1537 2849 1574 2871 26.
1591 2854 1669 2877 seqq:
1689 2848 1782 2870 Manum
1799 2846 1963 2875 omnipotentis
1985 2852 2029 2868 nec
2053 2845 2122 2867 vivus

1273 2894 1316 2911 nec
1333 2888 1455 2910 defunctus
1472 2887 1589 2915 effugiam.
1615 2886 1774 2916 Quamobrem
1797 2886 1884 2908 sortiter
1905 2886 1953 2908 vita
1975 2884 2121 2911 excedendo.

1273 2929 1390 2949 senectute
1407 2926 1502 2954 quidem
1520 2926 1606 2954 dignus
1617 2924 1749 2954 apparebo;
1762 2924 1946 2948 adolescentibus
1958 2926 2036 2947 autem
2047 2928 2122 2946 exem-

1273 2967 1338 2995 plum
1356 2967 1414 2988 soi-te
1430 2965 1571 2994 relinquam,
1588 2966 1606 2988 si
1624 2968 1734 2993 prompto
1751 2964 1828 2987 animo
1849 2970 1877 2986 ac
1899 2964 1987 2986 fortiter
2009 2956 2052 2990 pro
2070 2968 2121 2990 gra-

1273 3005 1373 3028 vissimis
1390 3010 1418 3027 ac
1434 3004 1583 3027 sanctissimis
1599 3003 1691 3032 legibus
1708 3004 1802 3026 honesta
1819 3005 1894 3026 morte
1908 3002 2045 3031 perfungar.
2055 3001 2121 3022 —lu

1272 3049 1296 3067 v.
1313 3044 1351 3067 30.
1368 3044 1466 3071 Vulgata
1480 3044 1580 3073 propter
1596 3043 1706 3066 timorem
1718 3043 1792 3066 tuum
1810 3043 1860 3065 loco
1873 3047 1921 3072 pro
1938 3045 2022 3064 amore
2039 3041 2086 3063 tuo.

2133 646 2206 665 Simile.

2133 834 2227 854 Secundo.

2136 1967 2207 1986 Tertio.
