<?xml version="1.0" encoding="UTF-8"?>
<!DOCTYPE html PUBLIC "-//W3C//DTD XHTML 1.0 Transitional//EN"
    "http://www.w3.org/TR/xhtml1/DTD/xhtml1-transitional.dtd">
<html xmlns="http://www.w3.org/1999/xhtml" xml:lang="en" lang="en">
 <head>
  <title>
</title>
<meta http-equiv="Content-Type" content="text/html;charset=utf-8" />
  <meta name='ocr-system' content='tesseract 3.04.00' />
  <meta name='ocr-capabilities' content='ocr_page ocr_carea ocr_par ocr_line ocrx_word'/>
</head>
<body>
  <div class='ocr_page' id='page_1' title='image "./doctorisseraphic05bona_0016.png"; bbox 0 0 2285 3398; ppageno 0'>
   <div class='ocr_carea' id='block_1_1' title="bbox 464 173 1506 207">
    <p class='ocr_par' dir='ltr' id='par_1_1' title="bbox 464 173 1506 207">
     <span class='ocr_line' id='line_1_1' title="bbox 464 173 1506 207; baseline -0.006 0"><span class='ocrx_word' id='word_1_1' title='bbox 464 179 497 207; x_wconf 91' lang='lat' dir='ltr'>Vl</span> <span class='ocrx_word' id='word_1_2' title='bbox 1163 173 1404 203; x_wconf 80' lang='lat' dir='ltr'>PROLEGOMENA</span> <span class='ocrx_word' id='word_1_3' title='bbox 1425 173 1453 201; x_wconf 94' lang='lat' dir='ltr'>C.</span> <span class='ocrx_word' id='word_1_4' title='bbox 1476 173 1506 201; x_wconf 89' lang='grc' dir='ltr'>Ι1.</span> 
     </span>
    </p>
   </div>
   <div class='ocr_carea' id='block_1_2' title="bbox 463 251 1314 2971">
    <p class='ocr_par' dir='ltr' id='par_1_2' title="bbox 463 251 1308 932">
     <span class='ocr_line' id='line_1_2' title="bbox 464 251 1305 284; baseline -0.006 -6"><span class='ocrx_word' id='word_1_5' title='bbox 464 256 524 284; x_wconf 84' lang='lat' dir='ltr'>sign.</span> <span class='ocrx_word' id='word_1_6' title='bbox 544 256 597 278; x_wconf 80' lang='lat'>282.</span> <span class='ocrx_word' id='word_1_7' title='bbox 613 267 643 272; x_wconf 90' lang='lat'><em>—</em></span> <span class='ocrx_word' id='word_1_8' title='bbox 660 254 766 278; x_wconf 75' lang='lat' dir='ltr'>Continet</span> <span class='ocrx_word' id='word_1_9' title='bbox 782 254 840 277; x_wconf 90' lang='lat' dir='ltr'>duas</span> <span class='ocrx_word' id='word_1_10' title='bbox 856 256 933 282; x_wconf 84' lang='lat' dir='ltr'>partes</span> <span class='ocrx_word' id='word_1_11' title='bbox 949 253 1063 282; x_wconf 80' lang='lat' dir='ltr'><strong>posterius</strong></span> <span class='ocrx_word' id='word_1_12' title='bbox 1084 251 1264 280; x_wconf 85' lang='lat' dir='ltr'>compaginatas.</span> <span class='ocrx_word' id='word_1_13' title='bbox 1281 251 1305 273; x_wconf 88' lang='lat' dir='ltr'>ln</span> 
     </span>
     <span class='ocr_line' id='line_1_3' title="bbox 464 297 1305 331; baseline -0.007 -6"><span class='ocrx_word' id='word_1_14' title='bbox 464 303 539 331; x_wconf 84' lang='lat' dir='ltr'>prima</span> <span class='ocrx_word' id='word_1_15' title='bbox 555 304 608 324; x_wconf 90' lang='lat' dir='ltr'>sunt</span> <span class='ocrx_word' id='word_1_16' title='bbox 625 301 772 330; x_wconf 81' lang='lat' dir='ltr'>quaestiones</span> <span class='ocrx_word' id='word_1_17' title='bbox 785 306 855 328; x_wconf 89' lang='lat' dir='ltr'>super</span> <span class='ocrx_word' id='word_1_18' title='bbox 868 299 939 322; x_wconf 80' lang='lat' dir='ltr'>libros</span> <span class='ocrx_word' id='word_1_19' title='bbox 953 298 1134 325; x_wconf 85' lang='lat' dir='ltr'>Sententiarum,</span> <span class='ocrx_word' id='word_1_20' title='bbox 1148 303 1249 326; x_wconf 93' lang='lat' dir='ltr'>quarum</span> <span class='ocrx_word' id='word_1_21' title='bbox 1264 297 1305 319; x_wconf 90' lang='lat' dir='ltr'>ini-</span> 
     </span>
     <span class='ocr_line' id='line_1_4' title="bbox 464 343 1306 376; baseline -0.007 -6"><span class='ocrx_word' id='word_1_22' title='bbox 464 349 533 370; x_wconf 86' lang='lat' dir='ltr'>tium:</span> <span class='ocrx_word' id='word_1_23' title='bbox 544 347 605 376; x_wconf 77' lang='lat' dir='ltr'>Quia</span> <span class='ocrx_word' id='word_1_24' title='bbox 613 348 732 376; x_wconf 63' lang='lat' dir='ltr'>negantes,</span> <span class='ocrx_word' id='word_1_25' title='bbox 742 344 884 375; x_wconf 62' lang='lat' dir='ltr'>theologiam</span> <span class='ocrx_word' id='word_1_26' title='bbox 894 351 945 369; x_wconf 76' lang='lat' dir='ltr'>esse</span> <span class='ocrx_word' id='word_1_27' title='bbox 951 344 1050 374; x_wconf 81' lang='lat' dir='ltr'><em>proprie</em></span> <span class='ocrx_word' id='word_1_28' title='bbox 1061 343 1190 367; x_wconf 77' lang='lat' dir='ltr'>scientiam.</span> <span class='ocrx_word' id='word_1_29' title='bbox 1200 344 1265 365; x_wconf 90' lang='lat' dir='ltr'>Tunc</span> <span class='ocrx_word' id='word_1_30' title='bbox 1273 348 1306 365; x_wconf 87' lang='lat' dir='ltr'>se-</span> 
     </span>
     <span class='ocr_line' id='line_1_5' title="bbox 463 388 1305 425; baseline -0.007 -7"><span class='ocrx_word' id='word_1_31' title='bbox 463 398 566 425; x_wconf 87' lang='lat' dir='ltr'>quuntur</span> <span class='ocrx_word' id='word_1_32' title='bbox 576 395 721 424; x_wconf 79' lang='lat' dir='ltr'>quaestiones</span> <span class='ocrx_word' id='word_1_33' title='bbox 738 396 816 416; x_wconf 88' lang='lat' dir='ltr'>contra</span> <span class='ocrx_word' id='word_1_34' title='bbox 824 388 941 419; x_wconf 71' lang='lat' dir='ltr'>iudaeos,</span> <span class='ocrx_word' id='word_1_35' title='bbox 952 398 1032 414; x_wconf 88' lang='lat' dir='ltr'>omnes</span> <span class='ocrx_word' id='word_1_36' title='bbox 1049 396 1188 419; x_wconf 78' lang='lat' dir='ltr'>anonymae.</span> <span class='ocrx_word' id='word_1_37' title='bbox 1201 389 1305 412; x_wconf 83' lang='lat' dir='ltr'>Secunda</span> 
     </span>
     <span class='ocr_line' id='line_1_6' title="bbox 463 436 1306 471; baseline -0.007 -6"><span class='ocrx_word' id='word_1_38' title='bbox 463 446 486 466; x_wconf 89' lang='lat' dir='ltr'>et</span> <span class='ocrx_word' id='word_1_39' title='bbox 496 442 611 471; x_wconf 88' lang='lat' dir='ltr'>antiquior</span> <span class='ocrx_word' id='word_1_40' title='bbox 623 447 688 469; x_wconf 85' lang='lat' dir='ltr'>pars,</span> <span class='ocrx_word' id='word_1_41' title='bbox 700 440 784 468; x_wconf 86' lang='lat' dir='ltr'>scripta</span> <span class='ocrx_word' id='word_1_42' title='bbox 795 445 855 462; x_wconf 90' lang='lat' dir='ltr'>saec.</span> <span class='ocrx_word' id='word_1_43' title='bbox 867 439 923 461; x_wconf 88' lang='grc' dir='ltr'>Χ111.</span> <span class='ocrx_word' id='word_1_44' title='bbox 934 437 978 461; x_wconf 90' lang='lat' dir='ltr'>sub</span> <span class='ocrx_word' id='word_1_45' title='bbox 990 438 1047 465; x_wconf 79' lang='lat' dir='ltr'>fine,</span> <span class='ocrx_word' id='word_1_46' title='bbox 1058 436 1150 460; x_wconf 79' lang='lat' dir='ltr'><strong>exhibet</strong></span> <span class='ocrx_word' id='word_1_47' title='bbox 1161 436 1306 465; x_wconf 79' lang='lat' dir='ltr'>quaestiones</span> 
     </span>
     <span class='ocr_line' id='line_1_7' title="bbox 463 481 1306 516; baseline -0.008 -6"><span class='ocrx_word' id='word_1_48' title='bbox 463 488 590 516; x_wconf 89' lang='lat' dir='ltr'>disputatas</span> <span class='ocrx_word' id='word_1_49' title='bbox 607 487 628 508; x_wconf 86' lang='lat' dir='ltr'>S.</span> <span class='ocrx_word' id='word_1_50' title='bbox 646 487 822 508; x_wconf 87' lang='lat' dir='ltr'>Bonaventurae</span> <span class='ocrx_word' id='word_1_51' title='bbox 839 485 868 507; x_wconf 91' lang='lat' dir='ltr'>de</span> <span class='ocrx_word' id='word_1_52' title='bbox 889 484 982 507; x_wconf 90' lang='lat' dir='ltr'>scientia</span> <span class='ocrx_word' id='word_1_53' title='bbox 1003 483 1086 506; x_wconf 83' lang='lat' dir='ltr'>Christi</span> <span class='ocrx_word' id='word_1_54' title='bbox 1102 484 1124 505; x_wconf 90' lang='lat' dir='ltr'>et</span> <span class='ocrx_word' id='word_1_55' title='bbox 1146 482 1175 504; x_wconf 91' lang='lat' dir='ltr'>de</span> <span class='ocrx_word' id='word_1_56' title='bbox 1197 481 1306 512; x_wconf 70' lang='lat' dir='ltr'>mysterio</span> 
     </span>
     <span class='ocr_line' id='line_1_8' title="bbox 464 528 1307 560; baseline -0.009 -3"><span class='ocrx_word' id='word_1_57' title='bbox 464 533 587 557; x_wconf 73' lang='lat' dir='ltr'>Trinitatis.</span> <span class='ocrx_word' id='word_1_58' title='bbox 606 533 650 555; x_wconf 87' lang='lat' dir='ltr'>Sed</span> <span class='ocrx_word' id='word_1_59' title='bbox 673 532 811 560; x_wconf 78' lang='lat' dir='ltr'>dolendum,</span> <span class='ocrx_word' id='word_1_60' title='bbox 828 531 892 560; x_wconf 91' lang='lat' dir='ltr'>quod</span> <span class='ocrx_word' id='word_1_61' title='bbox 916 535 996 552; x_wconf 87' lang='lat' dir='ltr'>omnes</span> <span class='ocrx_word' id='word_1_62' title='bbox 1020 528 1166 558; x_wconf 81' lang='lat' dir='ltr'>quaestiones</span> <span class='ocrx_word' id='word_1_63' title='bbox 1190 528 1219 550; x_wconf 86' lang='lat' dir='ltr'>de</span> <span class='ocrx_word' id='word_1_64' title='bbox 1236 528 1307 556; x_wconf 82' lang='lat' dir='ltr'>perfe-</span> 
     </span>
     <span class='ocr_line' id='line_1_9' title="bbox 464 574 1306 607; baseline -0.008 -4"><span class='ocrx_word' id='word_1_65' title='bbox 464 581 537 604; x_wconf 88' lang='lat' dir='ltr'>ctione</span> <span class='ocrx_word' id='word_1_66' title='bbox 556 575 690 607; x_wconf 82' lang='lat' dir='ltr'>evangelica</span> <span class='ocrx_word' id='word_1_67' title='bbox 706 584 767 601; x_wconf 87' lang='lat' dir='ltr'>nunc</span> <span class='ocrx_word' id='word_1_68' title='bbox 783 577 949 605; x_wconf 78' lang='lat' dir='ltr'>desiderantur,</span> <span class='ocrx_word' id='word_1_69' title='bbox 966 576 1074 604; x_wconf 89' lang='lat' dir='ltr'>quamvis</span> <span class='ocrx_word' id='word_1_70' title='bbox 1092 575 1113 597; x_wconf 94' lang='lat' dir='ltr'>in</span> <span class='ocrx_word' id='word_1_71' title='bbox 1130 574 1219 603; x_wconf 85' lang='lat' dir='ltr'>tabula,</span> <span class='ocrx_word' id='word_1_72' title='bbox 1236 580 1306 603; x_wconf 87' lang='lat' dir='ltr'>quam</span> 
     </span>
     <span class='ocr_line' id='line_1_10' title="bbox 463 620 1307 654; baseline -0.008 -5"><span class='ocrx_word' id='word_1_73' title='bbox 463 626 609 654; x_wconf 83' lang='lat' dir='ltr'>subiicimus,</span> <span class='ocrx_word' id='word_1_74' title='bbox 627 625 754 647; x_wconf 88' lang='lat' dir='ltr'>indicentur</span> <span class='ocrx_word' id='word_1_75' title='bbox 771 626 793 646; x_wconf 91' lang='lat' dir='ltr'>et</span> <span class='ocrx_word' id='word_1_76' title='bbox 808 623 915 652; x_wconf 88' lang='lat' dir='ltr'>primitus</span> <span class='ocrx_word' id='word_1_77' title='bbox 931 623 954 645; x_wconf 91' lang='lat' dir='ltr'>in</span> <span class='ocrx_word' id='word_1_78' title='bbox 971 622 1051 644; x_wconf 89' lang='lat' dir='ltr'>codice</span> <span class='ocrx_word' id='word_1_79' title='bbox 1067 621 1165 649; x_wconf 83' lang='lat' dir='ltr'>scriptae</span> <span class='ocrx_word' id='word_1_80' title='bbox 1176 623 1258 643; x_wconf 86' lang='lat' dir='ltr'>essent.</span> <span class='ocrx_word' id='word_1_81' title='bbox 1270 620 1307 642; x_wconf 91' lang='lat' dir='ltr'>Di-</span> 
     </span>
     <span class='ocr_line' id='line_1_11' title="bbox 463 666 1308 701; baseline -0.007 -6"><span class='ocrx_word' id='word_1_82' title='bbox 463 675 513 696; x_wconf 87' lang='lat' dir='ltr'>ctae</span> <span class='ocrx_word' id='word_1_83' title='bbox 528 672 673 701; x_wconf 84' lang='lat' dir='ltr'>quaestiones</span> <span class='ocrx_word' id='word_1_84' title='bbox 690 671 802 699; x_wconf 90' lang='lat' dir='ltr'>incipiunt</span> <span class='ocrx_word' id='word_1_85' title='bbox 816 670 853 693; x_wconf 90' lang='lat' dir='ltr'>fol.</span> <span class='ocrx_word' id='word_1_86' title='bbox 865 670 901 692; x_wconf 79' lang='lat'>26.</span> <span class='ocrx_word' id='word_1_87' title='bbox 914 669 1021 698; x_wconf 81' lang='lat' dir='ltr'>antiquae</span> <span class='ocrx_word' id='word_1_88' title='bbox 1032 667 1207 695; x_wconf 81' lang='lat' dir='ltr'>numerationis,</span> <span class='ocrx_word' id='word_1_89' title='bbox 1219 666 1308 695; x_wconf 85' lang='lat' dir='ltr'>absque</span> 
     </span>
     <span class='ocr_line' id='line_1_12' title="bbox 463 713 1307 745; baseline -0.007 -4"><span class='ocrx_word' id='word_1_90' title='bbox 463 718 509 741; x_wconf 90' lang='lat' dir='ltr'>uilo</span> <span class='ocrx_word' id='word_1_91' title='bbox 524 718 601 745; x_wconf 87' lang='lat' dir='ltr'>titulo;</span> <span class='ocrx_word' id='word_1_92' title='bbox 618 717 725 740; x_wconf 89' lang='lat' dir='ltr'>desinunt</span> <span class='ocrx_word' id='word_1_93' title='bbox 741 716 823 739; x_wconf 88' lang='lat' dir='ltr'>eodem</span> <span class='ocrx_word' id='word_1_94' title='bbox 841 717 903 744; x_wconf 85' lang='lat' dir='ltr'>loco,</span> <span class='ocrx_word' id='word_1_95' title='bbox 921 721 967 744; x_wconf 91' lang='lat' dir='ltr'>quo</span> <span class='ocrx_word' id='word_1_96' title='bbox 984 714 1054 737; x_wconf 88' lang='lat' dir='ltr'>ceteri</span> <span class='ocrx_word' id='word_1_97' title='bbox 1070 714 1150 742; x_wconf 88' lang='lat' dir='ltr'>codd.,</span> <span class='ocrx_word' id='word_1_98' title='bbox 1167 716 1261 741; x_wconf 86' lang='lat' dir='ltr'>excepto</span> <span class='ocrx_word' id='word_1_99' title='bbox 1277 713 1307 740; x_wconf 88' lang='lat' dir='ltr'>D,</span> 
     </span>
     <span class='ocr_line' id='line_1_13' title="bbox 463 760 1307 792; baseline -0.007 -4"><span class='ocrx_word' id='word_1_100' title='bbox 463 768 489 788; x_wconf 92' lang='lat' dir='ltr'>ut</span> <span class='ocrx_word' id='word_1_101' title='bbox 509 765 595 788; x_wconf 89' lang='lat' dir='ltr'>dictum</span> <span class='ocrx_word' id='word_1_102' title='bbox 616 767 650 787; x_wconf 90' lang='lat' dir='ltr'>est</span> <span class='ocrx_word' id='word_1_103' title='bbox 665 764 695 786; x_wconf 88' lang='lat' dir='ltr'>de</span> <span class='ocrx_word' id='word_1_104' title='bbox 718 762 917 792; x_wconf 82' lang='lat' dir='ltr'>praecedentibus.</span> <span class='ocrx_word' id='word_1_105' title='bbox 932 774 963 778; x_wconf 97' lang='lat'><strong>—</strong></span> <span class='ocrx_word' id='word_1_106' title='bbox 979 762 1026 784; x_wconf 88' lang='lat' dir='ltr'>Fol.</span> <span class='ocrx_word' id='word_1_107' title='bbox 1046 761 1083 784; x_wconf 78' lang='lat'>86.</span> <span class='ocrx_word' id='word_1_108' title='bbox 1100 767 1123 783; x_wconf 88' lang='lat' dir='ltr'>v.</span> <span class='ocrx_word' id='word_1_109' title='bbox 1140 763 1162 783; x_wconf 84' lang='lat' dir='ltr'>et</span> <span class='ocrx_word' id='word_1_110' title='bbox 1179 760 1216 783; x_wconf 92' lang='lat' dir='ltr'>fol.</span> <span class='ocrx_word' id='word_1_111' title='bbox 1235 760 1273 782; x_wconf 82' lang='lat'>87.</span> <span class='ocrx_word' id='word_1_112' title='bbox 1288 766 1307 782; x_wconf 91' lang='lat' dir='ltr'>r.</span> 
     </span>
     <span class='ocr_line' id='line_1_14' title="bbox 464 808 1308 840; baseline -0.007 -5"><span class='ocrx_word' id='word_1_113' title='bbox 464 812 583 835; x_wconf 84' lang='lat' dir='ltr'>exhibetur</span> <span class='ocrx_word' id='word_1_114' title='bbox 604 817 703 840; x_wconf 88' lang='lat' dir='ltr'>sequens</span> <span class='ocrx_word' id='word_1_115' title='bbox 724 810 800 833; x_wconf 87' lang='lat' dir='ltr'>tabula</span> <span class='ocrx_word' id='word_1_116' title='bbox 817 810 920 832; x_wconf 87' lang='lat' dir='ltr'>indicans</span> <span class='ocrx_word' id='word_1_117' title='bbox 936 815 975 838; x_wconf 93' lang='lat' dir='ltr'>qq.</span> <span class='ocrx_word' id='word_1_118' title='bbox 996 809 1025 831; x_wconf 89' lang='lat' dir='ltr'>de</span> <span class='ocrx_word' id='word_1_119' title='bbox 1046 808 1186 837; x_wconf 83' lang='lat' dir='ltr'>perfectione</span> <span class='ocrx_word' id='word_1_120' title='bbox 1210 813 1308 835; x_wconf 88' lang='lat' dir='ltr'>evange-</span> 
     </span>
     <span class='ocr_line' id='line_1_15' title="bbox 464 853 1307 887; baseline -0.007 -6"><span class='ocrx_word' id='word_1_121' title='bbox 464 858 514 881; x_wconf 91' lang='lat' dir='ltr'>lica.</span> <span class='ocrx_word' id='word_1_122' title='bbox 526 857 636 887; x_wconf 90' lang='lat' dir='ltr'>[Numeri</span> <span class='ocrx_word' id='word_1_123' title='bbox 652 858 675 879; x_wconf 94' lang='lat' dir='ltr'>in</span> <span class='ocrx_word' id='word_1_124' title='bbox 691 857 737 879; x_wconf 84' lang='lat' dir='ltr'>fine</span> <span class='ocrx_word' id='word_1_125' title='bbox 748 856 815 884; x_wconf 87' lang='lat' dir='ltr'>positi</span> <span class='ocrx_word' id='word_1_126' title='bbox 827 858 880 878; x_wconf 85' lang='lat' dir='ltr'>sunt</span> <span class='ocrx_word' id='word_1_127' title='bbox 891 855 1019 878; x_wconf 86' lang='lat' dir='ltr'>seeundum</span> <span class='ocrx_word' id='word_1_128' title='bbox 1035 854 1159 884; x_wconf 77' lang='lat' dir='ltr'>antiquam</span> <span class='ocrx_word' id='word_1_129' title='bbox 1171 853 1307 877; x_wconf 84' lang='lat' dir='ltr'>numeratio-</span> 
     </span>
     <span class='ocr_line' id='line_1_16' title="bbox 463 902 661 932; baseline -0.01 -6"><span class='ocrx_word' id='word_1_130' title='bbox 463 910 517 926; x_wconf 91' lang='lat' dir='ltr'>nem</span> <span class='ocrx_word' id='word_1_131' title='bbox 535 902 661 932; x_wconf 69' lang='lat' dir='ltr'>foliorum]</span> 
     </span>
    </p>

    <p class='ocr_par' dir='ltr' id='par_1_3' title="bbox 465 946 1308 1025">
     <span class='ocr_line' id='line_1_17' title="bbox 526 946 1308 977; baseline -0.005 -5"><span class='ocrx_word' id='word_1_132' title='bbox 526 950 607 972; x_wconf 87' lang='lat' dir='ltr'>Utrum</span> <span class='ocrx_word' id='word_1_133' title='bbox 631 949 753 972; x_wconf 86' lang='lat' dir='ltr'>christiane</span> <span class='ocrx_word' id='word_1_134' title='bbox 778 948 923 977; x_wconf 85' lang='lat' dir='ltr'>perfectionis</span> <span class='ocrx_word' id='word_1_135' title='bbox 947 948 976 970; x_wconf 90' lang='lat' dir='ltr'>sit</span> <span class='ocrx_word' id='word_1_136' title='bbox 995 947 1104 969; x_wconf 84' lang='lat' dir='ltr'>vilificare</span> <span class='ocrx_word' id='word_1_137' title='bbox 1125 953 1150 969; x_wconf 88' lang='lat' dir='ltr'>se</span> <span class='ocrx_word' id='word_1_138' title='bbox 1171 946 1248 974; x_wconf 89' lang='lat' dir='ltr'>ipsum</span> <span class='ocrx_word' id='word_1_139' title='bbox 1265 952 1308 974; x_wconf 90' lang='lat' dir='ltr'>pro</span> 
     </span>
     <span class='ocr_line' id='line_1_18' title="bbox 465 996 678 1025; baseline -0.009 -5"><span class='ocrx_word' id='word_1_140' title='bbox 465 996 566 1023; x_wconf 86' lang='lat' dir='ltr'>Christo,</span> <span class='ocrx_word' id='word_1_141' title='bbox 584 996 638 1025; x_wconf 91' lang='lat' dir='ltr'>(fol.)</span> <span class='ocrx_word' id='word_1_142' title='bbox 657 997 678 1018; x_wconf 79' lang='lat' dir='ltr'>t.</span> 
     </span>
    </p>

    <p class='ocr_par' dir='ltr' id='par_1_4' title="bbox 465 1039 1308 1116">
     <span class='ocr_line' id='line_1_19' title="bbox 527 1039 1308 1070; baseline -0.005 -5"><span class='ocrx_word' id='word_1_143' title='bbox 527 1043 606 1065; x_wconf 85' lang='lat' dir='ltr'>Utrum</span> <span class='ocrx_word' id='word_1_144' title='bbox 628 1042 750 1064; x_wconf 78' lang='lat' dir='ltr'>christIane</span> <span class='ocrx_word' id='word_1_145' title='bbox 771 1041 916 1070; x_wconf 84' lang='lat' dir='ltr'>perfectionis</span> <span class='ocrx_word' id='word_1_146' title='bbox 933 1041 961 1063; x_wconf 89' lang='lat' dir='ltr'>sit</span> <span class='ocrx_word' id='word_1_147' title='bbox 977 1040 1138 1062; x_wconf 87' lang='lat' dir='ltr'>abrenuntiare</span> <span class='ocrx_word' id='word_1_148' title='bbox 1158 1039 1267 1062; x_wconf 89' lang='lat' dir='ltr'>omnibus</span> <span class='ocrx_word' id='word_1_149' title='bbox 1286 1039 1308 1061; x_wconf 90' lang='lat' dir='ltr'>in</span> 
     </span>
     <span class='ocr_line' id='line_1_20' title="bbox 465 1086 987 1116; baseline -0.006 -4"><span class='ocrx_word' id='word_1_150' title='bbox 465 1089 582 1112; x_wconf 89' lang='lat' dir='ltr'>communi</span> <span class='ocrx_word' id='word_1_151' title='bbox 600 1092 621 1111; x_wconf 90' lang='lat' dir='ltr'>et</span> <span class='ocrx_word' id='word_1_152' title='bbox 638 1089 661 1111; x_wconf 91' lang='lat' dir='ltr'>in</span> <span class='ocrx_word' id='word_1_153' title='bbox 677 1088 769 1116; x_wconf 86' lang='lat' dir='ltr'>speciali</span> <span class='ocrx_word' id='word_1_154' title='bbox 786 1094 829 1116; x_wconf 87' lang='lat' dir='ltr'>pro</span> <span class='ocrx_word' id='word_1_155' title='bbox 846 1087 948 1116; x_wconf 84' lang='lat' dir='ltr'>Christo,</span> <span class='ocrx_word' id='word_1_156' title='bbox 965 1086 987 1109; x_wconf 72' lang='lat'>3&#39;.</span> 
     </span>
    </p>

    <p class='ocr_par' dir='ltr' id='par_1_5' title="bbox 527 1132 1309 1163">
     <span class='ocr_line' id='line_1_21' title="bbox 527 1132 1309 1163; baseline -0.005 -5"><span class='ocrx_word' id='word_1_157' title='bbox 527 1136 607 1159; x_wconf 82' lang='lat' dir='ltr'>Utrum</span> <span class='ocrx_word' id='word_1_158' title='bbox 623 1135 744 1158; x_wconf 84' lang='lat' dir='ltr'>christIane</span> <span class='ocrx_word' id='word_1_159' title='bbox 761 1134 907 1163; x_wconf 85' lang='lat' dir='ltr'>perfectionis</span> <span class='ocrx_word' id='word_1_160' title='bbox 923 1134 952 1156; x_wconf 83' lang='lat' dir='ltr'>sit</span> <span class='ocrx_word' id='word_1_161' title='bbox 968 1133 1099 1156; x_wconf 91' lang='lat' dir='ltr'>mendicare</span> <span class='ocrx_word' id='word_1_162' title='bbox 1115 1139 1158 1161; x_wconf 91' lang='lat' dir='ltr'>pro</span> <span class='ocrx_word' id='word_1_163' title='bbox 1173 1132 1274 1161; x_wconf 89' lang='lat' dir='ltr'>Christo,</span> <span class='ocrx_word' id='word_1_164' title='bbox 1286 1133 1309 1155; x_wconf 83' lang='lat'>6.</span> 
     </span>
    </p>

    <p class='ocr_par' dir='ltr' id='par_1_6' title="bbox 466 1179 1309 1256">
     <span class='ocr_line' id='line_1_22' title="bbox 527 1179 1309 1208; baseline -0.003 -5"><span class='ocrx_word' id='word_1_165' title='bbox 527 1182 607 1204; x_wconf 80' lang='lat' dir='ltr'>Utrum</span> <span class='ocrx_word' id='word_1_166' title='bbox 624 1186 739 1208; x_wconf 86' lang='lat' dir='ltr'>pauperes</span> <span class='ocrx_word' id='word_1_167' title='bbox 761 1180 831 1202; x_wconf 84' lang='lat' dir='ltr'>validi</span> <span class='ocrx_word' id='word_1_168' title='bbox 853 1182 875 1202; x_wconf 89' lang='lat' dir='ltr'>et</span> <span class='ocrx_word' id='word_1_169' title='bbox 897 1179 995 1202; x_wconf 81' lang='lat' dir='ltr'>maxime</span> <span class='ocrx_word' id='word_1_170' title='bbox 1016 1179 1116 1207; x_wconf 78' lang='lat' dir='ltr'>religiosi</span> <span class='ocrx_word' id='word_1_171' title='bbox 1139 1181 1257 1201; x_wconf 88' lang='lat' dir='ltr'>teneantur</span> <span class='ocrx_word' id='word_1_172' title='bbox 1279 1179 1309 1201; x_wconf 90' lang='lat' dir='ltr'>ad</span> 
     </span>
     <span class='ocr_line' id='line_1_23' title="bbox 466 1228 734 1256; baseline 0 -6"><span class='ocrx_word' id='word_1_173' title='bbox 466 1234 536 1256; x_wconf 90' lang='lat' dir='ltr'>opera</span> <span class='ocrx_word' id='word_1_174' title='bbox 553 1228 679 1256; x_wconf 82' lang='lat' dir='ltr'>manualia,</span> <span class='ocrx_word' id='word_1_175' title='bbox 698 1228 734 1250; x_wconf 72' lang='lat'>42.</span> 
     </span>
    </p>

    <p class='ocr_par' dir='ltr' id='par_1_7' title="bbox 528 1272 1309 1301">
     <span class='ocr_line' id='line_1_24' title="bbox 528 1272 1309 1301; baseline -0.005 -4"><span class='ocrx_word' id='word_1_176' title='bbox 528 1275 607 1297; x_wconf 83' lang='lat' dir='ltr'>Utrum</span> <span class='ocrx_word' id='word_1_177' title='bbox 624 1274 761 1297; x_wconf 80' lang='lat' dir='ltr'>continentia</span> <span class='ocrx_word' id='word_1_178' title='bbox 777 1273 905 1301; x_wconf 84' lang='lat' dir='ltr'>coniugalis</span> <span class='ocrx_word' id='word_1_179' title='bbox 916 1273 944 1295; x_wconf 90' lang='lat' dir='ltr'>sit</span> <span class='ocrx_word' id='word_1_180' title='bbox 955 1272 1083 1295; x_wconf 84' lang='lat' dir='ltr'>secundum</span> <span class='ocrx_word' id='word_1_181' title='bbox 1100 1272 1260 1300; x_wconf 75' lang='lat' dir='ltr'>evangelium,</span> <span class='ocrx_word' id='word_1_182' title='bbox 1273 1272 1309 1293; x_wconf 84' lang='grc'>15.</span> 
     </span>
    </p>

    <p class='ocr_par' dir='ltr' id='par_1_8' title="bbox 528 1318 1300 1346">
     <span class='ocr_line' id='line_1_25' title="bbox 528 1318 1300 1346; baseline -0.006 -2"><span class='ocrx_word' id='word_1_183' title='bbox 528 1322 609 1344; x_wconf 85' lang='lat' dir='ltr'>Utrum</span> <span class='ocrx_word' id='word_1_184' title='bbox 626 1320 763 1343; x_wconf 79' lang='lat' dir='ltr'>continentia</span> <span class='ocrx_word' id='word_1_185' title='bbox 781 1320 880 1342; x_wconf 82' lang='lat' dir='ltr'>vidualis</span> <span class='ocrx_word' id='word_1_186' title='bbox 897 1319 925 1342; x_wconf 92' lang='lat' dir='ltr'>sit</span> <span class='ocrx_word' id='word_1_187' title='bbox 941 1319 1068 1341; x_wconf 89' lang='lat' dir='ltr'>secundum</span> <span class='ocrx_word' id='word_1_188' title='bbox 1086 1318 1245 1346; x_wconf 84' lang='lat' dir='ltr'>evangelium,</span> <span class='ocrx_word' id='word_1_189' title='bbox 1264 1318 1300 1339; x_wconf 83' lang='grc'>16.</span> 
     </span>
    </p>

    <p class='ocr_par' dir='ltr' id='par_1_9' title="bbox 467 1360 1309 1443">
     <span class='ocr_line' id='line_1_26' title="bbox 528 1360 1309 1395; baseline -0.004 -5"><span class='ocrx_word' id='word_1_190' title='bbox 528 1360 609 1391; x_wconf 83' lang='lat' dir='ltr'>Utrum</span> <span class='ocrx_word' id='word_1_191' title='bbox 621 1368 739 1395; x_wconf 73' lang='lat' dir='ltr'>virginalis</span> <span class='ocrx_word' id='word_1_192' title='bbox 751 1367 885 1389; x_wconf 79' lang='lat' dir='ltr'>continentia</span> <span class='ocrx_word' id='word_1_193' title='bbox 894 1366 921 1388; x_wconf 90' lang='lat' dir='ltr'>sit</span> <span class='ocrx_word' id='word_1_194' title='bbox 931 1366 1059 1388; x_wconf 89' lang='lat' dir='ltr'>secundum</span> <span class='ocrx_word' id='word_1_195' title='bbox 1068 1365 1215 1393; x_wconf 84' lang='lat' dir='ltr'>evangelium</span> <span class='ocrx_word' id='word_1_196' title='bbox 1225 1365 1309 1395; x_wconf 90' lang='lat' dir='ltr'>[omni-</span> 
     </span>
     <span class='ocr_line' id='line_1_27' title="bbox 467 1414 756 1443; baseline -0.003 -6"><span class='ocrx_word' id='word_1_197' title='bbox 467 1415 510 1438; x_wconf 90' lang='lat' dir='ltr'>bus</span> <span class='ocrx_word' id='word_1_198' title='bbox 527 1414 700 1443; x_wconf 86' lang='lat' dir='ltr'>praeferenda],</span> <span class='ocrx_word' id='word_1_199' title='bbox 719 1414 756 1436; x_wconf 85' lang='grc'>17.</span> 
     </span>
    </p>

    <p class='ocr_par' dir='ltr' id='par_1_10' title="bbox 466 1458 1309 1536">
     <span class='ocr_line' id='line_1_28' title="bbox 529 1458 1309 1487; baseline -0.004 -3"><span class='ocrx_word' id='word_1_200' title='bbox 529 1462 609 1484; x_wconf 84' lang='lat' dir='ltr'>Utrum</span> <span class='ocrx_word' id='word_1_201' title='bbox 626 1461 655 1483; x_wconf 94' lang='lat' dir='ltr'>sit</span> <span class='ocrx_word' id='word_1_202' title='bbox 671 1466 797 1482; x_wconf 88' lang='lat' dir='ltr'>consonum</span> <span class='ocrx_word' id='word_1_203' title='bbox 814 1460 857 1481; x_wconf 87' lang='lat' dir='ltr'>iuri</span> <span class='ocrx_word' id='word_1_204' title='bbox 874 1459 982 1487; x_wconf 88' lang='lat' dir='ltr'>naturali,</span> <span class='ocrx_word' id='word_1_205' title='bbox 999 1459 1063 1487; x_wconf 90' lang='lat' dir='ltr'>quod</span> <span class='ocrx_word' id='word_1_206' title='bbox 1085 1460 1154 1481; x_wconf 90' lang='lat' dir='ltr'>homo</span> <span class='ocrx_word' id='word_1_207' title='bbox 1177 1458 1309 1481; x_wconf 89' lang='lat' dir='ltr'>obediendo</span> 
     </span>
     <span class='ocr_line' id='line_1_29' title="bbox 466 1506 777 1536; baseline -0.01 -5"><span class='ocrx_word' id='word_1_208' title='bbox 466 1507 582 1531; x_wconf 85' lang='lat' dir='ltr'>subiaceat</span> <span class='ocrx_word' id='word_1_209' title='bbox 599 1506 721 1536; x_wconf 88' lang='lat' dir='ltr'>[homini]‚</span> <span class='ocrx_word' id='word_1_210' title='bbox 740 1507 777 1528; x_wconf 79' lang='grc'>18.</span> 
     </span>
    </p>

    <p class='ocr_par' dir='ltr' id='par_1_11' title="bbox 467 1551 1309 1628">
     <span class='ocr_line' id='line_1_30' title="bbox 529 1551 1309 1580; baseline -0.005 -3"><span class='ocrx_word' id='word_1_211' title='bbox 529 1555 609 1577; x_wconf 89' lang='lat' dir='ltr'>Utrum</span> <span class='ocrx_word' id='word_1_212' title='bbox 621 1554 650 1576; x_wconf 87' lang='lat' dir='ltr'>sit</span> <span class='ocrx_word' id='word_1_213' title='bbox 661 1559 787 1576; x_wconf 88' lang='lat' dir='ltr'>consonum</span> <span class='ocrx_word' id='word_1_214' title='bbox 805 1552 938 1580; x_wconf 82' lang='lat' dir='ltr'>evangelice</span> <span class='ocrx_word' id='word_1_215' title='bbox 953 1551 1097 1579; x_wconf 90' lang='lat' dir='ltr'>perfectioni,</span> <span class='ocrx_word' id='word_1_216' title='bbox 1109 1551 1171 1579; x_wconf 90' lang='lat' dir='ltr'>quod</span> <span class='ocrx_word' id='word_1_217' title='bbox 1184 1557 1243 1573; x_wconf 88' lang='lat' dir='ltr'>unus</span> <span class='ocrx_word' id='word_1_218' title='bbox 1255 1553 1309 1573; x_wconf 92' lang='lat' dir='ltr'>voto</span> 
     </span>
     <span class='ocr_line' id='line_1_31' title="bbox 467 1598 963 1628; baseline -0.008 -5"><span class='ocrx_word' id='word_1_219' title='bbox 467 1607 491 1623; x_wconf 89' lang='lat' dir='ltr'>se</span> <span class='ocrx_word' id='word_1_220' title='bbox 507 1600 593 1628; x_wconf 89' lang='lat' dir='ltr'>obliget</span> <span class='ocrx_word' id='word_1_221' title='bbox 609 1600 639 1622; x_wconf 90' lang='lat' dir='ltr'>ad</span> <span class='ocrx_word' id='word_1_222' title='bbox 656 1599 812 1622; x_wconf 87' lang='lat' dir='ltr'>obediendum</span> <span class='ocrx_word' id='word_1_223' title='bbox 829 1598 909 1626; x_wconf 88' lang='lat' dir='ltr'>alicui,</span> <span class='ocrx_word' id='word_1_224' title='bbox 927 1598 963 1619; x_wconf 79' lang='grc'>19.</span> 
     </span>
    </p>

    <p class='ocr_par' dir='ltr' id='par_1_12' title="bbox 466 1643 1311 1770">
     <span class='ocr_line' id='line_1_32' title="bbox 529 1643 1310 1673; baseline -0.005 -3"><span class='ocrx_word' id='word_1_225' title='bbox 529 1648 609 1670; x_wconf 89' lang='lat' dir='ltr'>Utrum</span> <span class='ocrx_word' id='word_1_226' title='bbox 626 1647 748 1669; x_wconf 86' lang='lat' dir='ltr'>christiane</span> <span class='ocrx_word' id='word_1_227' title='bbox 764 1645 880 1673; x_wconf 78' lang='lat' dir='ltr'>religionis</span> <span class='ocrx_word' id='word_1_228' title='bbox 896 1645 936 1671; x_wconf 86' lang='lat' dir='ltr'>sit,</span> <span class='ocrx_word' id='word_1_229' title='bbox 948 1644 1012 1673; x_wconf 89' lang='lat' dir='ltr'>quod</span> <span class='ocrx_word' id='word_1_230' title='bbox 1024 1649 1104 1666; x_wconf 91' lang='lat' dir='ltr'>omnes</span> <span class='ocrx_word' id='word_1_231' title='bbox 1121 1643 1230 1665; x_wconf 84' lang='lat' dir='ltr'>obediant</span> <span class='ocrx_word' id='word_1_232' title='bbox 1247 1644 1310 1666; x_wconf 91' lang='lat' dir='ltr'>uni...</span> 
     </span>
     <span class='ocr_line' id='line_1_33' title="bbox 466 1691 1311 1723; baseline -0.007 -5"><span class='ocrx_word' id='word_1_233' title='bbox 466 1708 497 1712; x_wconf 97' lang='lat'><strong>—</strong></span> <span class='ocrx_word' id='word_1_234' title='bbox 510 1695 596 1718; x_wconf 86' lang='lat' dir='ltr'>Deinde</span> <span class='ocrx_word' id='word_1_235' title='bbox 613 1696 740 1723; x_wconf 88' lang='lat' dir='ltr'>sequuntur</span> <span class='ocrx_word' id='word_1_236' title='bbox 753 1694 775 1715; x_wconf 89' lang='lat' dir='ltr'>in</span> <span class='ocrx_word' id='word_1_237' title='bbox 786 1693 890 1720; x_wconf 90' lang='lat' dir='ltr'>catalogo</span> <span class='ocrx_word' id='word_1_238' title='bbox 907 1692 964 1714; x_wconf 88' lang='lat' dir='ltr'>aliae</span> <span class='ocrx_word' id='word_1_239' title='bbox 981 1691 1127 1720; x_wconf 82' lang='lat' dir='ltr'>quaestiones</span> <span class='ocrx_word' id='word_1_240' title='bbox 1143 1696 1272 1718; x_wconf 78' lang='lat' dir='ltr'>anonymae</span> <span class='ocrx_word' id='word_1_241' title='bbox 1289 1693 1311 1713; x_wconf 87' lang='lat' dir='ltr'>et</span> 
     </span>
     <span class='ocr_line' id='line_1_34' title="bbox 468 1737 1034 1770; baseline -0.009 -6"><span class='ocrx_word' id='word_1_242' title='bbox 468 1742 505 1764; x_wconf 91' lang='lat' dir='ltr'>foi.</span> <span class='ocrx_word' id='word_1_243' title='bbox 522 1742 559 1764; x_wconf 81' lang='lat'>26.</span> <span class='ocrx_word' id='word_1_244' title='bbox 575 1741 719 1770; x_wconf 80' lang='lat' dir='ltr'>quaestiones</span> <span class='ocrx_word' id='word_1_245' title='bbox 737 1740 765 1762; x_wconf 87' lang='lat' dir='ltr'>de</span> <span class='ocrx_word' id='word_1_246' title='bbox 783 1739 892 1766; x_wconf 87' lang='lat' dir='ltr'>mysterio</span> <span class='ocrx_word' id='word_1_247' title='bbox 910 1737 1034 1760; x_wconf 83' lang='lat' dir='ltr'>Trinitatis.</span> 
     </span>
    </p>

    <p class='ocr_par' dir='ltr' id='par_1_13' title="bbox 468 1779 1312 2598">
     <span class='ocr_line' id='line_1_35' title="bbox 528 1779 1310 1813; baseline -0.006 -3"><span class='ocrx_word' id='word_1_248' title='bbox 528 1779 655 1810; x_wconf 84' lang='lat' dir='ltr'>Praenotati</span> <span class='ocrx_word' id='word_1_249' title='bbox 667 1786 735 1809; x_wconf 87' lang='lat' dir='ltr'>codd.</span> <span class='ocrx_word' id='word_1_250' title='bbox 747 1791 826 1808; x_wconf 88' lang='lat' dir='ltr'>omnes</span> <span class='ocrx_word' id='word_1_251' title='bbox 842 1787 896 1807; x_wconf 90' lang='lat' dir='ltr'>sunt</span> <span class='ocrx_word' id='word_1_252' title='bbox 913 1784 1012 1813; x_wconf 85' lang='lat' dir='ltr'>antiqui,</span> <span class='ocrx_word' id='word_1_253' title='bbox 1025 1790 1162 1812; x_wconf 87' lang='lat' dir='ltr'>omnesque,</span> <span class='ocrx_word' id='word_1_254' title='bbox 1174 1786 1268 1811; x_wconf 84' lang='lat' dir='ltr'>excepto</span> <span class='ocrx_word' id='word_1_255' title='bbox 1281 1783 1310 1812; x_wconf 82' lang='lat' dir='ltr'>C,</span> 
     </span>
     <span class='ocr_line' id='line_1_36' title="bbox 468 1830 1311 1865; baseline -0.007 -7"><span class='ocrx_word' id='word_1_256' title='bbox 468 1836 506 1865; x_wconf 90' lang='lat' dir='ltr'>qui</span> <span class='ocrx_word' id='word_1_257' title='bbox 519 1841 565 1858; x_wconf 91' lang='lat' dir='ltr'>non</span> <span class='ocrx_word' id='word_1_258' title='bbox 577 1840 651 1863; x_wconf 89' lang='lat' dir='ltr'>pauca</span> <span class='ocrx_word' id='word_1_259' title='bbox 668 1834 749 1856; x_wconf 89' lang='lat' dir='ltr'>omittit</span> <span class='ocrx_word' id='word_1_260' title='bbox 761 1833 797 1854; x_wconf 79' lang='lat' dir='ltr'>vel</span> <span class='ocrx_word' id='word_1_261' title='bbox 814 1835 928 1855; x_wconf 87' lang='lat' dir='ltr'>contracte</span> <span class='ocrx_word' id='word_1_262' title='bbox 940 1832 1057 1859; x_wconf 79' lang='lat' dir='ltr'>exprimit,</span> <span class='ocrx_word' id='word_1_263' title='bbox 1075 1831 1097 1853; x_wconf 93' lang='lat' dir='ltr'>in</span> <span class='ocrx_word' id='word_1_264' title='bbox 1111 1831 1160 1858; x_wconf 90' lang='lat' dir='ltr'>ipsa</span> <span class='ocrx_word' id='word_1_265' title='bbox 1177 1830 1311 1858; x_wconf 89' lang='lat' dir='ltr'>propositio-</span> 
     </span>
     <span class='ocr_line' id='line_1_37' title="bbox 468 1876 1312 1908; baseline -0.008 -3"><span class='ocrx_word' id='word_1_266' title='bbox 468 1889 523 1905; x_wconf 89' lang='lat' dir='ltr'>num</span> <span class='ocrx_word' id='word_1_267' title='bbox 535 1881 643 1904; x_wconf 87' lang='lat' dir='ltr'>sententia</span> <span class='ocrx_word' id='word_1_268' title='bbox 651 1898 656 1908; x_wconf 87' lang='lat'>,</span> <span class='ocrx_word' id='word_1_269' title='bbox 666 1880 683 1902; x_wconf 91' lang='lat' dir='ltr'>si</span> <span class='ocrx_word' id='word_1_270' title='bbox 694 1879 876 1907; x_wconf 82' lang='lat' dir='ltr'>praescindimus</span> <span class='ocrx_word' id='word_1_271' title='bbox 885 1884 898 1900; x_wconf 90' lang='lat' dir='ltr'>a</span> <span class='ocrx_word' id='word_1_272' title='bbox 907 1878 1031 1900; x_wconf 82' lang='lat' dir='ltr'>manifestis</span> <span class='ocrx_word' id='word_1_273' title='bbox 1041 1876 1186 1899; x_wconf 78' lang='lat' dir='ltr'>librariorum</span> <span class='ocrx_word' id='word_1_274' title='bbox 1196 1877 1312 1904; x_wconf 84' lang='lat' dir='ltr'>negligen-</span> 
     </span>
     <span class='ocr_line' id='line_1_38' title="bbox 468 1923 1310 1958; baseline -0.008 -7"><span class='ocrx_word' id='word_1_275' title='bbox 468 1930 505 1952; x_wconf 83' lang='lat' dir='ltr'>tiis</span> <span class='ocrx_word' id='word_1_276' title='bbox 516 1931 537 1951; x_wconf 84' lang='lat' dir='ltr'>et</span> <span class='ocrx_word' id='word_1_277' title='bbox 549 1927 673 1950; x_wconf 78' lang='lat' dir='ltr'>verborum</span> <span class='ocrx_word' id='word_1_278' title='bbox 686 1926 716 1949; x_wconf 93' lang='lat' dir='ltr'>ob</span> <span class='ocrx_word' id='word_1_279' title='bbox 729 1926 898 1958; x_wconf 84' lang='lat' dir='ltr'>homoteleuton</span> <span class='ocrx_word' id='word_1_280' title='bbox 911 1923 1086 1951; x_wconf 83' lang='lat' dir='ltr'>omissionibus,</span> <span class='ocrx_word' id='word_1_281' title='bbox 1098 1923 1151 1945; x_wconf 86' lang='lat' dir='ltr'>satis</span> <span class='ocrx_word' id='word_1_282' title='bbox 1163 1923 1310 1945; x_wconf 78' lang='lat' dir='ltr'>conveniunt.</span> 
     </span>
     <span class='ocr_line' id='line_1_39' title="bbox 469 1969 1311 1999; baseline -0.007 -3"><span class='ocrx_word' id='word_1_283' title='bbox 469 1974 619 1996; x_wconf 75' lang='lat' dir='ltr'>Nihilominus</span> <span class='ocrx_word' id='word_1_284' title='bbox 635 1973 776 1999; x_wconf 81' lang='lat' dir='ltr'>distinguere</span> <span class='ocrx_word' id='word_1_285' title='bbox 793 1976 916 1998; x_wconf 82' lang='lat' dir='ltr'>possumus</span> <span class='ocrx_word' id='word_1_286' title='bbox 928 1970 986 1992; x_wconf 88' lang='lat' dir='ltr'>duas</span> <span class='ocrx_word' id='word_1_287' title='bbox 998 1970 1101 1991; x_wconf 80' lang='lat' dir='ltr'>familias.</span> <span class='ocrx_word' id='word_1_288' title='bbox 1112 1969 1186 1991; x_wconf 83' lang='lat' dir='ltr'>Prima</span> <span class='ocrx_word' id='word_1_289' title='bbox 1199 1972 1220 1991; x_wconf 91' lang='lat' dir='ltr'>et</span> <span class='ocrx_word' id='word_1_290' title='bbox 1232 1969 1311 1991; x_wconf 87' lang='lat' dir='ltr'>melior</span> 
     </span>
     <span class='ocr_line' id='line_1_40' title="bbox 469 2016 1311 2045; baseline -0.008 -2"><span class='ocrx_word' id='word_1_291' title='bbox 469 2020 611 2043; x_wconf 88' lang='lat' dir='ltr'>constituitur</span> <span class='ocrx_word' id='word_1_292' title='bbox 628 2019 696 2041; x_wconf 88' lang='lat' dir='ltr'>codd.</span> <span class='ocrx_word' id='word_1_293' title='bbox 713 2018 795 2044; x_wconf 80' lang='lat' dir='ltr'>ABE,</span> <span class='ocrx_word' id='word_1_294' title='bbox 812 2017 851 2045; x_wconf 89' lang='lat' dir='ltr'>qui</span> <span class='ocrx_word' id='word_1_295' title='bbox 868 2016 967 2038; x_wconf 87' lang='lat' dir='ltr'>eundem</span> <span class='ocrx_word' id='word_1_296' title='bbox 985 2019 1069 2038; x_wconf 77' lang='lat' dir='ltr'>textum</span> <span class='ocrx_word' id='word_1_297' title='bbox 1087 2018 1271 2043; x_wconf 82' lang='lat' dir='ltr'>repraesentant,</span> <span class='ocrx_word' id='word_1_298' title='bbox 1289 2016 1311 2037; x_wconf 93' lang='lat' dir='ltr'>li-</span> 
     </span>
     <span class='ocr_line' id='line_1_41' title="bbox 471 2061 1311 2094; baseline -0.008 -5"><span class='ocrx_word' id='word_1_299' title='bbox 471 2070 505 2090; x_wconf 91' lang='lat' dir='ltr'>cet</span> <span class='ocrx_word' id='word_1_300' title='bbox 519 2072 586 2094; x_wconf 80' lang='lat' dir='ltr'>saepe</span> <span class='ocrx_word' id='word_1_301' title='bbox 604 2066 727 2087; x_wconf 82' lang='lat' dir='ltr'>incorrecte</span> <span class='ocrx_word' id='word_1_302' title='bbox 744 2064 821 2091; x_wconf 82' lang='lat' dir='ltr'>scripti</span> <span class='ocrx_word' id='word_1_303' title='bbox 838 2063 888 2085; x_wconf 90' lang='lat' dir='ltr'>sint.</span> <span class='ocrx_word' id='word_1_304' title='bbox 902 2062 972 2089; x_wconf 78' lang='lat' dir='ltr'>Magis</span> <span class='ocrx_word' id='word_1_305' title='bbox 989 2062 1124 2084; x_wconf 88' lang='lat' dir='ltr'>emendatus</span> <span class='ocrx_word' id='word_1_306' title='bbox 1141 2064 1175 2083; x_wconf 89' lang='lat' dir='ltr'>est</span> <span class='ocrx_word' id='word_1_307' title='bbox 1192 2062 1220 2088; x_wconf 84' lang='lat' dir='ltr'>E,</span> <span class='ocrx_word' id='word_1_308' title='bbox 1233 2061 1270 2083; x_wconf 88' lang='lat' dir='ltr'>cui</span> <span class='ocrx_word' id='word_1_309' title='bbox 1289 2062 1311 2083; x_wconf 94' lang='lat' dir='ltr'>in</span> 
     </span>
     <span class='ocr_line' id='line_1_42' title="bbox 470 2108 1311 2142; baseline -0.007 -7"><span class='ocrx_word' id='word_1_310' title='bbox 470 2111 642 2142; x_wconf 82' lang='lat' dir='ltr'>quaestionibus</span> <span class='ocrx_word' id='word_1_311' title='bbox 659 2111 687 2133; x_wconf 87' lang='lat' dir='ltr'>de</span> <span class='ocrx_word' id='word_1_312' title='bbox 709 2110 801 2132; x_wconf 83' lang='lat' dir='ltr'>scientia</span> <span class='ocrx_word' id='word_1_313' title='bbox 819 2109 900 2131; x_wconf 85' lang='lat' dir='ltr'>Christi</span> <span class='ocrx_word' id='word_1_314' title='bbox 923 2114 996 2136; x_wconf 81' lang='lat' dir='ltr'>prope</span> <span class='ocrx_word' id='word_1_315' title='bbox 1013 2108 1101 2130; x_wconf 82' lang='lat' dir='ltr'>accedit</span> <span class='ocrx_word' id='word_1_316' title='bbox 1124 2108 1152 2134; x_wconf 77' lang='grc' dir='ltr'>Β,</span> <span class='ocrx_word' id='word_1_317' title='bbox 1176 2108 1215 2136; x_wconf 87' lang='lat' dir='ltr'>qui</span> <span class='ocrx_word' id='word_1_318' title='bbox 1234 2108 1255 2129; x_wconf 89' lang='lat' dir='ltr'>in</span> <span class='ocrx_word' id='word_1_319' title='bbox 1280 2114 1311 2129; x_wconf 87' lang='lat' dir='ltr'>se—</span> 
     </span>
     <span class='ocr_line' id='line_1_43' title="bbox 471 2154 1312 2189; baseline -0.007 -6"><span class='ocrx_word' id='word_1_320' title='bbox 471 2159 593 2189; x_wconf 85' lang='lat' dir='ltr'>quentibus</span> <span class='ocrx_word' id='word_1_321' title='bbox 609 2158 638 2180; x_wconf 89' lang='lat' dir='ltr'>de</span> <span class='ocrx_word' id='word_1_322' title='bbox 650 2158 759 2180; x_wconf 87' lang='lat' dir='ltr'>Trinitate</span> <span class='ocrx_word' id='word_1_323' title='bbox 776 2156 850 2183; x_wconf 82' lang='lat' dir='ltr'>magis</span> <span class='ocrx_word' id='word_1_324' title='bbox 861 2158 895 2178; x_wconf 88' lang='lat' dir='ltr'>est</span> <span class='ocrx_word' id='word_1_325' title='bbox 912 2158 1046 2183; x_wconf 83' lang='lat' dir='ltr'>corruptus,</span> <span class='ocrx_word' id='word_1_326' title='bbox 1059 2154 1194 2182; x_wconf 88' lang='lat' dir='ltr'>praesertim</span> <span class='ocrx_word' id='word_1_327' title='bbox 1206 2155 1312 2177; x_wconf 87' lang='lat' dir='ltr'>omissio-</span> 
     </span>
     <span class='ocr_line' id='line_1_44' title="bbox 472 2200 1311 2228; baseline -0.008 0"><span class='ocrx_word' id='word_1_328' title='bbox 472 2206 539 2228; x_wconf 89' lang='lat' dir='ltr'>nibus</span> <span class='ocrx_word' id='word_1_329' title='bbox 555 2204 688 2227; x_wconf 79' lang='lat' dir='ltr'>verborum.</span> <span class='ocrx_word' id='word_1_330' title='bbox 705 2203 761 2225; x_wconf 83' lang='lat' dir='ltr'>Huic</span> <span class='ocrx_word' id='word_1_331' title='bbox 779 2202 875 2224; x_wconf 84' lang='lat' dir='ltr'>familiae</span> <span class='ocrx_word' id='word_1_332' title='bbox 893 2202 991 2223; x_wconf 85' lang='lat' dir='ltr'>multum</span> <span class='ocrx_word' id='word_1_333' title='bbox 1008 2201 1069 2222; x_wconf 85' lang='lat' dir='ltr'>favet</span> <span class='ocrx_word' id='word_1_334' title='bbox 1085 2201 1116 2228; x_wconf 88' lang='lat' dir='ltr'>G,</span> <span class='ocrx_word' id='word_1_335' title='bbox 1133 2200 1184 2222; x_wconf 86' lang='lat' dir='ltr'>licet</span> <span class='ocrx_word' id='word_1_336' title='bbox 1196 2207 1241 2222; x_wconf 86' lang='lat' dir='ltr'>non</span> <span class='ocrx_word' id='word_1_337' title='bbox 1260 2206 1311 2222; x_wconf 85' lang='lat' dir='ltr'>raro</span> 
     </span>
     <span class='ocr_line' id='line_1_45' title="bbox 474 2246 1312 2277; baseline -0.006 -3"><span class='ocrx_word' id='word_1_338' title='bbox 474 2252 555 2274; x_wconf 90' lang='lat' dir='ltr'>habeat</span> <span class='ocrx_word' id='word_1_339' title='bbox 570 2251 676 2273; x_wconf 83' lang='lat' dir='ltr'>lectiones</span> <span class='ocrx_word' id='word_1_340' title='bbox 689 2256 782 2277; x_wconf 88' lang='lat' dir='ltr'>prorsus</span> <span class='ocrx_word' id='word_1_341' title='bbox 799 2248 937 2276; x_wconf 75' lang='lat' dir='ltr'>singulares,</span> <span class='ocrx_word' id='word_1_342' title='bbox 954 2253 1014 2276; x_wconf 85' lang='lat' dir='ltr'>quae</span> <span class='ocrx_word' id='word_1_343' title='bbox 1026 2246 1142 2269; x_wconf 88' lang='lat' dir='ltr'>interdum</span> <span class='ocrx_word' id='word_1_344' title='bbox 1160 2246 1226 2269; x_wconf 82' lang='lat' dir='ltr'>valde</span> <span class='ocrx_word' id='word_1_345' title='bbox 1238 2246 1312 2269; x_wconf 88' lang='lat' dir='ltr'>bonae</span> 
     </span>
     <span class='ocr_line' id='line_1_46' title="bbox 473 2293 1312 2322; baseline -0.008 -1"><span class='ocrx_word' id='word_1_346' title='bbox 473 2301 532 2322; x_wconf 87' lang='lat' dir='ltr'>sunt.</span> <span class='ocrx_word' id='word_1_347' title='bbox 549 2298 647 2319; x_wconf 72' lang='lat' dir='ltr'>Alteram</span> <span class='ocrx_word' id='word_1_348' title='bbox 665 2295 772 2318; x_wconf 80' lang='lat' dir='ltr'>familiam</span> <span class='ocrx_word' id='word_1_349' title='bbox 783 2296 955 2322; x_wconf 84' lang='lat' dir='ltr'>repraesentant</span> <span class='ocrx_word' id='word_1_350' title='bbox 971 2294 1038 2316; x_wconf 85' lang='lat' dir='ltr'>codd.</span> <span class='ocrx_word' id='word_1_351' title='bbox 1056 2294 1137 2320; x_wconf 88' lang='lat' dir='ltr'>DFH,</span> <span class='ocrx_word' id='word_1_352' title='bbox 1154 2298 1255 2321; x_wconf 87' lang='lat' dir='ltr'>quorum</span> <span class='ocrx_word' id='word_1_353' title='bbox 1273 2293 1312 2314; x_wconf 87' lang='lat' dir='ltr'>mi-</span> 
     </span>
     <span class='ocr_line' id='line_1_47' title="bbox 474 2340 1312 2371; baseline -0.006 -5"><span class='ocrx_word' id='word_1_354' title='bbox 474 2345 533 2367; x_wconf 85' lang='lat' dir='ltr'>noris</span> <span class='ocrx_word' id='word_1_355' title='bbox 550 2343 616 2371; x_wconf 89' lang='lat' dir='ltr'>pretii</span> <span class='ocrx_word' id='word_1_356' title='bbox 628 2345 661 2365; x_wconf 89' lang='lat' dir='ltr'>est</span> <span class='ocrx_word' id='word_1_357' title='bbox 677 2343 705 2368; x_wconf 82' lang='lat' dir='ltr'>F,</span> <span class='ocrx_word' id='word_1_358' title='bbox 723 2347 791 2369; x_wconf 82' lang='lat' dir='ltr'>saepe</span> <span class='ocrx_word' id='word_1_359' title='bbox 803 2343 932 2368; x_wconf 87' lang='lat' dir='ltr'>corruptus.</span> <span class='ocrx_word' id='word_1_360' title='bbox 949 2340 1051 2369; x_wconf 89' lang='lat' dir='ltr'>Denique</span> <span class='ocrx_word' id='word_1_361' title='bbox 1068 2340 1097 2367; x_wconf 82' lang='lat' dir='ltr'>C,</span> <span class='ocrx_word' id='word_1_362' title='bbox 1109 2340 1148 2368; x_wconf 86' lang='lat' dir='ltr'>qui</span> <span class='ocrx_word' id='word_1_363' title='bbox 1167 2342 1254 2362; x_wconf 86' lang='lat' dir='ltr'>tantum</span> <span class='ocrx_word' id='word_1_364' title='bbox 1268 2342 1312 2361; x_wconf 91' lang='lat' dir='ltr'>tres</span> 
     </span>
     <span class='ocr_line' id='line_1_48' title="bbox 472 2386 1311 2419; baseline -0.007 -6"><span class='ocrx_word' id='word_1_365' title='bbox 472 2390 617 2419; x_wconf 80' lang='lat' dir='ltr'>quaestiones</span> <span class='ocrx_word' id='word_1_366' title='bbox 634 2388 733 2411; x_wconf 89' lang='lat' dir='ltr'>continet</span> <span class='ocrx_word' id='word_1_367' title='bbox 749 2390 771 2409; x_wconf 87' lang='lat' dir='ltr'>et</span> <span class='ocrx_word' id='word_1_368' title='bbox 788 2393 833 2409; x_wconf 92' lang='lat' dir='ltr'>non</span> <span class='ocrx_word' id='word_1_369' title='bbox 851 2388 962 2415; x_wconf 80' lang='lat' dir='ltr'>integras,</span> <span class='ocrx_word' id='word_1_370' title='bbox 979 2386 1045 2408; x_wconf 90' lang='lat' dir='ltr'>nobis</span> <span class='ocrx_word' id='word_1_371' title='bbox 1062 2386 1098 2408; x_wconf 82' lang='lat' dir='ltr'>vix</span> <span class='ocrx_word' id='word_1_372' title='bbox 1116 2386 1235 2408; x_wconf 86' lang='lat' dir='ltr'>utilitatem</span> <span class='ocrx_word' id='word_1_373' title='bbox 1248 2392 1311 2413; x_wconf 84' lang='lat' dir='ltr'>prae·</span> 
     </span>
     <span class='ocr_line' id='line_1_49' title="bbox 472 2431 1312 2461; baseline -0.008 -2"><span class='ocrx_word' id='word_1_374' title='bbox 472 2437 570 2459; x_wconf 89' lang='lat' dir='ltr'>buit.—</span> <span class='ocrx_word' id='word_1_375' title='bbox 582 2436 667 2457; x_wconf 83' lang='lat' dir='ltr'>Textus</span> <span class='ocrx_word' id='word_1_376' title='bbox 686 2436 762 2456; x_wconf 85' lang='lat' dir='ltr'>noster</span> <span class='ocrx_word' id='word_1_377' title='bbox 774 2435 819 2455; x_wconf 86' lang='lat' dir='ltr'>fere</span> <span class='ocrx_word' id='word_1_378' title='bbox 839 2439 931 2461; x_wconf 84' lang='lat' dir='ltr'>semper</span> <span class='ocrx_word' id='word_1_379' title='bbox 948 2432 1053 2461; x_wconf 88' lang='lat' dir='ltr'>sequitur</span> <span class='ocrx_word' id='word_1_380' title='bbox 1073 2432 1171 2459; x_wconf 88' lang='lat' dir='ltr'>primam</span> <span class='ocrx_word' id='word_1_381' title='bbox 1192 2431 1312 2458; x_wconf 77' lang='lat' dir='ltr'>familiam,</span> 
     </span>
     <span class='ocr_line' id='line_1_50' title="bbox 472 2476 1312 2511; baseline -0.007 -6"><span class='ocrx_word' id='word_1_382' title='bbox 472 2482 564 2511; x_wconf 81' lang='lat' dir='ltr'>quando</span> <span class='ocrx_word' id='word_1_383' title='bbox 583 2484 627 2503; x_wconf 87' lang='lat' dir='ltr'>tres</span> <span class='ocrx_word' id='word_1_384' title='bbox 644 2480 716 2508; x_wconf 78' lang='lat' dir='ltr'>ipsius</span> <span class='ocrx_word' id='word_1_385' title='bbox 738 2479 829 2501; x_wconf 84' lang='lat' dir='ltr'>codices</span> <span class='ocrx_word' id='word_1_386' title='bbox 851 2478 1004 2504; x_wconf 86' lang='lat' dir='ltr'>conveniunt;</span> <span class='ocrx_word' id='word_1_387' title='bbox 1026 2477 1166 2506; x_wconf 82' lang='lat' dir='ltr'>quandoque</span> <span class='ocrx_word' id='word_1_388' title='bbox 1186 2480 1260 2499; x_wconf 86' lang='lat' dir='ltr'>tamen</span> <span class='ocrx_word' id='word_1_389' title='bbox 1282 2476 1312 2499; x_wconf 82' lang='lat' dir='ltr'>oh</span> 
     </span>
     <span class='ocr_line' id='line_1_51' title="bbox 472 2523 1312 2557; baseline -0.007 -6"><span class='ocrx_word' id='word_1_390' title='bbox 472 2535 556 2557; x_wconf 77' lang='lat' dir='ltr'>graves</span> <span class='ocrx_word' id='word_1_391' title='bbox 573 2528 670 2550; x_wconf 84' lang='lat' dir='ltr'>rationes</span> <span class='ocrx_word' id='word_1_392' title='bbox 687 2526 754 2548; x_wconf 87' lang='lat' dir='ltr'>etiam</span> <span class='ocrx_word' id='word_1_393' title='bbox 772 2526 800 2548; x_wconf 82' lang='lat' dir='ltr'>nd</span> <span class='ocrx_word' id='word_1_394' title='bbox 818 2526 911 2547; x_wconf 86' lang='lat' dir='ltr'>alteram</span> <span class='ocrx_word' id='word_1_395' title='bbox 926 2525 1033 2546; x_wconf 88' lang='lat' dir='ltr'>familiam</span> <span class='ocrx_word' id='word_1_396' title='bbox 1044 2530 1162 2546; x_wconf 82' lang='lat' dir='ltr'>recursum</span> <span class='ocrx_word' id='word_1_397' title='bbox 1176 2523 1312 2549; x_wconf 79' lang='lat' dir='ltr'>habuimus,</span> 
     </span>
     <span class='ocr_line' id='line_1_52' title="bbox 474 2575 821 2598; baseline -0.006 -2"><span class='ocrx_word' id='word_1_398' title='bbox 474 2580 498 2598; x_wconf 85' lang='lat' dir='ltr'>ut</span> <span class='ocrx_word' id='word_1_399' title='bbox 514 2578 580 2597; x_wconf 86' lang='lat' dir='ltr'>notae</span> <span class='ocrx_word' id='word_1_400' title='bbox 597 2577 687 2596; x_wconf 84' lang='lat' dir='ltr'>nostrae</span> <span class='ocrx_word' id='word_1_401' title='bbox 705 2575 821 2595; x_wconf 82' lang='lat' dir='ltr'>testantur.</span> 
     </span>
    </p>

    <p class='ocr_par' dir='ltr' id='par_1_14' title="bbox 474 2617 1314 2971">
     <span class='ocr_line' id='line_1_53' title="bbox 535 2617 1313 2646; baseline -0.005 -3"><span class='ocrx_word' id='word_1_402' title='bbox 535 2620 663 2643; x_wconf 87' lang='lat' dir='ltr'>Dolendum</span> <span class='ocrx_word' id='word_1_403' title='bbox 680 2625 735 2641; x_wconf 83' lang='lat' dir='ltr'>sane</span> <span class='ocrx_word' id='word_1_404' title='bbox 753 2621 812 2644; x_wconf 90' lang='lat' dir='ltr'>erat,</span> <span class='ocrx_word' id='word_1_405' title='bbox 824 2618 886 2646; x_wconf 88' lang='lat' dir='ltr'>quod</span> <span class='ocrx_word' id='word_1_406' title='bbox 899 2624 951 2646; x_wconf 88' lang='lat' dir='ltr'>pars</span> <span class='ocrx_word' id='word_1_407' title='bbox 963 2618 1052 2640; x_wconf 86' lang='lat' dir='ltr'>articuli</span> <span class='ocrx_word' id='word_1_408' title='bbox 1064 2618 1085 2639; x_wconf 79' lang='lat'>2.</span> <span class='ocrx_word' id='word_1_409' title='bbox 1097 2617 1238 2646; x_wconf 84' lang='lat' dir='ltr'>quaestionis</span> <span class='ocrx_word' id='word_1_410' title='bbox 1250 2618 1270 2639; x_wconf 67' lang='grc'>6.</span> <span class='ocrx_word' id='word_1_411' title='bbox 1284 2617 1313 2639; x_wconf 89' lang='lat' dir='ltr'>de</span> 
     </span>
     <span class='ocr_line' id='line_1_54' title="bbox 474 2663 1311 2694; baseline -0.007 -4"><span class='ocrx_word' id='word_1_412' title='bbox 474 2668 581 2689; x_wconf 84' lang='lat' dir='ltr'>Trinitate</span> <span class='ocrx_word' id='word_1_413' title='bbox 593 2670 615 2689; x_wconf 91' lang='lat' dir='ltr'>et</span> <span class='ocrx_word' id='word_1_414' title='bbox 627 2670 671 2688; x_wconf 86' lang='lat' dir='ltr'>tota</span> <span class='ocrx_word' id='word_1_415' title='bbox 686 2672 707 2694; x_wconf 85' lang='lat' dir='ltr'>q.</span> <span class='ocrx_word' id='word_1_416' title='bbox 720 2666 742 2687; x_wconf 94' lang='lat'>7.</span> <span class='ocrx_word' id='word_1_417' title='bbox 755 2668 776 2687; x_wconf 85' lang='lat' dir='ltr'>et</span> <span class='ocrx_word' id='word_1_418' title='bbox 788 2666 808 2686; x_wconf 83' lang='lat'>8.</span> <span class='ocrx_word' id='word_1_419' title='bbox 822 2664 857 2691; x_wconf 93' lang='lat' dir='ltr'>(in</span> <span class='ocrx_word' id='word_1_420' title='bbox 869 2664 967 2686; x_wconf 87' lang='lat' dir='ltr'>editione</span> <span class='ocrx_word' id='word_1_421' title='bbox 979 2670 991 2685; x_wconf 91' lang='lat' dir='ltr'>a</span> <span class='ocrx_word' id='word_1_422' title='bbox 1004 2670 1057 2691; x_wconf 83' lang='lat' dir='ltr'>pag.</span> <span class='ocrx_word' id='word_1_423' title='bbox 1074 2663 1115 2685; x_wconf 84' lang='lat' dir='ltr'>tot</span> <span class='ocrx_word' id='word_1_424' title='bbox 1129 2669 1202 2691; x_wconf 88' lang='lat' dir='ltr'>usque</span> <span class='ocrx_word' id='word_1_425' title='bbox 1215 2663 1243 2685; x_wconf 89' lang='lat' dir='ltr'>ad</span> <span class='ocrx_word' id='word_1_426' title='bbox 1260 2663 1311 2691; x_wconf 60' lang='lat'>115)</span> 
     </span>
     <span class='ocr_line' id='line_1_55' title="bbox 474 2709 1311 2737; baseline -0.006 -2"><span class='ocrx_word' id='word_1_427' title='bbox 474 2720 518 2736; x_wconf 86' lang='lat' dir='ltr'>non</span> <span class='ocrx_word' id='word_1_428' title='bbox 535 2714 579 2735; x_wconf 88' lang='lat' dir='ltr'>sint</span> <span class='ocrx_word' id='word_1_429' title='bbox 596 2715 744 2734; x_wconf 86' lang='lat' dir='ltr'>conservatae</span> <span class='ocrx_word' id='word_1_430' title='bbox 760 2711 801 2733; x_wconf 90' lang='lat' dir='ltr'>nisi</span> <span class='ocrx_word' id='word_1_431' title='bbox 819 2711 842 2733; x_wconf 92' lang='lat' dir='ltr'>in</span> <span class='ocrx_word' id='word_1_432' title='bbox 860 2711 911 2733; x_wconf 89' lang='lat' dir='ltr'>cod.</span> <span class='ocrx_word' id='word_1_433' title='bbox 928 2711 946 2732; x_wconf 94' lang='lat' dir='ltr'>D</span> <span class='ocrx_word' id='word_1_434' title='bbox 963 2710 1015 2732; x_wconf 87' lang='lat' dir='ltr'>hinc</span> <span class='ocrx_word' id='word_1_435' title='bbox 1032 2710 1085 2732; x_wconf 92' lang='lat' dir='ltr'>inde</span> <span class='ocrx_word' id='word_1_436' title='bbox 1107 2712 1222 2737; x_wconf 87' lang='lat' dir='ltr'>corrupto.</span> <span class='ocrx_word' id='word_1_437' title='bbox 1240 2709 1311 2731; x_wconf 86' lang='lat' dir='ltr'>Etiam</span> 
     </span>
     <span class='ocr_line' id='line_1_56' title="bbox 474 2755 1313 2787; baseline -0.007 -4"><span class='ocrx_word' id='word_1_438' title='bbox 474 2763 514 2783; x_wconf 86' lang='lat' dir='ltr'>has</span> <span class='ocrx_word' id='word_1_439' title='bbox 531 2760 621 2782; x_wconf 87' lang='lat' dir='ltr'>ultimas</span> <span class='ocrx_word' id='word_1_440' title='bbox 638 2759 783 2787; x_wconf 84' lang='lat' dir='ltr'>quaestiones</span> <span class='ocrx_word' id='word_1_441' title='bbox 799 2764 848 2779; x_wconf 90' lang='lat' dir='ltr'>esse</span> <span class='ocrx_word' id='word_1_442' title='bbox 865 2757 988 2785; x_wconf 80' lang='lat' dir='ltr'>genuinas,</span> <span class='ocrx_word' id='word_1_443' title='bbox 1001 2760 1088 2779; x_wconf 84' lang='lat' dir='ltr'>certum</span> <span class='ocrx_word' id='word_1_444' title='bbox 1101 2759 1144 2783; x_wconf 85' lang='lat' dir='ltr'>est,</span> <span class='ocrx_word' id='word_1_445' title='bbox 1157 2762 1209 2778; x_wconf 82' lang='lat' dir='ltr'>cum</span> <span class='ocrx_word' id='word_1_446' title='bbox 1222 2755 1313 2778; x_wconf 89' lang='lat' dir='ltr'>disertis</span> 
     </span>
     <span class='ocr_line' id='line_1_57' title="bbox 474 2802 1313 2830; baseline -0.006 -2"><span class='ocrx_word' id='word_1_447' title='bbox 474 2806 551 2828; x_wconf 85' lang='lat' dir='ltr'>verbis</span> <span class='ocrx_word' id='word_1_448' title='bbox 568 2809 646 2827; x_wconf 88' lang='lat' dir='ltr'>auctor</span> <span class='ocrx_word' id='word_1_449' title='bbox 664 2811 688 2826; x_wconf 80' lang='lat' dir='ltr'>se</span> <span class='ocrx_word' id='word_1_450' title='bbox 705 2805 787 2826; x_wconf 85' lang='lat' dir='ltr'>referat</span> <span class='ocrx_word' id='word_1_451' title='bbox 804 2804 832 2825; x_wconf 89' lang='lat' dir='ltr'>ad</span> <span class='ocrx_word' id='word_1_452' title='bbox 850 2803 1012 2830; x_wconf 82' lang='lat' dir='ltr'>praecedentes</span> <span class='ocrx_word' id='word_1_453' title='bbox 1023 2802 1168 2830; x_wconf 81' lang='lat' dir='ltr'>quaestiones</span> <span class='ocrx_word' id='word_1_454' title='bbox 1181 2802 1213 2830; x_wconf 82' lang='lat' dir='ltr'>(q.</span> <span class='ocrx_word' id='word_1_455' title='bbox 1225 2802 1246 2824; x_wconf 87' lang='lat'>7.</span> <span class='ocrx_word' id='word_1_456' title='bbox 1259 2808 1280 2823; x_wconf 87' lang='lat' dir='ltr'>a.</span> <span class='ocrx_word' id='word_1_457' title='bbox 1292 2802 1313 2823; x_wconf 78' lang='lat'>2.</span> 
     </span>
     <span class='ocr_line' id='line_1_58' title="bbox 475 2848 1314 2878; baseline -0.006 -4"><span class='ocrx_word' id='word_1_458' title='bbox 475 2853 504 2874; x_wconf 79' lang='lat' dir='ltr'>ud</span> <span class='ocrx_word' id='word_1_459' title='bbox 521 2853 550 2878; x_wconf 81' lang='lat'>83</span> <span class='ocrx_word' id='word_1_460' title='bbox 568 2851 621 2873; x_wconf 64' lang='lat' dir='ltr'>vide</span> <span class='ocrx_word' id='word_1_461' title='bbox 638 2857 692 2878; x_wconf 80' lang='lat' dir='ltr'>pag.</span> <span class='ocrx_word' id='word_1_462' title='bbox 713 2850 767 2876; x_wconf 79' lang='lat'>109,</span> <span class='ocrx_word' id='word_1_463' title='bbox 785 2852 835 2871; x_wconf 85' lang='lat' dir='ltr'>nota</span> <span class='ocrx_word' id='word_1_464' title='bbox 855 2850 894 2877; x_wconf 83' lang='lat'>6.).</span> <span class='ocrx_word' id='word_1_465' title='bbox 906 2861 936 2865; x_wconf 94' lang='lat'>——</span> <span class='ocrx_word' id='word_1_466' title='bbox 948 2849 999 2871; x_wconf 76' lang='lat' dir='ltr'>Sola</span> <span class='ocrx_word' id='word_1_467' title='bbox 1017 2848 1119 2876; x_wconf 81' lang='lat' dir='ltr'>quaestio</span> <span class='ocrx_word' id='word_1_468' title='bbox 1138 2848 1158 2869; x_wconf 78' lang='grc'>4.</span> <span class='ocrx_word' id='word_1_469' title='bbox 1176 2848 1204 2870; x_wconf 84' lang='lat' dir='ltr'>de</span> <span class='ocrx_word' id='word_1_470' title='bbox 1221 2848 1314 2870; x_wconf 84' lang='lat' dir='ltr'>scientia</span> 
     </span>
     <span class='ocr_line' id='line_1_59' title="bbox 475 2894 1314 2926; baseline -0.006 -6"><span class='ocrx_word' id='word_1_471' title='bbox 475 2898 569 2926; x_wconf 77' lang='lat' dir='ltr'>Christi,</span> <span class='ocrx_word' id='word_1_472' title='bbox 587 2898 701 2919; x_wconf 82' lang='lat' dir='ltr'>adiunctis</span> <span class='ocrx_word' id='word_1_473' title='bbox 722 2897 817 2918; x_wconf 84' lang='lat' dir='ltr'>aliorum</span> <span class='ocrx_word' id='word_1_474' title='bbox 841 2896 970 2923; x_wconf 83' lang='lat' dir='ltr'>opusculis,</span> <span class='ocrx_word' id='word_1_475' title='bbox 986 2895 1061 2922; x_wconf 88' lang='lat' dir='ltr'>primo</span> <span class='ocrx_word' id='word_1_476' title='bbox 1078 2895 1137 2917; x_wconf 89' lang='lat' dir='ltr'>edita</span> <span class='ocrx_word' id='word_1_477' title='bbox 1157 2898 1191 2917; x_wconf 87' lang='lat' dir='ltr'>est</span> <span class='ocrx_word' id='word_1_478' title='bbox 1213 2901 1225 2916; x_wconf 89' lang='lat' dir='ltr'>a</span> <span class='ocrx_word' id='word_1_479' title='bbox 1249 2894 1314 2916; x_wconf 76' lang='lat' dir='ltr'>nobis</span> 
     </span>
     <span class='ocr_line' id='line_1_60' title="bbox 476 2940 1209 2971; baseline -0.005 -4"><span class='ocrx_word' id='word_1_480' title='bbox 476 2951 512 2967; x_wconf 87' lang='lat' dir='ltr'>an.</span> <span class='ocrx_word' id='word_1_481' title='bbox 530 2945 589 2966; x_wconf 84' lang='grc'>1883</span> <span class='ocrx_word' id='word_1_482' title='bbox 607 2944 627 2965; x_wconf 90' lang='lat' dir='ltr'>in</span> <span class='ocrx_word' id='word_1_483' title='bbox 645 2944 756 2971; x_wconf 71' lang='lat' dir='ltr'>olinsculo</span> <span class='ocrx_word' id='word_1_484' title='bbox 773 2942 800 2965; x_wconf 68' lang='lat' dir='ltr'>dt»</span> <span class='ocrx_word' id='word_1_485' title='bbox 816 2942 940 2965; x_wconf 79' lang='lat' dir='ltr'>Humanae</span> <span class='ocrx_word' id='word_1_486' title='bbox 958 2940 1095 2971; x_wconf 69' lang='lat' dir='ltr'>coqnita&#39;onis</span> <span class='ocrx_word' id='word_1_487' title='bbox 1112 2941 1209 2964; x_wconf 73' lang='lat' dir='ltr'>ratione.</span> 
     </span>
    </p>
   </div>
   <div class='ocr_carea' id='block_1_3' title="bbox 1732 249 1835 273">
    <p class='ocr_par' dir='ltr' id='par_1_15' title="bbox 1732 249 1835 273">
     <span class='ocr_line' id='line_1_61' title="bbox 1732 249 1835 273; baseline -0.019 0"><span class='ocrx_word' id='word_1_488' title='bbox 1732 249 1793 273; x_wconf 76' lang='lat' dir='ltr'>CAP.</span> <span class='ocrx_word' id='word_1_489' title='bbox 1810 250 1835 272; x_wconf 94' lang='grc'>11.</span> 
     </span>
    </p>
   </div>
   <div class='ocr_carea' id='block_1_4' title="bbox 1456 323 2110 372">
    <p class='ocr_par' dir='ltr' id='par_1_16' title="bbox 1456 323 2110 372">
     <span class='ocr_line' id='line_1_62' title="bbox 1456 323 2110 372; baseline -0.002 -9"><span class='ocrx_word' id='word_1_490' title='bbox 1456 333 1487 363; x_wconf 90' lang='grc' dir='ltr'>Ῑ3</span> <span class='ocrx_word' id='word_1_491' title='bbox 1508 323 1679 372; x_wconf 79' lang='lat' dir='ltr'>quaestiones</span> <span class='ocrx_word' id='word_1_492' title='bbox 1699 333 1732 364; x_wconf 83' lang='lat' dir='ltr'>de</span> <span class='ocrx_word' id='word_1_493' title='bbox 1752 332 1919 372; x_wconf 71' lang='lat' dir='ltr'>perfectione</span> <span class='ocrx_word' id='word_1_494' title='bbox 1939 332 2110 371; x_wconf 75' lang='lat' dir='ltr'>evangeliea,</span> 
     </span>
    </p>
   </div>
   <div class='ocr_carea' id='block_1_5' title="bbox 1363 433 2227 2965">
    <p class='ocr_par' dir='ltr' id='par_1_17' title="bbox 1363 433 2227 1252">
     <span class='ocr_line' id='line_1_63' title="bbox 1425 433 2206 464; baseline 0.003 -8"><span class='ocrx_word' id='word_1_495' title='bbox 1425 433 1584 462; x_wconf 84' lang='lat' dir='ltr'>Incipiendum</span> <span class='ocrx_word' id='word_1_496' title='bbox 1601 433 1666 457; x_wconf 84' lang='lat' dir='ltr'>nobis</span> <span class='ocrx_word' id='word_1_497' title='bbox 1687 437 1721 457; x_wconf 73' lang='lat' dir='ltr'>est</span> <span class='ocrx_word' id='word_1_498' title='bbox 1742 441 1755 457; x_wconf 87' lang='lat' dir='ltr'>a</span> <span class='ocrx_word' id='word_1_499' title='bbox 1776 434 1894 457; x_wconf 88' lang='lat' dir='ltr'>tractanda</span> <span class='ocrx_word' id='word_1_500' title='bbox 1911 435 2045 463; x_wconf 87' lang='lat' dir='ltr'>quaestione</span> <span class='ocrx_word' id='word_1_501' title='bbox 2061 435 2091 457; x_wconf 91' lang='lat' dir='ltr'>de</span> <span class='ocrx_word' id='word_1_502' title='bbox 2104 440 2206 464; x_wconf 78' lang='lat' dir='ltr'>pauper-</span> 
     </span>
     <span class='ocr_line' id='line_1_64' title="bbox 1363 480 2205 510; baseline 0.002 -8"><span class='ocrx_word' id='word_1_503' title='bbox 1363 481 1421 508; x_wconf 74' lang='lat' dir='ltr'>tate,</span> <span class='ocrx_word' id='word_1_504' title='bbox 1438 486 1498 509; x_wconf 87' lang='lat' dir='ltr'>quae</span> <span class='ocrx_word' id='word_1_505' title='bbox 1515 480 1596 502; x_wconf 82' lang='lat' dir='ltr'>ordine</span> <span class='ocrx_word' id='word_1_506' title='bbox 1617 481 1712 509; x_wconf 90' lang='lat' dir='ltr'>quidem</span> <span class='ocrx_word' id='word_1_507' title='bbox 1736 484 1770 503; x_wconf 85' lang='lat' dir='ltr'>est</span> <span class='ocrx_word' id='word_1_508' title='bbox 1794 481 1909 508; x_wconf 85' lang='lat' dir='ltr'>secunda,</span> <span class='ocrx_word' id='word_1_509' title='bbox 1926 481 1967 504; x_wconf 87' lang='lat' dir='ltr'>sed</span> <span class='ocrx_word' id='word_1_510' title='bbox 1992 481 2094 510; x_wconf 85' lang='lat' dir='ltr'>quadam</span> <span class='ocrx_word' id='word_1_511' title='bbox 2116 481 2205 504; x_wconf 84' lang='lat' dir='ltr'>ratione</span> 
     </span>
     <span class='ocr_line' id='line_1_65' title="bbox 1364 527 2207 556; baseline 0.001 -7"><span class='ocrx_word' id='word_1_512' title='bbox 1364 529 1466 549; x_wconf 89' lang='lat' dir='ltr'>centrum</span> <span class='ocrx_word' id='word_1_513' title='bbox 1484 529 1508 549; x_wconf 86' lang='lat' dir='ltr'>et</span> <span class='ocrx_word' id='word_1_514' title='bbox 1521 527 1607 554; x_wconf 83' lang='lat' dir='ltr'>nodus,</span> <span class='ocrx_word' id='word_1_515' title='bbox 1624 533 1637 549; x_wconf 93' lang='lat' dir='ltr'>a</span> <span class='ocrx_word' id='word_1_516' title='bbox 1653 533 1700 556; x_wconf 92' lang='lat' dir='ltr'>quo</span> <span class='ocrx_word' id='word_1_517' title='bbox 1716 528 1813 550; x_wconf 89' lang='lat' dir='ltr'>aliarum</span> <span class='ocrx_word' id='word_1_518' title='bbox 1830 528 2005 556; x_wconf 82' lang='lat' dir='ltr'>quaestionum,</span> <span class='ocrx_word' id='word_1_519' title='bbox 2017 534 2077 556; x_wconf 89' lang='lat' dir='ltr'>quae</span> <span class='ocrx_word' id='word_1_520' title='bbox 2094 528 2137 556; x_wconf 87' lang='lat' dir='ltr'>ipsi</span> <span class='ocrx_word' id='word_1_521' title='bbox 2154 533 2207 550; x_wconf 87' lang='lat' dir='ltr'>con—</span> 
     </span>
     <span class='ocr_line' id='line_1_66' title="bbox 1363 573 2208 602; baseline 0.001 -6"><span class='ocrx_word' id='word_1_522' title='bbox 1363 579 1435 596; x_wconf 86' lang='lat' dir='ltr'>nexae</span> <span class='ocrx_word' id='word_1_523' title='bbox 1459 576 1522 601; x_wconf 81' lang='grc'>5331,</span> <span class='ocrx_word' id='word_1_524' title='bbox 1546 573 1647 602; x_wconf 84' lang='lat' dir='ltr'>legitima</span> <span class='ocrx_word' id='word_1_525' title='bbox 1672 574 1795 596; x_wconf 87' lang='lat' dir='ltr'>auctoritas</span> <span class='ocrx_word' id='word_1_526' title='bbox 1819 574 1941 602; x_wconf 85' lang='lat' dir='ltr'>dependet.</span> <span class='ocrx_word' id='word_1_527' title='bbox 1966 575 2041 602; x_wconf 87' lang='lat' dir='ltr'>ipsam</span> <span class='ocrx_word' id='word_1_528' title='bbox 2063 577 2140 597; x_wconf 88' lang='lat' dir='ltr'>autem</span> <span class='ocrx_word' id='word_1_529' title='bbox 2157 580 2208 597; x_wconf 85' lang='lat' dir='ltr'>esse</span> 
     </span>
     <span class='ocr_line' id='line_1_67' title="bbox 1364 620 2207 649; baseline 0.004 -7"><span class='ocrx_word' id='word_1_530' title='bbox 1364 621 1387 643; x_wconf 89' lang='lat' dir='ltr'>S.</span> <span class='ocrx_word' id='word_1_531' title='bbox 1404 621 1578 642; x_wconf 88' lang='lat' dir='ltr'>Bonaventurae</span> <span class='ocrx_word' id='word_1_532' title='bbox 1596 620 1721 647; x_wconf 87' lang='lat' dir='ltr'>genuinum</span> <span class='ocrx_word' id='word_1_533' title='bbox 1733 626 1805 648; x_wconf 82' lang='lat' dir='ltr'>opus,</span> <span class='ocrx_word' id='word_1_534' title='bbox 1817 621 1938 649; x_wconf 89' lang='lat' dir='ltr'>hucusque</span> <span class='ocrx_word' id='word_1_535' title='bbox 1949 621 2034 643; x_wconf 90' lang='lat' dir='ltr'>nemini</span> <span class='ocrx_word' id='word_1_536' title='bbox 2051 621 2148 644; x_wconf 90' lang='lat' dir='ltr'>dubium</span> <span class='ocrx_word' id='word_1_537' title='bbox 2166 623 2207 645; x_wconf 89' lang='lat' dir='ltr'>fuit</span> 
     </span>
     <span class='ocr_line' id='line_1_68' title="bbox 1364 666 2227 697; baseline 0.002 -8"><span class='ocrx_word' id='word_1_538' title='bbox 1364 669 1386 689; x_wconf 89' lang='lat' dir='ltr'>et</span> <span class='ocrx_word' id='word_1_539' title='bbox 1404 666 1537 689; x_wconf 89' lang='lat' dir='ltr'>certissimis</span> <span class='ocrx_word' id='word_1_540' title='bbox 1561 666 1704 688; x_wconf 83' lang='lat' dir='ltr'>documentis</span> <span class='ocrx_word' id='word_1_541' title='bbox 1726 666 1845 695; x_wconf 83' lang='lat' dir='ltr'>probatur,</span> <span class='ocrx_word' id='word_1_542' title='bbox 1868 669 1893 689; x_wconf 93' lang='lat' dir='ltr'>ut</span> <span class='ocrx_word' id='word_1_543' title='bbox 1916 667 1975 689; x_wconf 83' lang='lat' dir='ltr'>intra</span> <span class='ocrx_word' id='word_1_544' title='bbox 2000 668 2093 696; x_wconf 89' lang='lat' dir='ltr'>patebit.</span> <span class='ocrx_word' id='word_1_545' title='bbox 2110 669 2207 697; x_wconf 83' lang='lat' dir='ltr'>Insuper</span> <span class='ocrx_word' id='word_1_546' title='bbox 2225 668 2227 670; x_wconf 77' lang='grc'>’</span> 
     </span>
     <span class='ocr_line' id='line_1_69' title="bbox 1364 711 2207 743; baseline 0.002 -8"><span class='ocrx_word' id='word_1_547' title='bbox 1364 712 1446 735; x_wconf 90' lang='lat' dir='ltr'>eadem</span> <span class='ocrx_word' id='word_1_548' title='bbox 1463 711 1533 734; x_wconf 89' lang='lat' dir='ltr'>habet</span> <span class='ocrx_word' id='word_1_549' title='bbox 1548 717 1617 733; x_wconf 90' lang='lat' dir='ltr'>suum</span> <span class='ocrx_word' id='word_1_550' title='bbox 1633 711 1709 733; x_wconf 87' lang='lat' dir='ltr'>locum</span> <span class='ocrx_word' id='word_1_551' title='bbox 1733 712 1792 734; x_wconf 88' lang='lat' dir='ltr'>inter</span> <span class='ocrx_word' id='word_1_552' title='bbox 1815 712 1953 735; x_wconf 89' lang='lat' dir='ltr'>documenta</span> <span class='ocrx_word' id='word_1_553' title='bbox 1971 713 2089 742; x_wconf 80' lang='lat' dir='ltr'>historica,</span> <span class='ocrx_word' id='word_1_554' title='bbox 2106 720 2166 743; x_wconf 91' lang='lat' dir='ltr'>quae</span> <span class='ocrx_word' id='word_1_555' title='bbox 2183 715 2207 737; x_wconf 93' lang='lat' dir='ltr'>il-</span> 
     </span>
     <span class='ocr_line' id='line_1_70' title="bbox 1365 757 2208 788; baseline 0.002 -7"><span class='ocrx_word' id='word_1_556' title='bbox 1365 759 1460 781; x_wconf 86' lang='lat' dir='ltr'>lustrant</span> <span class='ocrx_word' id='word_1_557' title='bbox 1476 757 1649 780; x_wconf 85' lang='lat' dir='ltr'>celeberrimam</span> <span class='ocrx_word' id='word_1_558' title='bbox 1667 758 1727 779; x_wconf 88' lang='lat' dir='ltr'>illam</span> <span class='ocrx_word' id='word_1_559' title='bbox 1745 759 1938 787; x_wconf 84' lang='lat' dir='ltr'>controversiam,</span> <span class='ocrx_word' id='word_1_560' title='bbox 1954 766 2015 788; x_wconf 89' lang='lat' dir='ltr'>quae</span> <span class='ocrx_word' id='word_1_561' title='bbox 2039 761 2130 783; x_wconf 89' lang='lat' dir='ltr'>saeculo</span> <span class='ocrx_word' id='word_1_562' title='bbox 2151 761 2208 784; x_wconf 88' lang='lat' dir='ltr'>Xlll.</span> 
     </span>
     <span class='ocr_line' id='line_1_71' title="bbox 1364 803 2206 832; baseline 0.005 -6"><span class='ocrx_word' id='word_1_563' title='bbox 1364 804 1449 832; x_wconf 87' lang='lat' dir='ltr'>agitata</span> <span class='ocrx_word' id='word_1_564' title='bbox 1474 806 1508 826; x_wconf 91' lang='lat' dir='ltr'>est</span> <span class='ocrx_word' id='word_1_565' title='bbox 1531 804 1590 826; x_wconf 87' lang='lat' dir='ltr'>inter</span> <span class='ocrx_word' id='word_1_566' title='bbox 1614 803 1737 831; x_wconf 85' lang='lat' dir='ltr'>magistros</span> <span class='ocrx_word' id='word_1_567' title='bbox 1762 804 1916 828; x_wconf 86' lang='lat' dir='ltr'>universitatis</span> <span class='ocrx_word' id='word_1_568' title='bbox 1940 806 2072 829; x_wconf 84' lang='lat' dir='ltr'>Parisiensis</span> <span class='ocrx_word' id='word_1_569' title='bbox 2093 809 2115 829; x_wconf 91' lang='lat' dir='ltr'>et</span> <span class='ocrx_word' id='word_1_570' title='bbox 2131 813 2206 830; x_wconf 91' lang='lat' dir='ltr'>novos</span> 
     </span>
     <span class='ocr_line' id='line_1_72' title="bbox 1365 851 2207 878; baseline 0.004 -5"><span class='ocrx_word' id='word_1_571' title='bbox 1365 851 1462 874; x_wconf 84' lang='lat' dir='ltr'>Ordines</span> <span class='ocrx_word' id='word_1_572' title='bbox 1478 851 1646 878; x_wconf 88' lang='lat' dir='ltr'>mendicantes,</span> <span class='ocrx_word' id='word_1_573' title='bbox 1664 852 1758 873; x_wconf 77' lang='lat' dir='ltr'>fratrum</span> <span class='ocrx_word' id='word_1_574' title='bbox 1783 851 1868 874; x_wconf 89' lang='lat' dir='ltr'>scilicet</span> <span class='ocrx_word' id='word_1_575' title='bbox 1888 852 2074 875; x_wconf 86' lang='lat' dir='ltr'>Praedicatorum</span> <span class='ocrx_word' id='word_1_576' title='bbox 2096 855 2118 876; x_wconf 86' lang='lat' dir='ltr'>et</span> <span class='ocrx_word' id='word_1_577' title='bbox 2140 854 2207 876; x_wconf 85' lang='lat' dir='ltr'>Mino-</span> 
     </span>
     <span class='ocr_line' id='line_1_73' title="bbox 1365 897 2208 928; baseline 0.002 -8"><span class='ocrx_word' id='word_1_578' title='bbox 1365 904 1425 920; x_wconf 92' lang='lat' dir='ltr'>rum.</span> <span class='ocrx_word' id='word_1_579' title='bbox 1437 897 1554 920; x_wconf 82' lang='lat' dir='ltr'>Praedicta</span> <span class='ocrx_word' id='word_1_580' title='bbox 1571 897 1675 926; x_wconf 88' lang='lat' dir='ltr'>quaestio</span> <span class='ocrx_word' id='word_1_581' title='bbox 1692 899 1726 919; x_wconf 90' lang='lat' dir='ltr'>est</span> <span class='ocrx_word' id='word_1_582' title='bbox 1737 897 1838 925; x_wconf 91' lang='lat' dir='ltr'>primum</span> <span class='ocrx_word' id='word_1_583' title='bbox 1851 899 2000 928; x_wconf 87' lang='lat' dir='ltr'>opusculum,</span> <span class='ocrx_word' id='word_1_584' title='bbox 2012 900 2075 928; x_wconf 91' lang='lat' dir='ltr'>quod</span> <span class='ocrx_word' id='word_1_585' title='bbox 2087 900 2130 922; x_wconf 88' lang='lat' dir='ltr'>hac</span> <span class='ocrx_word' id='word_1_586' title='bbox 2145 905 2208 922; x_wconf 88' lang='lat' dir='ltr'>occa-</span> 
     </span>
     <span class='ocr_line' id='line_1_74' title="bbox 1365 943 2208 974; baseline 0.004 -8"><span class='ocrx_word' id='word_1_587' title='bbox 1365 944 1429 966; x_wconf 89' lang='lat' dir='ltr'>sione</span> <span class='ocrx_word' id='word_1_588' title='bbox 1445 943 1536 971; x_wconf 88' lang='lat' dir='ltr'>scripsit</span> <span class='ocrx_word' id='word_1_589' title='bbox 1552 944 1575 966; x_wconf 87' lang='lat' dir='ltr'>S.</span> <span class='ocrx_word' id='word_1_590' title='bbox 1592 944 1752 966; x_wconf 89' lang='lat' dir='ltr'>Bonaventura</span> <span class='ocrx_word' id='word_1_591' title='bbox 1770 944 1799 967; x_wconf 91' lang='lat' dir='ltr'>ad</span> <span class='ocrx_word' id='word_1_592' title='bbox 1817 945 1936 968; x_wconf 90' lang='lat' dir='ltr'>veritatem</span> <span class='ocrx_word' id='word_1_593' title='bbox 1961 946 2127 974; x_wconf 88' lang='lat' dir='ltr'>principiorum</span> <span class='ocrx_word' id='word_1_594' title='bbox 2145 949 2208 969; x_wconf 86' lang='lat' dir='ltr'>tuen-</span> 
     </span>
     <span class='ocr_line' id='line_1_75' title="bbox 1365 990 2207 1020; baseline 0.004 -8"><span class='ocrx_word' id='word_1_595' title='bbox 1365 991 1419 1013; x_wconf 88' lang='lat' dir='ltr'>dam</span> <span class='ocrx_word' id='word_1_596' title='bbox 1436 993 1459 1013; x_wconf 92' lang='lat' dir='ltr'>et</span> <span class='ocrx_word' id='word_1_597' title='bbox 1474 991 1547 1013; x_wconf 90' lang='lat' dir='ltr'>dictos</span> <span class='ocrx_word' id='word_1_598' title='bbox 1572 990 1668 1013; x_wconf 85' lang='lat' dir='ltr'>Ordines</span> <span class='ocrx_word' id='word_1_599' title='bbox 1690 997 1703 1012; x_wconf 88' lang='lat' dir='ltr'>a</span> <span class='ocrx_word' id='word_1_600' title='bbox 1727 990 1848 1013; x_wconf 87' lang='lat' dir='ltr'>calumniis</span> <span class='ocrx_word' id='word_1_601' title='bbox 1869 991 2027 1014; x_wconf 89' lang='lat' dir='ltr'>vindicandos.</span> <span class='ocrx_word' id='word_1_602' title='bbox 2044 993 2158 1020; x_wconf 89' lang='lat' dir='ltr'>Respectu</span> <span class='ocrx_word' id='word_1_603' title='bbox 2175 993 2207 1014; x_wconf 88' lang='lat' dir='ltr'>rei</span> 
     </span>
     <span class='ocr_line' id='line_1_76' title="bbox 1366 1036 2208 1065; baseline 0.004 -7"><span class='ocrx_word' id='word_1_604' title='bbox 1366 1039 1474 1059; x_wconf 87' lang='lat' dir='ltr'>tractatae</span> <span class='ocrx_word' id='word_1_605' title='bbox 1496 1037 1553 1059; x_wconf 88' lang='lat' dir='ltr'>haec</span> <span class='ocrx_word' id='word_1_606' title='bbox 1577 1037 1681 1065; x_wconf 87' lang='lat' dir='ltr'>quaestio</span> <span class='ocrx_word' id='word_1_607' title='bbox 1703 1037 1779 1059; x_wconf 90' lang='lat' dir='ltr'>locum</span> <span class='ocrx_word' id='word_1_608' title='bbox 1804 1036 1889 1060; x_wconf 86' lang='lat' dir='ltr'>habere</span> <span class='ocrx_word' id='word_1_609' title='bbox 1913 1037 2010 1060; x_wconf 89' lang='lat' dir='ltr'>deberet</span> <span class='ocrx_word' id='word_1_610' title='bbox 2026 1039 2049 1060; x_wconf 89' lang='lat' dir='ltr'>in</span> <span class='ocrx_word' id='word_1_611' title='bbox 2071 1039 2114 1060; x_wconf 89' lang='lat' dir='ltr'>alia</span> <span class='ocrx_word' id='word_1_612' title='bbox 2140 1039 2208 1061; x_wconf 85' lang='lat' dir='ltr'>huius</span> 
     </span>
     <span class='ocr_line' id='line_1_77' title="bbox 1366 1083 2206 1113; baseline 0.002 -8"><span class='ocrx_word' id='word_1_613' title='bbox 1366 1083 1471 1106; x_wconf 89' lang='lat' dir='ltr'>editionis</span> <span class='ocrx_word' id='word_1_614' title='bbox 1488 1083 1570 1110; x_wconf 85' lang='lat' dir='ltr'>classe,</span> <span class='ocrx_word' id='word_1_615' title='bbox 1588 1083 1672 1106; x_wconf 88' lang='lat' dir='ltr'>scilicet</span> <span class='ocrx_word' id='word_1_616' title='bbox 1689 1083 1724 1105; x_wconf 92' lang='lat' dir='ltr'>illa</span> <span class='ocrx_word' id='word_1_617' title='bbox 1745 1089 1805 1112; x_wconf 89' lang='lat' dir='ltr'>quae</span> <span class='ocrx_word' id='word_1_618' title='bbox 1830 1086 1864 1106; x_wconf 87' lang='lat' dir='ltr'>est</span> <span class='ocrx_word' id='word_1_619' title='bbox 1888 1084 1917 1106; x_wconf 95' lang='lat' dir='ltr'>de</span> <span class='ocrx_word' id='word_1_620' title='bbox 1938 1085 2028 1113; x_wconf 83' lang='lat' dir='ltr'>scriptis</span> <span class='ocrx_word' id='word_1_621' title='bbox 2045 1085 2074 1106; x_wconf 93' lang='lat' dir='ltr'>ad</span> <span class='ocrx_word' id='word_1_622' title='bbox 2097 1084 2206 1107; x_wconf 88' lang='lat' dir='ltr'>Ordinem</span> 
     </span>
     <span class='ocr_line' id='line_1_78' title="bbox 1365 1129 2208 1159; baseline 0.001 -7"><span class='ocrx_word' id='word_1_623' title='bbox 1365 1129 1478 1152; x_wconf 86' lang='lat' dir='ltr'>Minorum</span> <span class='ocrx_word' id='word_1_624' title='bbox 1495 1129 1663 1158; x_wconf 84' lang='lat' dir='ltr'>spectantibus;</span> <span class='ocrx_word' id='word_1_625' title='bbox 1680 1129 1722 1152; x_wconf 88' lang='lat' dir='ltr'>sed</span> <span class='ocrx_word' id='word_1_626' title='bbox 1747 1135 1830 1157; x_wconf 80' lang='lat' dir='ltr'>graves</span> <span class='ocrx_word' id='word_1_627' title='bbox 1855 1130 1953 1153; x_wconf 89' lang='lat' dir='ltr'>rationes</span> <span class='ocrx_word' id='word_1_628' title='bbox 1976 1133 1998 1153; x_wconf 91' lang='lat' dir='ltr'>et</span> <span class='ocrx_word' id='word_1_629' title='bbox 2014 1131 2091 1159; x_wconf 89' lang='lat' dir='ltr'>ipsum</span> <span class='ocrx_word' id='word_1_630' title='bbox 2108 1132 2208 1154; x_wconf 90' lang='lat' dir='ltr'>auctoris</span> 
     </span>
     <span class='ocr_line' id='line_1_79' title="bbox 1365 1177 2206 1206; baseline 0.004 -8"><span class='ocrx_word' id='word_1_631' title='bbox 1365 1177 1497 1204; x_wconf 78' lang='lat' dir='ltr'>exemplum</span> <span class='ocrx_word' id='word_1_632' title='bbox 1513 1179 1647 1203; x_wconf 86' lang='lat' dir='ltr'>suaserunt,</span> <span class='ocrx_word' id='word_1_633' title='bbox 1664 1183 1692 1199; x_wconf 90' lang='lat' dir='ltr'>ne</span> <span class='ocrx_word' id='word_1_634' title='bbox 1713 1182 1726 1198; x_wconf 90' lang='lat' dir='ltr'>a</span> <span class='ocrx_word' id='word_1_635' title='bbox 1751 1177 1832 1199; x_wconf 86' lang='lat' dir='ltr'>ceteris</span> <span class='ocrx_word' id='word_1_636' title='bbox 1857 1177 1885 1200; x_wconf 90' lang='lat' dir='ltr'>de</span> <span class='ocrx_word' id='word_1_637' title='bbox 1910 1178 2049 1205; x_wconf 89' lang='lat' dir='ltr'>perfectione</span> <span class='ocrx_word' id='word_1_638' title='bbox 2073 1179 2206 1206; x_wconf 86' lang='lat' dir='ltr'>evangelica</span> 
     </span>
     <span class='ocr_line' id='line_1_80' title="bbox 1366 1223 1708 1252; baseline 0 -7"><span class='ocrx_word' id='word_1_639' title='bbox 1366 1223 1539 1252; x_wconf 90' lang='lat' dir='ltr'>quaestionibus</span> <span class='ocrx_word' id='word_1_640' title='bbox 1555 1226 1708 1251; x_wconf 87' lang='lat' dir='ltr'>separaretur.</span> 
     </span>
    </p>

    <p class='ocr_par' dir='ltr' id='par_1_18' title="bbox 1365 1268 2210 1616">
     <span class='ocr_line' id='line_1_81' title="bbox 1429 1268 2208 1299; baseline 0.003 -8"><span class='ocrx_word' id='word_1_641' title='bbox 1429 1269 1442 1297; x_wconf 60' lang='grc' dir='ltr'>ἕξ</span> <span class='ocrx_word' id='word_1_642' title='bbox 1460 1270 1481 1291; x_wconf 83' lang='grc'>1.</span> <span class='ocrx_word' id='word_1_643' title='bbox 1498 1268 1602 1295; x_wconf 74' lang='lat' dir='ltr'>Quaestio</span> <span class='ocrx_word' id='word_1_644' title='bbox 1620 1268 1739 1299; x_wconf 73' lang='lat' dir='ltr'>disputata</span> <span class='ocrx_word' id='word_1_645' title='bbox 1756 1268 1782 1291; x_wconf 79' lang='lat' dir='ltr'>do</span> <span class='ocrx_word' id='word_1_646' title='bbox 1798 1268 1933 1298; x_wconf 70' lang='lat' dir='ltr'>paupertate</span> <span class='ocrx_word' id='word_1_647' title='bbox 1949 1269 1985 1292; x_wconf 77' lang='lat' dir='ltr'>ost</span> <span class='ocrx_word' id='word_1_648' title='bbox 1996 1269 2119 1298; x_wconf 75' lang='lat' dir='ltr'>genuinum</span> <span class='ocrx_word' id='word_1_649' title='bbox 2131 1269 2154 1293; x_wconf 88' lang='lat' dir='ltr'>S.</span> <span class='ocrx_word' id='word_1_650' title='bbox 2167 1270 2208 1293; x_wconf 85' lang='lat' dir='ltr'>Bo-</span> 
     </span>
     <span class='ocr_line' id='line_1_82' title="bbox 1365 1315 2207 1345; baseline 0.001 -7"><span class='ocrx_word' id='word_1_651' title='bbox 1365 1316 1507 1339; x_wconf 72' lang='lat' dir='ltr'>naventurae</span> <span class='ocrx_word' id='word_1_652' title='bbox 1523 1315 1662 1345; x_wconf 71' lang='lat' dir='ltr'>opusculum.</span> <span class='ocrx_word' id='word_1_653' title='bbox 1674 1328 1705 1332; x_wconf 96' lang='lat'><strong>—</strong></span> <span class='ocrx_word' id='word_1_654' title='bbox 1716 1316 1765 1338; x_wconf 89' lang='lat' dir='ltr'>Hoc</span> <span class='ocrx_word' id='word_1_655' title='bbox 1782 1317 1896 1338; x_wconf 84' lang='lat' dir='ltr'>affirmant</span> <span class='ocrx_word' id='word_1_656' title='bbox 1907 1322 1987 1339; x_wconf 90' lang='lat' dir='ltr'>omnes</span> <span class='ocrx_word' id='word_1_657' title='bbox 1998 1317 2066 1339; x_wconf 89' lang='lat' dir='ltr'>etiam</span> <span class='ocrx_word' id='word_1_658' title='bbox 2079 1317 2207 1339; x_wconf 90' lang='lat' dir='ltr'>severiores</span> 
     </span>
     <span class='ocr_line' id='line_1_83' title="bbox 1365 1362 2208 1392; baseline 0.001 -7"><span class='ocrx_word' id='word_1_659' title='bbox 1365 1368 1463 1391; x_wconf 86' lang='lat' dir='ltr'>operum</span> <span class='ocrx_word' id='word_1_660' title='bbox 1478 1362 1592 1389; x_wconf 89' lang='lat' dir='ltr'>seraphici</span> <span class='ocrx_word' id='word_1_661' title='bbox 1608 1362 1713 1384; x_wconf 84' lang='lat' dir='ltr'>Doctoris</span> <span class='ocrx_word' id='word_1_662' title='bbox 1730 1368 1837 1384; x_wconf 86' lang='lat' dir='ltr'>censores</span> <span class='ocrx_word' id='word_1_663' title='bbox 1843 1371 1849 1389; x_wconf 63' lang='grc' dir='ltr'><strong><em>ς</em></strong></span> <span class='ocrx_word' id='word_1_664' title='bbox 1861 1363 1904 1385; x_wconf 89' lang='lat' dir='ltr'>hoc</span> <span class='ocrx_word' id='word_1_665' title='bbox 1917 1365 2050 1385; x_wconf 82' lang='lat' dir='ltr'>attestantur</span> <span class='ocrx_word' id='word_1_666' title='bbox 2068 1364 2208 1392; x_wconf 89' lang='lat' dir='ltr'>antiquiores</span> 
     </span>
     <span class='ocr_line' id='line_1_84' title="bbox 1365 1409 2210 1438; baseline 0.002 -7"><span class='ocrx_word' id='word_1_667' title='bbox 1365 1409 1457 1431; x_wconf 89' lang='lat' dir='ltr'>indiculi</span> <span class='ocrx_word' id='word_1_668' title='bbox 1487 1410 1571 1431; x_wconf 90' lang='lat' dir='ltr'>horum</span> <span class='ocrx_word' id='word_1_669' title='bbox 1596 1415 1706 1436; x_wconf 89' lang='lat' dir='ltr'>operum,</span> <span class='ocrx_word' id='word_1_670' title='bbox 1731 1409 1866 1436; x_wconf 86' lang='lat' dir='ltr'>praesertim</span> <span class='ocrx_word' id='word_1_671' title='bbox 1888 1410 1976 1432; x_wconf 86' lang='lat' dir='ltr'>Henrici</span> <span class='ocrx_word' id='word_1_672' title='bbox 1999 1410 2170 1438; x_wconf 82' lang='lat' dir='ltr'>Gandavensis,</span> <span class='ocrx_word' id='word_1_673' title='bbox 2187 1414 2210 1433; x_wconf 91' lang='lat' dir='ltr'>et</span> 
     </span>
     <span class='ocr_line' id='line_1_85' title="bbox 1366 1454 2206 1485; baseline 0.002 -8"><span class='ocrx_word' id='word_1_674' title='bbox 1366 1456 1448 1477; x_wconf 89' lang='lat' dir='ltr'>clarius</span> <span class='ocrx_word' id='word_1_675' title='bbox 1465 1454 1536 1477; x_wconf 90' lang='lat' dir='ltr'>verba</span> <span class='ocrx_word' id='word_1_676' title='bbox 1562 1454 1665 1477; x_wconf 86' lang='lat' dir='ltr'>Ubertini</span> <span class='ocrx_word' id='word_1_677' title='bbox 1682 1461 1695 1476; x_wconf 89' lang='lat' dir='ltr'>a</span> <span class='ocrx_word' id='word_1_678' title='bbox 1715 1454 1801 1483; x_wconf 81' lang='lat' dir='ltr'>Casan,</span> <span class='ocrx_word' id='word_1_679' title='bbox 1824 1455 1941 1478; x_wconf 86' lang='lat' dir='ltr'>Trithemii</span> <span class='ocrx_word' id='word_1_680' title='bbox 1959 1456 2116 1485; x_wconf 88' lang='lat' dir='ltr'>aliorumque,</span> <span class='ocrx_word' id='word_1_681' title='bbox 2134 1460 2159 1479; x_wconf 92' lang='lat' dir='ltr'>ut</span> <span class='ocrx_word' id='word_1_682' title='bbox 2175 1457 2206 1479; x_wconf 94' lang='lat' dir='ltr'>vi-</span> 
     </span>
     <span class='ocr_line' id='line_1_86' title="bbox 1367 1501 2207 1531; baseline 0 -6"><span class='ocrx_word' id='word_1_683' title='bbox 1367 1502 1416 1525; x_wconf 87' lang='lat' dir='ltr'>deri</span> <span class='ocrx_word' id='word_1_684' title='bbox 1432 1504 1508 1530; x_wconf 87' lang='lat' dir='ltr'>potest</span> <span class='ocrx_word' id='word_1_685' title='bbox 1530 1508 1555 1524; x_wconf 89' lang='lat' dir='ltr'>ex</span> <span class='ocrx_word' id='word_1_686' title='bbox 1580 1502 1615 1524; x_wconf 89' lang='lat' dir='ltr'>his</span> <span class='ocrx_word' id='word_1_687' title='bbox 1638 1502 1743 1524; x_wconf 87' lang='lat' dir='ltr'>indiculis</span> <span class='ocrx_word' id='word_1_688' title='bbox 1767 1501 1825 1523; x_wconf 90' lang='lat' dir='ltr'>infra</span> <span class='ocrx_word' id='word_1_689' title='bbox 1849 1508 1868 1524; x_wconf 86' lang='lat' dir='ltr'>c.</span> <span class='ocrx_word' id='word_1_690' title='bbox 1887 1502 1923 1524; x_wconf 74' lang='grc'>10,</span> <span class='ocrx_word' id='word_1_691' title='bbox 1940 1502 2028 1529; x_wconf 74' lang='grc'>1013115;</span> <span class='ocrx_word' id='word_1_692' title='bbox 2046 1503 2089 1524; x_wconf 86' lang='grc'>1100</span> <span class='ocrx_word' id='word_1_693' title='bbox 2107 1502 2207 1531; x_wconf 86' lang='lat' dir='ltr'>denique</span> 
     </span>
     <span class='ocr_line' id='line_1_87' title="bbox 1366 1548 2210 1577; baseline 0.001 -7"><span class='ocrx_word' id='word_1_694' title='bbox 1366 1549 1451 1571; x_wconf 89' lang='lat' dir='ltr'>invicte</span> <span class='ocrx_word' id='word_1_695' title='bbox 1472 1548 1571 1575; x_wconf 83' lang='lat' dir='ltr'>probant</span> <span class='ocrx_word' id='word_1_696' title='bbox 1592 1548 1752 1576; x_wconf 80' lang='lat' dir='ltr'>inscriptiones</span> <span class='ocrx_word' id='word_1_697' title='bbox 1773 1548 1880 1570; x_wconf 89' lang='lat' dir='ltr'>codicum</span> <span class='ocrx_word' id='word_1_698' title='bbox 1899 1548 1963 1576; x_wconf 86' lang='lat' dir='ltr'>(infra</span> <span class='ocrx_word' id='word_1_699' title='bbox 1981 1548 1995 1576; x_wconf 66' lang='lat'>2}</span> <span class='ocrx_word' id='word_1_700' title='bbox 2013 1550 2034 1570; x_wconf 82' lang='lat'>2.</span> <span class='ocrx_word' id='word_1_701' title='bbox 2051 1552 2072 1570; x_wconf 92' lang='lat' dir='ltr'>et</span> <span class='ocrx_word' id='word_1_702' title='bbox 2090 1549 2120 1577; x_wconf 83' lang='lat'>5.)</span> <span class='ocrx_word' id='word_1_703' title='bbox 2139 1551 2160 1571; x_wconf 88' lang='lat' dir='ltr'>et</span> <span class='ocrx_word' id='word_1_704' title='bbox 2177 1552 2210 1571; x_wconf 85' lang='lat' dir='ltr'>tot.</span> 
     </span>
     <span class='ocr_line' id='line_1_88' title="bbox 1366 1594 1500 1616; baseline 0 0"><span class='ocrx_word' id='word_1_705' title='bbox 1366 1594 1500 1616; x_wconf 89' lang='lat' dir='ltr'>editionum.</span> 
     </span>
    </p>

    <p class='ocr_par' dir='ltr' id='par_1_19' title="bbox 1366 1640 2212 1994">
     <span class='ocr_line' id='line_1_89' title="bbox 1430 1640 2205 1670; baseline 0.003 -8"><span class='ocrx_word' id='word_1_706' title='bbox 1430 1641 1497 1667; x_wconf 78' lang='lat' dir='ltr'>Nam,</span> <span class='ocrx_word' id='word_1_707' title='bbox 1514 1643 1538 1662; x_wconf 89' lang='lat' dir='ltr'>ut</span> <span class='ocrx_word' id='word_1_708' title='bbox 1555 1640 1584 1662; x_wconf 91' lang='lat' dir='ltr'>ab</span> <span class='ocrx_word' id='word_1_709' title='bbox 1601 1640 1742 1663; x_wconf 89' lang='lat' dir='ltr'>editionibus</span> <span class='ocrx_word' id='word_1_710' title='bbox 1758 1640 1877 1662; x_wconf 78' lang='lat' dir='ltr'>exordium</span> <span class='ocrx_word' id='word_1_711' title='bbox 1895 1640 2016 1669; x_wconf 84' lang='lat' dir='ltr'>faciamus,</span> <span class='ocrx_word' id='word_1_712' title='bbox 2029 1642 2085 1663; x_wconf 91' lang='lat' dir='ltr'>haec</span> <span class='ocrx_word' id='word_1_713' title='bbox 2102 1642 2205 1670; x_wconf 88' lang='lat' dir='ltr'>quaestio</span> 
     </span>
     <span class='ocr_line' id='line_1_90' title="bbox 1366 1686 2210 1715; baseline 0.001 -6"><span class='ocrx_word' id='word_1_714' title='bbox 1366 1687 1415 1709; x_wconf 86' lang='lat' dir='ltr'>sine</span> <span class='ocrx_word' id='word_1_715' title='bbox 1439 1688 1536 1715; x_wconf 85' lang='lat' dir='ltr'>prologo</span> <span class='ocrx_word' id='word_1_716' title='bbox 1563 1689 1602 1709; x_wconf 89' lang='lat' dir='ltr'>aut</span> <span class='ocrx_word' id='word_1_717' title='bbox 1627 1686 1705 1709; x_wconf 84' lang='lat' dir='ltr'>verbis</span> <span class='ocrx_word' id='word_1_718' title='bbox 1732 1687 1901 1709; x_wconf 86' lang='lat' dir='ltr'>introductoriis</span> <span class='ocrx_word' id='word_1_719' title='bbox 1926 1687 2038 1715; x_wconf 88' lang='lat' dir='ltr'>impressa</span> <span class='ocrx_word' id='word_1_720' title='bbox 2061 1691 2095 1710; x_wconf 89' lang='lat' dir='ltr'>est</span> <span class='ocrx_word' id='word_1_721' title='bbox 2117 1689 2139 1710; x_wconf 90' lang='lat' dir='ltr'>in</span> <span class='ocrx_word' id='word_1_722' title='bbox 2164 1689 2210 1711; x_wconf 90' lang='lat' dir='ltr'>edi-</span> 
     </span>
     <span class='ocr_line' id='line_1_91' title="bbox 1367 1733 2205 1762; baseline 0.001 -6"><span class='ocrx_word' id='word_1_723' title='bbox 1367 1734 1428 1756; x_wconf 91' lang='lat' dir='ltr'>tione</span> <span class='ocrx_word' id='word_1_724' title='bbox 1444 1733 1574 1756; x_wconf 88' lang='lat' dir='ltr'>Coloniensi</span> <span class='ocrx_word' id='word_1_725' title='bbox 1590 1740 1627 1756; x_wconf 89' lang='lat' dir='ltr'>an.</span> <span class='ocrx_word' id='word_1_726' title='bbox 1647 1733 1704 1756; x_wconf 74' lang='grc'>1486</span> <span class='ocrx_word' id='word_1_727' title='bbox 1724 1734 1773 1762; x_wconf 88' lang='lat' dir='ltr'>(cfr.</span> <span class='ocrx_word' id='word_1_728' title='bbox 1790 1734 1848 1756; x_wconf 85' lang='lat' dir='ltr'>infra</span> <span class='ocrx_word' id='word_1_729' title='bbox 1865 1740 1884 1756; x_wconf 92' lang='lat' dir='ltr'>c.</span> <span class='ocrx_word' id='word_1_730' title='bbox 1904 1734 1948 1762; x_wconf 90' lang='grc'>11.)</span> <span class='ocrx_word' id='word_1_731' title='bbox 1961 1737 1983 1756; x_wconf 83' lang='grc'>01</span> <span class='ocrx_word' id='word_1_732' title='bbox 1999 1735 2108 1762; x_wconf 80' lang='lat' dir='ltr'>deinceps</span> <span class='ocrx_word' id='word_1_733' title='bbox 2124 1735 2205 1757; x_wconf 83' lang='lat' dir='ltr'>eodem</span> 
     </span>
     <span class='ocr_line' id='line_1_92' title="bbox 1367 1779 2209 1807; baseline 0.001 -5"><span class='ocrx_word' id='word_1_734' title='bbox 1367 1780 1437 1802; x_wconf 89' lang='lat' dir='ltr'>modo</span> <span class='ocrx_word' id='word_1_735' title='bbox 1455 1780 1476 1801; x_wconf 95' lang='lat' dir='ltr'>in</span> <span class='ocrx_word' id='word_1_736' title='bbox 1493 1779 1601 1802; x_wconf 83' lang='lat' dir='ltr'>omnibus</span> <span class='ocrx_word' id='word_1_737' title='bbox 1618 1780 1782 1807; x_wconf 81' lang='lat' dir='ltr'>opusculorum</span> <span class='ocrx_word' id='word_1_738' title='bbox 1804 1782 1826 1802; x_wconf 88' lang='lat' dir='ltr'>et</span> <span class='ocrx_word' id='word_1_739' title='bbox 1851 1780 1955 1802; x_wconf 91' lang='lat' dir='ltr'>omnium</span> <span class='ocrx_word' id='word_1_740' title='bbox 1978 1786 2075 1807; x_wconf 87' lang='lat' dir='ltr'>operum</span> <span class='ocrx_word' id='word_1_741' title='bbox 2100 1781 2209 1803; x_wconf 88' lang='lat' dir='ltr'>collectio-</span> 
     </span>
     <span class='ocr_line' id='line_1_93' title="bbox 1367 1827 2206 1855; baseline 0.001 -6"><span class='ocrx_word' id='word_1_742' title='bbox 1367 1827 1443 1855; x_wconf 81' lang='lat' dir='ltr'>nibus,</span> <span class='ocrx_word' id='word_1_743' title='bbox 1460 1830 1554 1855; x_wconf 80' lang='lat' dir='ltr'>excepta</span> <span class='ocrx_word' id='word_1_744' title='bbox 1571 1827 1681 1849; x_wconf 86' lang='lat' dir='ltr'>Brixiensi</span> <span class='ocrx_word' id='word_1_745' title='bbox 1698 1828 1750 1849; x_wconf 90' lang='lat' dir='ltr'>anni</span> <span class='ocrx_word' id='word_1_746' title='bbox 1769 1827 1840 1853; x_wconf 71' lang='grc'>1495,</span> <span class='ocrx_word' id='word_1_747' title='bbox 1857 1832 1917 1855; x_wconf 88' lang='lat' dir='ltr'>quae</span> <span class='ocrx_word' id='word_1_748' title='bbox 1933 1833 1979 1849; x_wconf 92' lang='lat' dir='ltr'>non</span> <span class='ocrx_word' id='word_1_749' title='bbox 1997 1827 2065 1849; x_wconf 85' lang='lat' dir='ltr'>habet</span> <span class='ocrx_word' id='word_1_750' title='bbox 2082 1828 2124 1850; x_wconf 89' lang='lat' dir='ltr'>nisi</span> <span class='ocrx_word' id='word_1_751' title='bbox 2136 1834 2206 1855; x_wconf 82' lang='lat' dir='ltr'>opera</span> 
     </span>
     <span class='ocr_line' id='line_1_94' title="bbox 1368 1873 2211 1901; baseline 0.002 -6"><span class='ocrx_word' id='word_1_752' title='bbox 1368 1874 1473 1896; x_wconf 84' lang='lat' dir='ltr'>ascetica.</span> <span class='ocrx_word' id='word_1_753' title='bbox 1492 1874 1516 1895; x_wconf 86' lang='lat' dir='ltr'>ln</span> <span class='ocrx_word' id='word_1_754' title='bbox 1533 1874 1567 1895; x_wconf 84' lang='lat' dir='ltr'>his</span> <span class='ocrx_word' id='word_1_755' title='bbox 1589 1877 1611 1896; x_wconf 90' lang='lat' dir='ltr'>et</span> <span class='ocrx_word' id='word_1_756' title='bbox 1631 1874 1654 1895; x_wconf 92' lang='lat' dir='ltr'>in</span> <span class='ocrx_word' id='word_1_757' title='bbox 1671 1874 1721 1895; x_wconf 91' lang='lat' dir='ltr'>Vat.</span> <span class='ocrx_word' id='word_1_758' title='bbox 1739 1873 1883 1896; x_wconf 83' lang='lat' dir='ltr'>inscribitur:</span> <span class='ocrx_word' id='word_1_759' title='bbox 1903 1882 1913 1892; x_wconf 88' lang='lat'>«</span> <span class='ocrx_word' id='word_1_760' title='bbox 1926 1873 1955 1895; x_wconf 86' lang='lat' dir='ltr'>de</span> <span class='ocrx_word' id='word_1_761' title='bbox 1972 1877 2107 1901; x_wconf 87' lang='lat' dir='ltr'>paupertate</span> <span class='ocrx_word' id='word_1_762' title='bbox 2124 1874 2211 1897; x_wconf 75' lang='lat' dir='ltr'>Christi</span> 
     </span>
     <span class='ocr_line' id='line_1_95' title="bbox 1370 1919 2212 1948; baseline 0.001 -6"><span class='ocrx_word' id='word_1_763' title='bbox 1370 1923 1448 1942; x_wconf 89' lang='lat' dir='ltr'>contra</span> <span class='ocrx_word' id='word_1_764' title='bbox 1461 1920 1593 1947; x_wconf 83' lang='lat' dir='ltr'>Magistrum</span> <span class='ocrx_word' id='word_1_765' title='bbox 1605 1920 1743 1942; x_wconf 85' lang='lat' dir='ltr'>Gulielmum</span> <span class='ocrx_word' id='word_1_766' title='bbox 1753 1929 1778 1946; x_wconf 68' lang='grc' dir='ltr'>»ς</span> <span class='ocrx_word' id='word_1_767' title='bbox 1791 1920 1831 1942; x_wconf 92' lang='lat' dir='ltr'>sed</span> <span class='ocrx_word' id='word_1_768' title='bbox 1843 1920 1953 1942; x_wconf 83' lang='lat' dir='ltr'>restrictio</span> <span class='ocrx_word' id='word_1_769' title='bbox 1971 1926 2012 1948; x_wconf 81' lang='lat' dir='ltr'>per</span> <span class='ocrx_word' id='word_1_770' title='bbox 2029 1927 2111 1943; x_wconf 85' lang='lat' dir='ltr'>vocem</span> <span class='ocrx_word' id='word_1_771' title='bbox 2124 1919 2212 1943; x_wconf 70' lang='lat' dir='ltr'>Cltrt&#39;stz·</span> 
     </span>
     <span class='ocr_line' id='line_1_96' title="bbox 1369 1966 1905 1994; baseline 0 -6"><span class='ocrx_word' id='word_1_772' title='bbox 1369 1973 1413 1988; x_wconf 88' lang='lat' dir='ltr'>non</span> <span class='ocrx_word' id='word_1_773' title='bbox 1431 1967 1537 1989; x_wconf 75' lang='lat' dir='ltr'>convenit</span> <span class='ocrx_word' id='word_1_774' title='bbox 1556 1969 1691 1994; x_wconf 87' lang='lat' dir='ltr'>argumento</span> <span class='ocrx_word' id='word_1_775' title='bbox 1708 1973 1750 1989; x_wconf 88' lang='lat' dir='ltr'>nec</span> <span class='ocrx_word' id='word_1_776' title='bbox 1767 1972 1820 1988; x_wconf 90' lang='lat' dir='ltr'>cum</span> <span class='ocrx_word' id='word_1_777' title='bbox 1838 1966 1905 1988; x_wconf 87' lang='lat' dir='ltr'>codd.</span> 
     </span>
    </p>

    <p class='ocr_par' dir='ltr' id='par_1_20' title="bbox 1368 2013 2211 2506">
     <span class='ocr_line' id='line_1_97' title="bbox 1433 2013 2208 2042; baseline 0 -7"><span class='ocrx_word' id='word_1_778' title='bbox 1433 2015 1518 2036; x_wconf 81' lang='lat' dir='ltr'>Harum</span> <span class='ocrx_word' id='word_1_779' title='bbox 1536 2014 1663 2036; x_wconf 89' lang='lat' dir='ltr'>editionum</span> <span class='ocrx_word' id='word_1_780' title='bbox 1685 2014 1752 2042; x_wconf 89' lang='lat' dir='ltr'>longe</span> <span class='ocrx_word' id='word_1_781' title='bbox 1777 2013 1856 2035; x_wconf 88' lang='lat' dir='ltr'>melior</span> <span class='ocrx_word' id='word_1_782' title='bbox 1876 2016 1910 2035; x_wconf 88' lang='lat' dir='ltr'>est</span> <span class='ocrx_word' id='word_1_783' title='bbox 1930 2019 1971 2041; x_wconf 89' lang='lat' dir='ltr'>ea,</span> <span class='ocrx_word' id='word_1_784' title='bbox 1988 2020 2058 2042; x_wconf 88' lang='lat' dir='ltr'>quam</span> <span class='ocrx_word' id='word_1_785' title='bbox 2084 2014 2107 2036; x_wconf 83' lang='grc' dir='ltr'>Ρ.</span> <span class='ocrx_word' id='word_1_786' title='bbox 2125 2014 2208 2036; x_wconf 81' lang='lat' dir='ltr'>Soldati</span> 
     </span>
     <span class='ocr_line' id='line_1_98' title="bbox 1368 2059 2208 2088; baseline 0 -6"><span class='ocrx_word' id='word_1_787' title='bbox 1368 2061 1394 2082; x_wconf 90' lang='lat' dir='ltr'>O.</span> <span class='ocrx_word' id='word_1_788' title='bbox 1413 2061 1435 2082; x_wconf 83' lang='lat' dir='ltr'>P.</span> <span class='ocrx_word' id='word_1_789' title='bbox 1453 2060 1578 2088; x_wconf 89' lang='lat' dir='ltr'>publicavit</span> <span class='ocrx_word' id='word_1_790' title='bbox 1595 2061 1682 2082; x_wconf 81' lang='lat' dir='ltr'>Romae</span> <span class='ocrx_word' id='word_1_791' title='bbox 1704 2059 1773 2086; x_wconf 81' lang='grc'>1773,</span> <span class='ocrx_word' id='word_1_792' title='bbox 1790 2060 1828 2088; x_wconf 90' lang='lat' dir='ltr'>qui</span> <span class='ocrx_word' id='word_1_793' title='bbox 1846 2059 1869 2081; x_wconf 92' lang='lat' dir='ltr'>in</span> <span class='ocrx_word' id='word_1_794' title='bbox 1886 2060 1932 2081; x_wconf 87' lang='lat' dir='ltr'>vol.</span> <span class='ocrx_word' id='word_1_795' title='bbox 1950 2060 1963 2081; x_wconf 94' lang='grc'>1.</span> <span class='ocrx_word' id='word_1_796' title='bbox 1982 2060 2092 2087; x_wconf 86' lang='lat' dir='ltr'>opuscula</span> <span class='ocrx_word' id='word_1_797' title='bbox 2110 2060 2131 2082; x_wconf 79' lang='lat' dir='ltr'>S.</span> <span class='ocrx_word' id='word_1_798' title='bbox 2150 2061 2208 2082; x_wconf 91' lang='lat' dir='ltr'>Tho-</span> 
     </span>
     <span class='ocr_line' id='line_1_99' title="bbox 1368 2105 2210 2129; baseline 0 -1"><span class='ocrx_word' id='word_1_799' title='bbox 1368 2113 1420 2128; x_wconf 86' lang='lat' dir='ltr'>mae</span> <span class='ocrx_word' id='word_1_800' title='bbox 1436 2110 1513 2128; x_wconf 81' lang='lat' dir='ltr'>contra</span> <span class='ocrx_word' id='word_1_801' title='bbox 1531 2106 1669 2128; x_wconf 89' lang='lat' dir='ltr'>Gulielmum</span> <span class='ocrx_word' id='word_1_802' title='bbox 1681 2112 1693 2128; x_wconf 85' lang='lat' dir='ltr'>a</span> <span class='ocrx_word' id='word_1_803' title='bbox 1706 2107 1728 2128; x_wconf 75' lang='lat' dir='ltr'>S.</span> <span class='ocrx_word' id='word_1_804' title='bbox 1740 2107 1824 2128; x_wconf 79' lang='lat' dir='ltr'>Amore</span> <span class='ocrx_word' id='word_1_805' title='bbox 1835 2108 1857 2128; x_wconf 89' lang='lat' dir='ltr'>et</span> <span class='ocrx_word' id='word_1_806' title='bbox 1868 2105 1890 2127; x_wconf 94' lang='lat' dir='ltr'>in</span> <span class='ocrx_word' id='word_1_807' title='bbox 1907 2106 1951 2127; x_wconf 82' lang='lat' dir='ltr'>vol.</span> <span class='ocrx_word' id='word_1_808' title='bbox 1965 2106 1988 2128; x_wconf 94' lang='lat' dir='ltr'>ll.</span> <span class='ocrx_word' id='word_1_809' title='bbox 2002 2107 2022 2127; x_wconf 77' lang='lat' dir='ltr'>S.</span> <span class='ocrx_word' id='word_1_810' title='bbox 2036 2106 2210 2129; x_wconf 71' lang='lat' dir='ltr'>Bonaventurae</span> 
     </span>
     <span class='ocr_line' id='line_1_100' title="bbox 1368 2152 2211 2181; baseline 0 -6"><span class='ocrx_word' id='word_1_811' title='bbox 1368 2155 1479 2181; x_wconf 83' lang='lat' dir='ltr'>opuscula</span> <span class='ocrx_word' id='word_1_812' title='bbox 1496 2154 1579 2181; x_wconf 81' lang='lat' dir='ltr'>scripta</span> <span class='ocrx_word' id='word_1_813' title='bbox 1597 2153 1626 2175; x_wconf 90' lang='lat' dir='ltr'>de</span> <span class='ocrx_word' id='word_1_814' title='bbox 1643 2153 1725 2175; x_wconf 88' lang='lat' dir='ltr'>eadem</span> <span class='ocrx_word' id='word_1_815' title='bbox 1742 2159 1766 2174; x_wconf 91' lang='lat' dir='ltr'>re</span> <span class='ocrx_word' id='word_1_816' title='bbox 1782 2152 1870 2174; x_wconf 88' lang='lat' dir='ltr'>edenda</span> <span class='ocrx_word' id='word_1_817' title='bbox 1887 2153 1988 2179; x_wconf 75' lang='lat' dir='ltr'>curavit,</span> <span class='ocrx_word' id='word_1_818' title='bbox 2002 2153 2022 2174; x_wconf 91' lang='lat' dir='ltr'>in</span> <span class='ocrx_word' id='word_1_819' title='bbox 2041 2153 2135 2175; x_wconf 86' lang='lat' dir='ltr'>adiectis</span> <span class='ocrx_word' id='word_1_820' title='bbox 2151 2153 2211 2175; x_wconf 90' lang='lat' dir='ltr'>notis</span> 
     </span>
     <span class='ocr_line' id='line_1_101' title="bbox 1369 2199 2211 2227; baseline -0.001 -5"><span class='ocrx_word' id='word_1_821' title='bbox 1369 2200 1496 2222; x_wconf 87' lang='lat' dir='ltr'>testimonia</span> <span class='ocrx_word' id='word_1_822' title='bbox 1514 2200 1645 2227; x_wconf 83' lang='lat' dir='ltr'>Scripturac</span> <span class='ocrx_word' id='word_1_823' title='bbox 1662 2203 1683 2221; x_wconf 91' lang='lat' dir='ltr'>et</span> <span class='ocrx_word' id='word_1_824' title='bbox 1700 2199 1795 2222; x_wconf 89' lang='lat' dir='ltr'>aliorum</span> <span class='ocrx_word' id='word_1_825' title='bbox 1820 2201 1940 2221; x_wconf 85' lang='lat' dir='ltr'>auctorum</span> <span class='ocrx_word' id='word_1_826' title='bbox 1963 2199 2084 2226; x_wconf 81' lang='lat' dir='ltr'>diligenter</span> <span class='ocrx_word' id='word_1_827' title='bbox 2101 2200 2211 2222; x_wconf 90' lang='lat' dir='ltr'>indicavit</span> 
     </span>
     <span class='ocr_line' id='line_1_102' title="bbox 1368 2244 2208 2273; baseline 0 -6"><span class='ocrx_word' id='word_1_828' title='bbox 1368 2252 1394 2268; x_wconf 83' lang='grc'>30</span> <span class='ocrx_word' id='word_1_829' title='bbox 1412 2252 1456 2267; x_wconf 86' lang='grc'>11011</span> <span class='ocrx_word' id='word_1_830' title='bbox 1474 2251 1561 2273; x_wconf 87' lang='lat' dir='ltr'>paucos</span> <span class='ocrx_word' id='word_1_831' title='bbox 1577 2246 1638 2267; x_wconf 90' lang='lat' dir='ltr'>locos</span> <span class='ocrx_word' id='word_1_832' title='bbox 1664 2245 1786 2267; x_wconf 81' lang='lat' dir='ltr'>Vaticanae</span> <span class='ocrx_word' id='word_1_833' title='bbox 1810 2244 1915 2267; x_wconf 86' lang='lat' dir='ltr'>editionis</span> <span class='ocrx_word' id='word_1_834' title='bbox 1935 2245 2075 2267; x_wconf 84' lang='lat' dir='ltr'>emendavit.</span> <span class='ocrx_word' id='word_1_835' title='bbox 2094 2245 2139 2267; x_wconf 80' lang='lat' dir='ltr'>Sed</span> <span class='ocrx_word' id='word_1_836' title='bbox 2155 2251 2208 2267; x_wconf 87' lang='lat' dir='ltr'>cum</span> 
     </span>
     <span class='ocr_line' id='line_1_103' title="bbox 1368 2291 2210 2319; baseline 0 -5"><span class='ocrx_word' id='word_1_837' title='bbox 1368 2298 1413 2314; x_wconf 90' lang='lat' dir='ltr'>non</span> <span class='ocrx_word' id='word_1_838' title='bbox 1431 2291 1561 2314; x_wconf 83' lang='lat' dir='ltr'>adhibuerit</span> <span class='ocrx_word' id='word_1_839' title='bbox 1577 2292 1618 2314; x_wconf 89' lang='lat' dir='ltr'>nisi</span> <span class='ocrx_word' id='word_1_840' title='bbox 1636 2298 1722 2319; x_wconf 82' lang='lat' dir='ltr'>paucas</span> <span class='ocrx_word' id='word_1_841' title='bbox 1739 2292 1848 2314; x_wconf 89' lang='lat' dir='ltr'>editiones</span> <span class='ocrx_word' id='word_1_842' title='bbox 1864 2291 2004 2319; x_wconf 86' lang='lat' dir='ltr'>antiquiores</span> <span class='ocrx_word' id='word_1_843' title='bbox 2021 2294 2043 2313; x_wconf 86' lang='lat' dir='ltr'>et</span> <span class='ocrx_word' id='word_1_844' title='bbox 2061 2298 2133 2314; x_wconf 87' lang='lat' dir='ltr'>unum</span> <span class='ocrx_word' id='word_1_845' title='bbox 2150 2291 2210 2314; x_wconf 88' lang='lat' dir='ltr'>codi-</span> 
     </span>
     <span class='ocr_line' id='line_1_104' title="bbox 1369 2338 2210 2366; baseline -0.001 -6"><span class='ocrx_word' id='word_1_846' title='bbox 1369 2344 1419 2360; x_wconf 89' lang='lat' dir='ltr'>cem</span> <span class='ocrx_word' id='word_1_847' title='bbox 1436 2338 1529 2366; x_wconf 82' lang='lat' dir='ltr'>Collegii</span> <span class='ocrx_word' id='word_1_848' title='bbox 1548 2339 1570 2360; x_wconf 80' lang='lat' dir='ltr'>S.</span> <span class='ocrx_word' id='word_1_849' title='bbox 1588 2339 1678 2365; x_wconf 82' lang='lat' dir='ltr'>isidori,</span> <span class='ocrx_word' id='word_1_850' title='bbox 1696 2341 1720 2361; x_wconf 90' lang='lat' dir='ltr'>ut</span> <span class='ocrx_word' id='word_1_851' title='bbox 1737 2339 1786 2366; x_wconf 91' lang='lat' dir='ltr'>ipse</span> <span class='ocrx_word' id='word_1_852' title='bbox 1803 2338 1869 2364; x_wconf 91' lang='lat' dir='ltr'>dicit,</span> <span class='ocrx_word' id='word_1_853' title='bbox 1886 2344 1946 2360; x_wconf 82' lang='lat' dir='ltr'>saec.</span> <span class='ocrx_word' id='word_1_854' title='bbox 1964 2338 2014 2360; x_wconf 77' lang='lat' dir='ltr'>XV.</span> <span class='ocrx_word' id='word_1_855' title='bbox 2032 2338 2067 2360; x_wconf 87' lang='lat' dir='ltr'>vel</span> <span class='ocrx_word' id='word_1_856' title='bbox 2086 2338 2149 2365; x_wconf 78' lang='lat' dir='ltr'>XVI,</span> <span class='ocrx_word' id='word_1_857' title='bbox 2165 2343 2210 2360; x_wconf 90' lang='lat' dir='ltr'>non</span> 
     </span>
     <span class='ocr_line' id='line_1_105' title="bbox 1369 2384 2211 2412; baseline -0.002 -5"><span class='ocrx_word' id='word_1_858' title='bbox 1369 2385 1442 2412; x_wconf 82' lang='lat' dir='ltr'>potuit</span> <span class='ocrx_word' id='word_1_859' title='bbox 1458 2391 1500 2407; x_wconf 87' lang='lat' dir='ltr'>nec</span> <span class='ocrx_word' id='word_1_860' title='bbox 1518 2385 1559 2406; x_wconf 88' lang='lat' dir='ltr'>alia</span> <span class='ocrx_word' id='word_1_861' title='bbox 1585 2385 1684 2412; x_wconf 80' lang='lat' dir='ltr'>plurirna</span> <span class='ocrx_word' id='word_1_862' title='bbox 1710 2384 1793 2407; x_wconf 88' lang='lat' dir='ltr'>menda</span> <span class='ocrx_word' id='word_1_863' title='bbox 1818 2384 1847 2406; x_wconf 88' lang='lat' dir='ltr'>ad</span> <span class='ocrx_word' id='word_1_864' title='bbox 1868 2390 1974 2406; x_wconf 85' lang='lat' dir='ltr'>normam</span> <span class='ocrx_word' id='word_1_865' title='bbox 2001 2385 2101 2412; x_wconf 87' lang='lat' dir='ltr'>plurium</span> <span class='ocrx_word' id='word_1_866' title='bbox 2120 2386 2142 2406; x_wconf 91' lang='lat' dir='ltr'>et</span> <span class='ocrx_word' id='word_1_867' title='bbox 2158 2384 2211 2406; x_wconf 90' lang='lat' dir='ltr'>anti-</span> 
     </span>
     <span class='ocr_line' id='line_1_106' title="bbox 1368 2430 2209 2460; baseline -0.001 -7"><span class='ocrx_word' id='word_1_868' title='bbox 1368 2432 1476 2460; x_wconf 88' lang='lat' dir='ltr'>quiorum</span> <span class='ocrx_word' id='word_1_869' title='bbox 1502 2432 1607 2454; x_wconf 81' lang='lat' dir='ltr'>codicum</span> <span class='ocrx_word' id='word_1_870' title='bbox 1624 2432 1741 2459; x_wconf 83' lang='lat' dir='ltr'>corrigere</span> <span class='ocrx_word' id='word_1_871' title='bbox 1758 2437 1799 2453; x_wconf 91' lang='lat' dir='ltr'>nec</span> <span class='ocrx_word' id='word_1_872' title='bbox 1815 2431 1929 2459; x_wconf 88' lang='lat' dir='ltr'>quasdam</span> <span class='ocrx_word' id='word_1_873' title='bbox 1947 2432 2040 2453; x_wconf 78' lang='grc'>13031135</span> <span class='ocrx_word' id='word_1_874' title='bbox 2065 2430 2097 2459; x_wconf 89' lang='grc'>(111</span> <span class='ocrx_word' id='word_1_875' title='bbox 2120 2433 2161 2453; x_wconf 88' lang='lat' dir='ltr'>art.</span> <span class='ocrx_word' id='word_1_876' title='bbox 2178 2431 2209 2458; x_wconf 84' lang='lat'>3.)</span> 
     </span>
     <span class='ocr_line' id='line_1_107' title="bbox 1369 2479 1468 2506; baseline 0 -6"><span class='ocrx_word' id='word_1_877' title='bbox 1369 2479 1468 2506; x_wconf 72' lang='lat' dir='ltr'>explere.</span> 
     </span>
    </p>

    <p class='ocr_par' dir='ltr' id='par_1_21' title="bbox 1368 2522 2211 2965">
     <span class='ocr_line' id='line_1_108' title="bbox 1431 2522 2209 2554; baseline -0.001 -7"><span class='ocrx_word' id='word_1_878' title='bbox 1431 2525 1444 2552; x_wconf 58' lang='grc' dir='ltr'>ῖς</span> <span class='ocrx_word' id='word_1_879' title='bbox 1461 2526 1482 2547; x_wconf 76' lang='lat'>2.</span> <span class='ocrx_word' id='word_1_880' title='bbox 1499 2524 1581 2547; x_wconf 66' lang='lat' dir='ltr'>Eadem</span> <span class='ocrx_word' id='word_1_881' title='bbox 1598 2525 1700 2554; x_wconf 64' lang='lat' dir='ltr'>quaesitio</span> <span class='ocrx_word' id='word_1_882' title='bbox 1717 2532 1730 2547; x_wconf 75' lang='lat' dir='ltr'>a</span> <span class='ocrx_word' id='word_1_883' title='bbox 1773 2540 1778 2546; x_wconf 93' lang='lat'>.</span> <span class='ocrx_word' id='word_1_884' title='bbox 1803 2523 1964 2546; x_wconf 62' lang='lat' dir='ltr'>Beneventum</span> <span class='ocrx_word' id='word_1_885' title='bbox 1988 2523 2058 2553; x_wconf 77' lang='lat' dir='ltr'>primo</span> <span class='ocrx_word' id='word_1_886' title='bbox 2076 2523 2100 2546; x_wconf 91' lang='lat' dir='ltr'>in</span> <span class='ocrx_word' id='word_1_887' title='bbox 2125 2522 2209 2546; x_wconf 76' lang='lat' dir='ltr'>scholis</span> 
     </span>
     <span class='ocr_line' id='line_1_109' title="bbox 1368 2567 2211 2599; baseline -0.001 -7"><span class='ocrx_word' id='word_1_888' title='bbox 1368 2569 1537 2592; x_wconf 73' lang='lat' dir='ltr'>Perisiensibus</span> <span class='ocrx_word' id='word_1_889' title='bbox 1553 2569 1642 2599; x_wconf 80' lang='lat' dir='ltr'>publice</span> <span class='ocrx_word' id='word_1_890' title='bbox 1662 2569 1782 2599; x_wconf 68' lang='lat' dir='ltr'>disputate</span> <span class='ocrx_word' id='word_1_891' title='bbox 1798 2569 1821 2591; x_wconf 70' lang='lat' dir='ltr'>etz</span> <span class='ocrx_word' id='word_1_892' title='bbox 1843 2567 1920 2591; x_wconf 79' lang='lat' dir='ltr'>deinde</span> <span class='ocrx_word' id='word_1_893' title='bbox 1937 2568 2022 2598; x_wconf 75' lang='lat' dir='ltr'>soripto</span> <span class='ocrx_word' id='word_1_894' title='bbox 2039 2568 2102 2591; x_wconf 69' lang='lat' dir='ltr'>edita.</span> <span class='ocrx_word' id='word_1_895' title='bbox 2119 2568 2162 2591; x_wconf 76' lang='lat' dir='ltr'>est.</span> <span class='ocrx_word' id='word_1_896' title='bbox 2180 2581 2211 2585; x_wconf 97' lang='lat'><strong>—</strong></span> 
     </span>
     <span class='ocr_line' id='line_1_110' title="bbox 1369 2615 2210 2643; baseline -0.002 -5"><span class='ocrx_word' id='word_1_897' title='bbox 1369 2617 1468 2639; x_wconf 85' lang='lat' dir='ltr'>Dicenda</span> <span class='ocrx_word' id='word_1_898' title='bbox 1485 2619 1538 2638; x_wconf 90' lang='lat' dir='ltr'>sunt</span> <span class='ocrx_word' id='word_1_899' title='bbox 1555 2617 1663 2639; x_wconf 86' lang='lat' dir='ltr'>nonnulla</span> <span class='ocrx_word' id='word_1_900' title='bbox 1680 2617 1710 2639; x_wconf 89' lang='lat' dir='ltr'>de</span> <span class='ocrx_word' id='word_1_901' title='bbox 1727 2617 1851 2638; x_wconf 88' lang='lat' dir='ltr'>memorata</span> <span class='ocrx_word' id='word_1_902' title='bbox 1868 2615 2037 2642; x_wconf 79' lang='lat' dir='ltr'>controversia,</span> <span class='ocrx_word' id='word_1_903' title='bbox 2050 2621 2109 2643; x_wconf 86' lang='lat' dir='ltr'>quae</span> <span class='ocrx_word' id='word_1_904' title='bbox 2122 2615 2210 2637; x_wconf 83' lang='lat' dir='ltr'>auctori</span> 
     </span>
     <span class='ocr_line' id='line_1_111' title="bbox 1369 2661 2211 2688; baseline -0.004 -3"><span class='ocrx_word' id='word_1_905' title='bbox 1369 2663 1432 2685; x_wconf 83' lang='lat' dir='ltr'>dedit</span> <span class='ocrx_word' id='word_1_906' title='bbox 1449 2663 1592 2685; x_wconf 85' lang='lat' dir='ltr'>occasionem</span> <span class='ocrx_word' id='word_1_907' title='bbox 1613 2663 1642 2684; x_wconf 91' lang='lat' dir='ltr'>de</span> <span class='ocrx_word' id='word_1_908' title='bbox 1659 2664 1702 2684; x_wconf 89' lang='lat' dir='ltr'>hac</span> <span class='ocrx_word' id='word_1_909' title='bbox 1718 2668 1743 2684; x_wconf 90' lang='lat' dir='ltr'>re</span> <span class='ocrx_word' id='word_1_910' title='bbox 1759 2665 1780 2684; x_wconf 92' lang='lat' dir='ltr'>et</span> <span class='ocrx_word' id='word_1_911' title='bbox 1796 2661 1929 2688; x_wconf 84' lang='lat' dir='ltr'>disputandi</span> <span class='ocrx_word' id='word_1_912' title='bbox 1946 2664 1967 2683; x_wconf 86' lang='lat' dir='ltr'>et</span> <span class='ocrx_word' id='word_1_913' title='bbox 1984 2661 2106 2683; x_wconf 83' lang='lat' dir='ltr'>scribendi.</span> <span class='ocrx_word' id='word_1_914' title='bbox 2124 2661 2147 2682; x_wconf 88' lang='lat' dir='ltr'>ln</span> <span class='ocrx_word' id='word_1_915' title='bbox 2167 2662 2211 2682; x_wconf 87' lang='grc'>1100</span> 
     </span>
     <span class='ocr_line' id='line_1_112' title="bbox 1370 2707 2210 2737; baseline -0.002 -7"><span class='ocrx_word' id='word_1_916' title='bbox 1370 2708 1488 2737; x_wconf 87' lang='lat' dir='ltr'>sequimur</span> <span class='ocrx_word' id='word_1_917' title='bbox 1505 2708 1656 2736; x_wconf 70' lang='lat' dir='ltr'>documenta,</span> <span class='ocrx_word' id='word_1_918' title='bbox 1673 2714 1732 2737; x_wconf 90' lang='lat' dir='ltr'>quae</span> <span class='ocrx_word' id='word_1_919' title='bbox 1749 2713 1821 2735; x_wconf 89' lang='lat' dir='ltr'>nuper</span> <span class='ocrx_word' id='word_1_920' title='bbox 1839 2707 2012 2734; x_wconf 83' lang='lat' dir='ltr'>diligentissime</span> <span class='ocrx_word' id='word_1_921' title='bbox 2024 2711 2045 2729; x_wconf 90' lang='lat' dir='ltr'>et</span> <span class='ocrx_word' id='word_1_922' title='bbox 2057 2707 2210 2729; x_wconf 84' lang='lat' dir='ltr'>eruditissime</span> 
     </span>
     <span class='ocr_line' id='line_1_113' title="bbox 1370 2752 2211 2782; baseline -0.002 -6"><span class='ocrx_word' id='word_1_923' title='bbox 1370 2755 1459 2782; x_wconf 86' lang='lat' dir='ltr'>collegit</span> <span class='ocrx_word' id='word_1_924' title='bbox 1475 2757 1497 2777; x_wconf 90' lang='lat' dir='ltr'>et</span> <span class='ocrx_word' id='word_1_925' title='bbox 1514 2755 1572 2777; x_wconf 87' lang='lat' dir='ltr'>notis</span> <span class='ocrx_word' id='word_1_926' title='bbox 1588 2755 1708 2777; x_wconf 85' lang='lat' dir='ltr'>illustravit</span> <span class='ocrx_word' id='word_1_927' title='bbox 1724 2755 1750 2776; x_wconf 91' lang='lat' dir='ltr'>cl.</span> <span class='ocrx_word' id='word_1_928' title='bbox 1768 2754 1790 2775; x_wconf 88' lang='grc' dir='ltr'>Ρ.</span> <span class='ocrx_word' id='word_1_929' title='bbox 1808 2754 1874 2775; x_wconf 79' lang='grc'>110111.</span> <span class='ocrx_word' id='word_1_930' title='bbox 1892 2753 1979 2775; x_wconf 83' lang='grc' dir='ltr'>Ι)0111110</span> <span class='ocrx_word' id='word_1_931' title='bbox 2001 2753 2027 2775; x_wconf 94' lang='lat' dir='ltr'>O.</span> <span class='ocrx_word' id='word_1_932' title='bbox 2044 2754 2066 2774; x_wconf 81' lang='lat' dir='ltr'>P.</span> <span class='ocrx_word' id='word_1_933' title='bbox 2086 2753 2106 2774; x_wconf 93' lang='lat' dir='ltr'>in</span> <span class='ocrx_word' id='word_1_934' title='bbox 2124 2752 2211 2779; x_wconf 83' lang='lat' dir='ltr'>magni-</span> 
     </span>
     <span class='ocr_line' id='line_1_114' title="bbox 1370 2798 2210 2829; baseline -0.002 -7"><span class='ocrx_word' id='word_1_935' title='bbox 1370 2801 1413 2823; x_wconf 79' lang='lat' dir='ltr'>fico</span> <span class='ocrx_word' id='word_1_936' title='bbox 1430 2801 1492 2829; x_wconf 87' lang='lat' dir='ltr'>quod</span> <span class='ocrx_word' id='word_1_937' title='bbox 1510 2801 1576 2822; x_wconf 88' lang='lat' dir='ltr'>simul</span> <span class='ocrx_word' id='word_1_938' title='bbox 1595 2806 1647 2822; x_wconf 75' lang='grc'>111111</span> <span class='ocrx_word' id='word_1_939' title='bbox 1660 2801 1685 2822; x_wconf 92' lang='lat' dir='ltr'>D.</span> <span class='ocrx_word' id='word_1_940' title='bbox 1698 2800 1792 2822; x_wconf 80' lang='lat' dir='ltr'>Aemilio</span> <span class='ocrx_word' id='word_1_941' title='bbox 1804 2798 1918 2821; x_wconf 82' lang='lat' dir='ltr'>Chatelain</span> <span class='ocrx_word' id='word_1_942' title='bbox 1930 2798 2001 2821; x_wconf 89' lang='lat' dir='ltr'>edidit</span> <span class='ocrx_word' id='word_1_943' title='bbox 2012 2804 2097 2826; x_wconf 87' lang='lat' dir='ltr'>opere:</span> <span class='ocrx_word' id='word_1_944' title='bbox 2113 2798 2210 2821; x_wconf 68' lang='lat' dir='ltr'>Charta-</span> 
     </span>
     <span class='ocr_line' id='line_1_115' title="bbox 1371 2845 2209 2872; baseline -0.004 -4"><span class='ocrx_word' id='word_1_945' title='bbox 1371 2846 1459 2869; x_wconf 78' lang='lat' dir='ltr'>lart&#39;tmt</span> <span class='ocrx_word' id='word_1_946' title='bbox 1478 2846 1641 2869; x_wconf 72' lang='lat' dir='ltr'>Universttatis</span> <span class='ocrx_word' id='word_1_947' title='bbox 1654 2845 1806 2872; x_wconf 51' lang='lat' dir='ltr'>avisiensis,</span> <span class='ocrx_word' id='word_1_948' title='bbox 1824 2848 1880 2867; x_wconf 90' lang='lat' dir='ltr'>tom.</span> <span class='ocrx_word' id='word_1_949' title='bbox 1892 2845 1910 2871; x_wconf 86' lang='lat' dir='ltr'>l,</span> <span class='ocrx_word' id='word_1_950' title='bbox 1923 2845 2025 2870; x_wconf 81' lang='lat' dir='ltr'>Parisiis,</span> <span class='ocrx_word' id='word_1_951' title='bbox 2038 2845 2097 2872; x_wconf 86' lang='lat' dir='ltr'>typis</span> <span class='ocrx_word' id='word_1_952' title='bbox 2115 2845 2209 2866; x_wconf 82' lang='lat' dir='ltr'>fratrum</span> 
     </span>
     <span class='ocr_line' id='line_1_116' title="bbox 1371 2891 2211 2919; baseline -0.002 -5"><span class='ocrx_word' id='word_1_953' title='bbox 1371 2893 1481 2919; x_wconf 86' lang='lat' dir='ltr'>Delalain,</span> <span class='ocrx_word' id='word_1_954' title='bbox 1503 2893 1567 2914; x_wconf 76' lang='lat'>1889.</span> <span class='ocrx_word' id='word_1_955' title='bbox 1578 2905 1609 2909; x_wconf 90' lang='lat'>—</span> <span class='ocrx_word' id='word_1_956' title='bbox 1625 2892 1783 2915; x_wconf 85' lang='lat' dir='ltr'>Controversia</span> <span class='ocrx_word' id='word_1_957' title='bbox 1800 2891 1869 2919; x_wconf 84' lang='lat' dir='ltr'>igitur</span> <span class='ocrx_word' id='word_1_958' title='bbox 1886 2891 1920 2913; x_wconf 89' lang='lat' dir='ltr'>illa</span> <span class='ocrx_word' id='word_1_959' title='bbox 1940 2891 1996 2913; x_wconf 86' lang='lat' dir='ltr'>inter</span> <span class='ocrx_word' id='word_1_960' title='bbox 2014 2891 2135 2918; x_wconf 83' lang='lat' dir='ltr'>magistros</span> <span class='ocrx_word' id='word_1_961' title='bbox 2152 2891 2211 2912; x_wconf 82' lang='lat' dir='ltr'>Pari-</span> 
     </span>
     <span class='ocr_line' id='line_1_117' title="bbox 1371 2937 2211 2965; baseline -0.005 -4"><span class='ocrx_word' id='word_1_962' title='bbox 1371 2940 1456 2961; x_wconf 79' lang='lat' dir='ltr'>sienses</span> <span class='ocrx_word' id='word_1_963' title='bbox 1472 2942 1493 2961; x_wconf 86' lang='lat' dir='ltr'>et</span> <span class='ocrx_word' id='word_1_964' title='bbox 1510 2939 1607 2961; x_wconf 80' lang='lat' dir='ltr'>Ordines</span> <span class='ocrx_word' id='word_1_965' title='bbox 1625 2939 1778 2961; x_wconf 87' lang='lat' dir='ltr'>mendicantes</span> <span class='ocrx_word' id='word_1_966' title='bbox 1790 2938 1873 2965; x_wconf 87' lang='lat' dir='ltr'>incepit</span> <span class='ocrx_word' id='word_1_967' title='bbox 1884 2943 1921 2959; x_wconf 82' lang='lat' dir='ltr'>an.</span> <span class='ocrx_word' id='word_1_968' title='bbox 1936 2937 1992 2958; x_wconf 71' lang='lat'>1252</span> <span class='ocrx_word' id='word_1_969' title='bbox 2001 2954 2006 2963; x_wconf 85' lang='lat'><em>‚</em></span> <span class='ocrx_word' id='word_1_970' title='bbox 2019 2937 2127 2964; x_wconf 87' lang='lat' dir='ltr'>paulatim</span> <span class='ocrx_word' id='word_1_971' title='bbox 2139 2937 2211 2958; x_wconf 85' lang='lat' dir='ltr'>crevit</span> 
     </span>
    </p>
   </div>
  </div>
 </body>
</html>
