2285 3398
343 138 399 166 298

340 216 535 246 commutabile
556 216 676 250 bonum,
691 216 854 246 incurvatus
868 219 910 246 est
928 217 986 254 ipse
1007 226 1057 255 per
1079 218 1189 255 culpam

340 263 494 301 propriam,
516 266 543 292 et
565 266 652 292 totum
674 271 763 300 genus
790 271 874 292 suum
901 271 951 300 per
972 264 1105 302 originale
1126 272 1189 301 pee-

340 314 448 344 catum,
471 310 544 347 quod
565 310 713 347 dupliciter
744 309 838 339 infecit
868 311 1019 340 humanam
1044 314 1189 344 naturam,

341 358 443 387 scilicet
468 357 639 395 iynerantia
665 360 785 386 mentem
813 360 840 386 et
867 358 1101 396 concupiscentia
1129 365 1189 386 car-

226 414 285 433 nomo
298 413 418 439 ex-nem3
441 405 478 433 ita
499 404 573 442 quod
594 407 766 433 excaecatus
794 405 877 434 homo
907 408 934 434 et
966 405 1141 434 incurvatas
1162 404 1190 432 in

211 439 329 480 ffigffigffl
342 452 462 481 tenebris
487 451 563 480 sedet
591 454 618 480 et
643 451 709 480 caeli
741 452 835 480 lumen
866 460 921 481 non
943 452 1032 487 videt,
1054 452 1105 481 nisi
1128 458 1190 480 suc-

341 502 437 528 currat
457 499 546 536 gratia
566 507 631 528 cum
656 499 761 528 iustitia
788 502 885 528 contra
910 498 1189 537 concupiscentiam,

340 550 367 575 et
388 546 502 575 scientia.
522 554 585 575 cum
608 546 741 583 sapientia
761 549 858 575 contra
878 546 1089 584 iynorantiam.
1112 545 1190 582 Quod

223 602 328 635 metiris-lc·
343 597 430 622 totum
452 594 483 622 tit
504 602 553 630 per
576 594 665 622 lesum
686 593 841 627 Christum,
863 594 915 632 qai
934 593 1034 631 factus
1055 596 1095 622 est
1108 592 1191 621 nobis

200 629 258 668 {1¹35
270 628 288 644 ει
299 631 329 644 '²'
341 650 360 670 a
377 641 432 669 Deo
446 641 593 678 sapientia
607 645 631 670 et
647 641 762 670 izi-stitia
782 645 806 670 et
826 641 1021 677 sanctificatio
1036 645 1061 669 et
1082 640 1191 669 redem-

337 688 398 726 ptio
411 689 429 716 ¹.
451 688 502 725 Qui
525 697 589 717 cum
610 689 645 717 sit
667 689 715 717 Dei
737 688 833 717 virtus
854 691 881 717 et
901 689 949 717 Dei
970 688 1134 726 sapientia,
1157 687 1192 716 sit

340 735 462 764 Verbum
497 735 671 764 incarnatum
700 736 821 773 plenam
846 736 963 773 yratiae
990 740 1015 764 et
1044 735 1191 769 veritatis,

338 783 471 821 qratiam
492 786 519 812 et
539 783 689 812 veritatem
709 783 788 817 fecit,
809 783 942 821 qratiam
964 783 1068 812 scilicet
1082 782 1192 811 carita-

340 830 377 858 tis
401 829 516 864 infudit,
538 838 625 867 quae,
648 837 711 858 cum
734 830 769 858 sit
790 829 824 857 ae
851 829 936 858 corde
961 838 1040 867 paro
1071 833 1095 858 et
1126 837 1192 857 con-

339 877 461 906 scientia
485 877 561 906 bona
588 880 612 905 et
636 876 693 914 side
713 885 772 905 non
792 876 876 914 ficta,
899 879 983 905 totam
1008 877 1128 905 animam
1149 884 1194 905 re-

340 924 442 954 ctificat
465 924 619 954 secundum
645 924 782 962 triplicem
810 924 897 961 ipsius
924 927 1067 961 aspectum
1095 932 1193 961 supra-

340 972 458 1005 dictum;
479 971 632 1000 scientiam
652 971 785 1000 veritatis
806 971 915 1000 edocuit
936 971 1090 1000 secundum
1105 970 1193 1007 tripli-

198 1027 275 1053 ‘rapiet
283 1027 333 1046 meo-
341 1026 400 1047 cem
415 1018 527 1047 modum
544 1018 713 1055 theologiae,
729 1018 832 1047 scilicet
846 1017 1035 1056 symbolicae,
1051 1017 1194 1054 propriae

238 1051 294 1074 '⁰⁸¹³‘
341 1069 368 1095 et
389 1066 542 1103 piiss-cicae,
565 1068 597 1094 ut
618 1074 667 1102 per
688 1065 878 1103 symbolicam
900 1068 974 1094 recte
996 1068 1110 1094 utamur
1131 1072 1193 1093 sen—

341 1113 482 1146 sibilibus,
499 1121 547 1150 per
567 1113 725 1150 propriam
747 1115 822 1141 recte
837 1115 950 1141 utamur
964 1111 1193 1149 intelligibilibus,

342 1168 391 1197 per
412 1160 568 1198 mysticam
588 1159 730 1196 rapiamur
751 1159 785 1187 ad
811 1159 1030 1196 supermentales
1050 1166 1191 1187 excessus.

421 1209 446 1235 8.
469 1207 520 1244 Qui
543 1207 627 1244 igitur
650 1207 710 1235 vult
731 1206 758 1234 iu
790 1207 878 1235 Deum
905 1206 1054 1236 ascendere
1082 1214 1194 1236 necesse

342 1259 399 1289 est,
422 1258 453 1283 ut
478 1255 562 1283 vitata
589 1254 671 1291 culpa
694 1255 865 1284 deformante
886 1257 1031 1288 naturam,
1053 1254 1194 1283 naturales

210 1310 330 1337 Quampiex
343 1302 479 1339 potentias
500 1301 672 1339 supradictas
689 1304 819 1330 exerceat
833 1301 867 1330 ad
879 1301 1012 1338 pratiam
1027 1300 1194 1338 reforman-

210 1336 328 1354 m'ffl'um'
342 1353 411 1383 tem,
433 1352 460 1378 et
482 1349 534 1378 hoc
554 1357 604 1386 per
625 1348 793 1383 orationem3
812 1348 845 1377 ad
867 1348 1013 1376 iustitiam
1028 1347 1194 1385 parifican-

343 1400 414 1431 tem,
436 1400 463 1425 et
486 1397 536 1425 hoc
558 1396 586 1424 in
607 1396 831 1430 conversatione;
853 1395 887 1424 ad
912 1395 1062 1424 scientiam
1086 1395 1193 1423 illumi-

343 1447 476 1477 nantem,
498 1446 526 1472 et
547 1443 598 1471 hoc
621 1442 647 1470 in
670 1442 862 1477 meditatione3
884 1442 918 1471 ad
938 1442 1116 1479 sapientiam
1127 1451 1193 1479 pcr-

341 1490 499 1527 ficientem,
521 1493 548 1519 et
570 1490 621 1518 hoc
644 1489 670 1518 in
693 1490 933 1526 contemplatione.
957 1490 1033 1518 Sicut
1054 1490 1139 1525 igitur
1160 1489 1194 1518 ad

341 1537 519 1575 sapientiam
540 1545 620 1566 nemo
651 1537 726 1565 venit
756 1537 808 1565 nisi
830 1545 879 1574 per
901 1537 1035 1574 gratiam,
1063 1537 1193 1565 iustitiam

342 1587 369 1613 et
390 1584 548 1617 scieutiam;
570 1583 608 1612 sic
636 1584 670 1612 ad
692 1584 959 1621 contemptationem
980 1592 1034 1612 non
1060 1584 1171 1612 venitur
1184 1584 1194 1600 2

342 1630 393 1659 nisi
423 1639 472 1668 per
504 1630 709 1660 meditationem
742 1630 933 1667 perspicuam,
956 1630 1194 1658 conversationem

342 1681 464 1706 sanctam
493 1680 520 1706 et
547 1677 699 1705 orationem
730 1677 866 1705 devotam.
889 1677 965 1705 Sicut
996 1676 1081 1713 igitur
1106 1676 1195 1713 gratia

342 1725 553 1754 fundamentum
572 1727 614 1754 est
635 1724 808 1754 rectitudinis
829 1724 979 1753 voluntatis
993 1728 1020 1753 et
1034 1724 1195 1753 illustratio-

343 1772 385 1801 nis
406 1773 571 1810 perspicuae
591 1772 721 1806 1·ati0uis;
743 1771 782 1801 sic
804 1771 893 1808 primo
924 1771 1061 1800 orandum
1084 1774 1125 1800 est
1146 1779 1194 1799 no-

342 1819 400 1853 bis,
421 1820 519 1848 deinde
540 1823 633 1849 sancte
655 1819 819 1854 vivendum,
842 1818 924 1848 tertio
945 1818 1069 1847 veritatis
1090 1821 1195 1855 specta-

344 1866 414 1895 culis
435 1867 632 1896 intendendum
655 1870 682 1895 et
703 1865 869 1895 intendendo
889 1865 1025 1903 gradatim
1046 1865 1195 1894 ascenden-

343 1913 425 1947 dum,
447 1922 595 1951 quousque
616 1914 744 1942 veniatur
766 1913 799 1942 ad
823 1917 945 1941 montem
965 1913 1126 1947 caccetsam,
1148 1912 1195 1941 ubi

346 1961 480 1989 videatur
502 1961 579 1989 Deus
600 1961 723 1989 deorum
745 1960 776 1989 in
797 1960 898 1989 Sion³.

424 2009 449 2036 9.
472 2008 607 2044 Quoniam
637 2008 722 2045 igitur
754 2008 832 2044 prius
863 2011 904 2037 est
932 2007 1081 2036 ascendere
1112 2015 1196 2044 quam

211 2063 279 2087 1ncipit
304 2063 328 2082 ri·
346 2055 511 2084 descendere
533 2055 560 2083 in
582 2055 655 2084 scala
677 2055 755 2083 laceb
767 2055 787 2088 4,
807 2055 941 2092 primam
963 2054 1080 2091 gradum
1102 2062 1197 2083 ascen-

205 2092 289 2111 m”⁵⁸‘³
304 2092 332 2106 '¹⁸'
346 2102 430 2131 sionis
450 2102 616 2131 collocemus
638 2102 664 2130 in
687 2102 756 2136 imo,
772 2102 898 2138 ponendo
914 2105 1001 2130 totum
1016 2101 1100 2130 istum
1115 2109 1196 2130 mun-

346 2149 413 2178 dum
435 2149 590 2178 sensibilem
612 2149 691 2177 nobis
712 2152 844 2185 tanquam
866 2149 1025 2186 speculum,
1052 2156 1101 2185 per
1123 2148 1196 2185 quod

348 2200 521 2226 transeamus
541 2196 575 2225 ad
596 2197 699 2229 Deum,
721 2196 847 2233 opificem
873 2204 1030 2230 summum,
1053 2199 1084 2224 ut
1109 2196 1197 2224 simus

349 2244 407 2273 veri
429 2244 542 2273 Hebraei
565 2246 739 2272 transeuntes
759 2244 793 2272 de
824 2245 943 2281 Aegypto
963 2243 997 2272 ad
1020 2246 1123 2272 terram
1142 2244 1197 2286 *Pa-

934 139 1107 168 lTlNERARII
1127 139 1250 168 MENTIS
1272 139 1303 167 IN
1325 139 1417 168 DEUM
1438 139 1466 168 C.
1490 140 1507 169 1.

1247 217 1338 245 tribus
1369 217 1585 254 repromissam,
1618 219 1705 249 simus
1735 220 1817 249 etiam
1851 222 1999 251 Christiani
2034 230 2097 251 cum

1246 264 1356 292 Christo
1377 266 1554 294 transeuntes
1574 274 1609 293 eac
1631 265 1683 295 lioe
1703 268 1813 296 mando
1834 269 1874 296 ad
1894 269 2014 298 Patrem
2025 269 2047 303 ⁵,
2062 269 2097 297 si-

1247 319 1310 339 mus
1340 313 1368 339 et
1399 311 1548 348 sapientiae
1575 315 1729 347 amatores,
1751 322 1822 351 quae
1854 318 1932 343 vocat
1959 319 1986 344 et
2016 316 2096 345 dicit:

1255 358 1389 386 Transito
1410 358 1451 387 ad
1477 367 1522 387 me
1549 367 1663 394 omnes,
1685 360 1738 399 qni
1768 361 1971 398 concupiscitis
1992 370 2053 396 me,
2074 367 2099 391 et

1248 413 1268 434 a
1287 405 1524 443 yenerationibas
1544 407 1616 435 meis
1631 407 1840 445 adimplemini.
1857 409 1878 436 Α
1897 408 2099 446 maqnitadine

1247 460 1375 491 namque
1395 453 1500 491 speciei
1519 456 1544 482 et
1571 457 1728 483 creaturae
1748 455 1977 492 copnoscibititer
1994 455 2099 492 poterit

1250 498 1371 527 Creator
1392 498 1499 528 horum
1519 500 1622 529 videri.

1331 548 1374 575 10.
1397 548 1510 577 Relucet
1530 551 1623 577 autem
1643 548 1782 578 Creatoris
1803 557 1912 578 summa
1929 548 2051 586 potentia
2073 552 2101 577 et

1249 594 1382 631 sapientia
1402 597 1430 623 et
1450 595 1640 624 benevolentia
1660 596 1688 624 in
1710 596 1795 625 rebus
1809 597 1925 630 creatis,
1947 596 2100 625 secundum
2130 595 2133 596 ⁷

1249 641 1324 679 quod
1336 642 1388 671 hec
1408 643 1553 680 tripliciter
1574 643 1684 672 nuntiat
1705 652 1803 672 sensus
1817 644 1909 672 carnis
1923 644 2016 673 sensui
2031 643 2100 672 inte—

1250 688 1325 718 riori.
1342 690 1444 718 Sensus
1465 689 1537 718 enim
1559 690 1651 719 carnis
1671 694 1720 719 aut
1740 690 1861 719 deservit
1876 690 2026 720 intellectui
2048 699 2099 719 ra-
2113 699 2156 725 nia
2169 699 2230 718 officia

1250 735 1426 764 tionabiliter
1447 736 1649 774 iizi.=csti9ctnti,
1671 739 1720 765 aut
1740 736 1862 773 fideliter
1887 737 2030 771 credenti,
2051 739 2100 765 aut
2122 723 2243 765 Zimisssst'ss.

1251 782 1478 810 intellectualiter
1496 783 1708 820 contemplanti.
1726 783 1929 821 Contemplans
1944 784 2100 813 considerat
2121 772 2204 794 spectus.

1251 837 1346 858 rerum
1368 829 1544 858 existentiam
1565 831 1716 865 actualem,
1739 831 1857 859 credens
1885 839 1981 860 rerum
2001 831 2100 860 decur-

1250 885 1312 905 sum
1336 877 1505 906 habitualem
1517 877 1538 913 θ,
1559 878 1742 907 ratiocinans·
1762 887 1857 907 rerum
1879 878 2101 916 praecellentiam

1251 924 1437 961 potentialem.

1336 973 1376 1000 ll.
1400 971 1490 1000 l‘rimo
1512 972 1592 1001 modo
1613 976 1741 1010 aspectus
1762 973 1997 1010 contemplantis,
2013 981 2058 1001 res
2072 972 2099 1001 in
2129 982 2223 1006 inspectus

1251 1027 1280 1047 se
1296 1019 1361 1055 ipsis
1376 1019 1561 1053 considerans,
1577 1020 1650 1048 videt
1665 1020 1691 1048 in
1707 1020 1746 1048 eis
1758 1021 1885 1057 ponitus,
1901 1028 2058 1048 numeram
2073 1006 2242 1048 etfi‘s'lffl‘lssss'.

1250 1066 1461 1106 mensaram⁷t
1481 1067 1598 1103 pondus
1619 1067 1709 1104 quoad
1732 1067 1831 1101 situm,
1853 1067 1900 1095 ubi
1923 1067 2100 1101 inclinantur,

1250 1109 1425 1146 mimeram,
1447 1122 1503 1150 quo
1533 1113 1757 1151 distinguuntur,
1779 1117 1806 1143 et
1837 1122 2025 1148 mensnram,
2047 1122 2103 1151 qua

1251 1159 1414 1188 limitantur.
1438 1161 1471 1188 ,tc
1494 1169 1543 1197 per
1560 1161 1611 1189 hoe
1632 1161 1706 1190 videt
1727 1161 1754 1190 iu
1769 1161 1809 1190 cis
1824 1161 1959 1195 modum,
1981 1161 2102 1198 speciem

1251 1210 1278 1235 et
1299 1207 1446 1241 ordinem,
1470 1216 1519 1236 nec
1540 1217 1594 1236 non
1616 1208 1827 1242 substantiam,
1842 1208 1979 1237 virtatem
2000 1212 2028 1237 et
2042 1217 2102 1245 ope-

1252 1254 1403 1283 rationem.
1428 1255 1467 1283 lix
1489 1255 1592 1293 quibus
1614 1264 1782 1293 consurgere
1804 1259 1894 1293 potest
1915 1256 1986 1285 sicut
2000 1264 2036 1285 ex
2057 1262 2102 1284 vc-

1251 1301 1336 1338 stiyie
1357 1302 1390 1330 ad
1413 1302 1620 1340 intelligendum
1643 1303 1808 1340 potentiam,
1824 1303 1985 1340 sapientiam
2007 1306 2034 1332 et
2055 1303 2102 1331 bo-

1251 1348 1364 1377 nitatem
1386 1349 1523 1378 Creatoris
1545 1350 1716 1379 immensam.

1336 1397 1376 1424 iz).
1400 1397 1525 1426 Secundo
1546 1398 1627 1426 modo
1648 1401 1776 1435 aspectus
1796 1398 1906 1435 fidelis,
1927 1398 2103 1427 considerans
2153 1408 2247 1434 aspectus

1253 1443 1327 1471 huuc
1349 1444 1484 1472 mundum
1495 1467 1501 1478 ,
1522 1445 1637 1473 attendit
1652 1445 1811 1481 orz‘yinem,
1827 1445 1985 1473 decursam
2006 1448 2033 1473 et
2049 1448 2104 1473 ter·
2116 1431 2186 1474 ῗζιῖῗιῗῗ
2188 1434 2248 1473 ‘313'

1252 1490 1374 1518 minam.
1407 1491 1473 1519 Nam
1502 1491 1559 1527 lide
1589 1491 1744 1523 credimus,
1771 1495 1874 1527 aptata
1895 1500 1955 1519 csse
1984 1491 2105 1520 saecuta

1259 1537 1346 1565 Verbo
1364 1537 1483 1570 vitac⁸;
1499 1537 1551 1565 tide
1570 1537 1724 1569 credimus,
1741 1536 1826 1565 trium
1850 1537 1940 1574 legum
1965 1541 2103 1574 tempora,

1252 1583 1355 1611 scilicet
1381 1587 1510 1617 naturae,
1526 1584 1686 1620 scripturae
1707 1587 1734 1612 et
1754 1584 1858 1620 gratiae
1880 1584 1930 1612 sibi
1954 1584 2104 1613 succedere

1252 1632 1280 1657 et
1299 1630 1501 1659 ordinatissime
1523 1630 1697 1664 decurrisse;
1720 1630 1773 1659 tide
1795 1631 1950 1665 credimus,
1966 1632 2103 1660 mundum

1253 1684 1302 1712 per
1324 1677 1405 1705 tinale
1426 1677 1558 1706 iudicium
1582 1678 1787 1707 terminandum
1805 1686 1879 1707 esse:
1897 1678 1922 1706 in
1945 1679 2035 1715 primo
2056 1687 2104 1715 po-

1254 1723 1382 1756 tentiam,
1405 1723 1432 1752 in
1454 1724 1575 1753 secundo
1597 1724 1810 1761 providentiam,
1826 1725 1853 1753 in
1870 1725 1950 1754 tertio
1972 1725 2102 1754 iustitiam

1253 1770 1353 1799 summi
1376 1771 1502 1808 principii
1525 1771 1707 1800 advertentes.

1338 1818 1379 1847 13.
1392 1819 1484 1847 Tertio
1495 1819 1576 1848 modo
1590 1822 1718 1856 aspectus
1734 1819 1977 1848 ratiocinabititcr
1989 1819 2103 1848 investi·
2147 1832 2246 1859 'Aspara-s

1251 1866 1373 1903 9antis⁰
1396 1866 1482 1900 vide-t,
1504 1866 1639 1903 quaedam
1672 1869 1778 1895 tantum
1800 1876 1875 1901 csse,
1898 1866 2033 1904 quaedam
2054 1857 2246 1898 au-iiiiss‘imt'iianfffi

1254 1916 1308 1942 tem
1330 1922 1389 1941 esse
1420 1916 1447 1942 et
1477 1914 1587 1947 virere,
1610 1913 1745 1950 quaedam
1778 1922 1843 1942 vero
1869 1922 1940 1947 esse,
1965 1913 2056 1941 vivere
2077 1916 2104 1942 et

1253 1960 1434 1994 discerneroe
1455 1963 1482 1989 et
1504 1960 1592 1997 prima
1614 1960 1726 1997 quidem
1758 1968 1817 1989 esse
1839 1960 1962 1994 minora,
1984 1960 2104 1989 secunda

1255 2007 1358 2041 media,
1380 2008 1462 2036 tertia
1476 2007 1598 2036 meliora.
1615 2024 1651 2027 —
1669 2007 1747 2036 Videt
1762 2007 1879 2041 iterum,
1895 2007 2030 2044 quaedam
2044 2014 2103 2035 esse

1255 2058 1362 2083 tantum
1377 2055 1555 2092 corporalia,
1567 2055 1703 2092 quaedam
1715 2054 1828 2092 partim
1842 2054 2020 2095 corporalia,
2030 2062 2103 2091 par-

1255 2102 1305 2129 tim
1326 2102 1499 2139 spiritualia
1507 2113 1516 2135 ,·
1538 2110 1572 2131 ex
1596 2111 1652 2139 quo
1673 2101 1806 2136 advertit,
1828 2101 1921 2138 aliqua
1948 2109 2007 2130 esse
2027 2109 2104 2129 mere

1253 2149 1427 2186 spiritualia
1456 2152 1585 2186 tanquam
1616 2149 1743 2187 utrisque
1775 2149 1889 2177 meliora
1916 2152 1943 2177 et
1970 2148 2102 2185 digniora.

1255 2212 1291 2216 —
1312 2196 1391 2225 videt
1418 2197 1613 2230 nihilomiuus,
1642 2196 1777 2234 quaedam
1806 2204 1865 2225 esse
1894 2196 2048 2224 mutabilia
2078 2199 2104 2224 ct

1254 2243 1473 2280 cerraptitntia,
1496 2247 1528 2272 ut
1560 2244 1718 2277 terrestria,
1740 2243 1875 2281 quaedam
1903 2243 2058 2271 mutabilia
2079 2246 2105 2271 et

413 2433 421 2446 ¹
441 2434 510 2462 Epist.
529 2435 543 2456 l.
560 2433 613 2457 Cor.
632 2434 652 2461 rl,
671 2434 708 2456 30.
725 2433 783 2456 ibid.
800 2440 823 2456 v.
841 2434 878 2456 Ξῖ.
890 2435 1013 2462 Apostolus
1030 2437 1099 2456 vocat
1114 2443 1123 2454 u
1135 2433 1197 2457 Chri·

349 2477 410 2496 stum
430 2473 469 2495 Dei
488 2473 597 2495 virtutem
620 2475 642 2495 et
664 2472 704 2495 Dei
726 2472 896 2501 sapientiam».
913 2485 944 2490 —-
961 2472 1065 2496 Subinde
1087 2473 1198 2501 allegatur

349 2513 411 2535 loan.
429 2513 449 2540 l,
467 2512 504 2535 lt.
521 2512 578 2535 lbid.
595 2518 618 2535 v.
638 2512 681 2534 1l7:
699 2512 775 2534 Gratia
792 2514 815 2534 et
831 2513 915 2534 veritas
932 2519 974 2540 per
991 2513 1065 2535 lesum
1082 2512 1198 2535 Christum

351 2553 409 2574 sacta
426 2554 468 2575 est.
486 2552 577 2574 Tertius
595 2552 659 2574 locus
676 2554 710 2574 est
727 2551 742 2574 1.
760 2551 820 2573 Tim.
841 2552 859 2578 1,
877 2552 897 2573 5

412 2589 421 2602 ²
438 2591 497 2613 Edd.
515 2597 568 2613 cum
586 2591 675 2620 aliquot
691 2590 760 2613 codd.
777 2596 846 2613 nemo
862 2590 932 2613 venit.

413 2627 422 2640 ¹³
440 2630 522 2652 esaim.
541 2630 583 2656 83,
601 2630 630 2652 8:
648 2629 715 2652 ibunt
731 2629 761 2651 de
787 2629 870 2651 iirtute
896 2629 916 2651 in
943 2629 1065 2657 virtutem,
1083 2628 1199 2652 videbitur

349 2668 411 2691 Deus
434 2672 477 2691 etc.
493 2681 525 2685 —
542 2668 588 2691 Ct'r.
604 2675 675 2697 supra
696 2675 751 2697 pag.
768 2668 821 2695 297,
838 2671 892 2690 nota
914 2669 932 2691 l.
948 2681 979 2686 —
996 2670 1038 2692 Pro
1058 2668 1199 2699 spectaculis

354 2708 372 2734 t,
389 2708 402 2729 2
420 2707 522 2737 specula.

412 2745 421 2758 ⁴
439 2748 497 2769 Gen.
514 2748 557 2774 28,
571 2748 608 2769 112.
624 2747 671 2770 Ct‘r.
683 2753 753 2775 snpra
766 2753 820 2774 pag.
833 2746 891 2774 ⁴205,
903 2750 955 2768 nota
969 2748 991 2769 2.
1002 2759 1033 2764 -·
1044 2747 1077 2770 De
1089 2747 1199 2770 Hebraeis

351 2786 487 2808 exeuntibus
505 2787 533 2809 de
552 2788 657 2815 Aegypto
675 2788 716 2809 ctr.
733 2787 803 2809 lixod.
822 2787 863 2813 13,
882 2787 904 2809 3.
923 2792 973 2815 seq.

413 2823 422 2837 ⁶
440 2826 502 2848 loan.
525 2827 563 2853 13,
585 2827 603 2848 l.
619 2837 651 2843 —
669 2827 722 2855 Seq.
746 2827 810 2848 locus
832 2829 866 2848 est
888 2825 955 2847 Eccli.
976 2825 1018 2852 -24,
1036 2827 1080 2853 26;
1100 2826 1198 2854 Vulgata

351 2864 490 2894 implemini.
507 2865 598 2888 'l'crtius
620 2868 655 2888 est
677 2866 732 2894 Sap.
750 2865 790 2892 43,
808 2865 837 2892 5;
856 2865 955 2892 Vulgata
981 2864 1049 2887 habet
1071 2865 1134 2888 cuim
1155 2872 1198 2894 pro

352 2910 462 2933 namque.
603 2908 605 2910 ’

414 2941 424 2954 ⁵
441 2942 487 2965 Csr.
504 2949 573 2971 supra
591 2941 706 2972 Breiitoq.
724 2944 815 2971 Prolog.
831 2942 845 2971 ἓ
862 2943 884 2965 2.

1319 2432 1327 2445 ⁷
1346 2434 1474 2462 llcspicitur
1493 2435 1546 2462 Sap.
1562 2435 1597 2462 tt,
1609 2434 1649 2461 2l;
1663 2436 1703 2456 cfr.
1715 2440 1786 2462 supra
1804 2440 1858 2462 pag.
1870 2433 1912 2459 54,
1925 2436 1976 2455 uota
1994 2432 2016 2454 7.
2027 2444 2059 2448 —
2069 2432 2103 2454 De

1256 2480 1335 2502 seqq.,
1352 2480 1413 2502 quae
1430 2474 1445 2495 Ι.
1464 2475 1525 2496 sent.
1543 2473 1567 2496 d.
1584 2474 1606 2496 3.
1624 2480 1647 2501 p.
1665 2473 1679 2495 1.
1697 2472 1754 2495 dub.
1771 2474 1793 2495 3.
1810 2472 1959 2501 explicantur,
1974 2472 2015 2493 etr.
2032 2477 2102 2499 supra

1256 2519 1310 2541 pag.
1329 2514 1370 2540 82,
1388 2516 1441 2535 nota
1460 2513 1489 2540 ὃς
1507 2519 1562 2541 pag.
1585 2513 1643 2540 219,
1662 2515 1715 2535 nota
1742 2513 1760 2535 1.
1778 2514 1800 2534 et
1817 2518 1870 2540 pag.
1888 2511 1944 2537 242,
1963 2513 2015 2532 nota
2033 2510 2055 2532 5.
2071 2522 2103 2527 -

1256 2552 1351 2574 interius
1369 2555 1421 2580 post
1430 2553 1508 2581 potest
1523 2552 1597 2574 (3111(
1608 2552 1624 2574 L
1635 2552 1653 2574 Μ
1664 2551 1681 2574 Ν
1699 2551 1787 2574 addunt
1803 2550 1910 2580 spiritus.

1319 2589 1328 2602 ⁸
1345 2590 1415 2614 llebr.
1433 2592 1474 2618 tt,
1493 2592 1519 2613 3:
1537 2591 1592 2613 Fide
1615 2591 1763 2619 intelligimus
1788 2592 1888 2618 aptata...
1912 2587 1989 2610 Verbo
2014 2587 2055 2610 Dei
2077 2586 2102 2616 (E

1256 2630 1324 2653 etiarn
1342 2629 1434 2652 exhibet
1452 2630 1505 2657 Dei,
1522 2629 1539 2653 C
1557 2629 1600 2653 Dei
1615 2629 1694 2659 vitae).
1711 2630 1757 2652 Ctr.
1773 2629 1888 2657 Breviloq.
1905 2628 1996 2655 Prolog.
2013 2626 2027 2655 S
2038 2628 2103 2650 2.—

1257 2669 1369 2697 Superius
1385 2675 1428 2697 pro
1444 2669 1533 2699 fidelis,
1550 2668 1717 2697 considerans,
1735 2669 1753 2691 11
1770 2667 1869 2698 fideliter
1886 2665 2069 2694 considerantis,
2085 2665 2102 2687 L

1255 2708 1354 2739 fidetiter
1372 2707 1499 2736 credentis,
1517 2707 1696 2731 commi-antis.
1714 2708 1764 2730 Mox
1780 2713 1823 2735 pro
1840 2706 1914 2730 trium
1932 2704 2008 2735 lequm
2027 2705 2101 2727 DGM

1257 2747 1334 2771 trinae
1351 2747 1422 2777 leyis,
1440 2750 1463 2770 et
1484 2754 1527 2776 pro
1549 2747 1674 2771 succedere
1690 2748 1735 2770 DG
1747 2748 1766 2770 K
1776 2747 1796 2770 Μ
1807 2747 1823 2769 Ν
1839 2744 1990 2772 successisse,
2009 2748 2102 2767 econtra

1256 2787 1274 2809 ll
1285 2787 1300 2809 Ρ
1317 2786 1445 2810 decurrere
1462 2793 1504 2815 pro
1521 2786 1662 2810 decurrisse.

1318 2825 1328 2838 ¹³
1345 2826 1403 2849 Edd.
1420 2826 1585 2850 ratiocinantis
1602 2825 1762 2856 incestificus,-
1776 2827 1822 2848 rei-c
1838 2831 1919 2848 omncs
1932 2824 2001 2847 codd.
2014 2823 2059 2847 viri
2070 2824 2103 2847 in-

1256 2865 1404 2896 vestiqantis,
1423 2866 1442 2888 K
1460 2865 1634 2889 rationabiliter
1658 2865 1704 2888 viri
1725 2864 1900 2894 investtqantis‚-
1918 2870 1965 2892 quo
1983 2864 2102 2886 conflrma-

1256 2907 1292 2927 tur
1309 2906 1389 2926 nostra
1404 2904 1471 2926 lectio
1488 2907 1562 2926 summ
1580 2910 1607 2926 ex
1625 2904 1677 2926 HL.
1695 2904 1753 2926 lutra
1771 2909 1813 2932 pro
1829 2902 1906 2926 medin
1923 2902 1968 2924 DG
1979 2902 1997 2924 M
2016 2900 2103 2925 medio-

1255 2943 1322 2972 cria,-
1339 2937 1444 2971 denique*
1457 2943 1476 2971 Q
1494 2942 1595 2973 coltiyit,
1613 2942 1731 2973 quaedam
1748 2949 1790 2971 pro
1807 2941 1919 2969 advenit,
1936 2940 2026 2970 atiquo.
