2285 3398
306 105 361 134 184

385 183 428 211 11.
451 182 530 216 Item,
553 182 575 210 si
601 182 653 210 hoc
673 183 715 210 est
742 180 916 218 perfectionis
943 189 1055 210 vovere:
1084 188 1150 217 ergo

304 229 352 267 qui
367 229 513 267 profitetur
534 228 599 262 hoc,
614 228 777 265 profitetur,
793 235 827 256 50
847 235 907 256 0550
922 228 1087 265 perfectum3
1102 227 1149 256 sed

304 276 356 305 hoc
377 279 419 305 est
438 278 694 312 praesumtuosum:
716 282 782 312 ergo
803 277 854 303 etc.

387 324 429 351 12.
452 322 533 356 11001,
555 321 625 350 velle
646 329 772 358 praeesse
795 321 867 350 iusto
894 321 954 350 viro
974 325 1002 351 et
1029 320 1150 358 perfecto

305 372 347 399 est
366 368 496 406 superbia
516 370 543 397 et
570 368 753 405 praesumtio:
782 376 849 406 ergo
869 368 1023 397 consentire
1050 367 1094 396 alii
1122 369 1149 395 et

305 415 464 453 cooperari,
485 418 518 443 ut
544 415 662 452 praesit,
693 418 735 444 est
764 415 918 444 consentire
949 414 1095 452 superbiae
1122 416 1150 442 et

304 462 518 500 praesumtioni;
549 461 596 490 sed
624 462 672 499 qui
702 462 829 499 astringit
856 470 885 491 se
905 461 939 490 ad
966 460 1148 490 obediendum

304 510 382 539 alteri
397 509 532 538 consentit
546 512 573 538 et
587 512 752 546 cooperatur
767 509 818 543 illi,
833 512 865 538 ut
879 508 995 546 praesit:
1017 502 1082 544 ergo
1096 510 1148 536 etc.

386 556 429 585 13.
452 556 531 590 Item,
554 555 605 585 hoc
634 555 743 584 videtur
764 563 823 584 esse
848 554 1058 592 periculosum:
1085 553 1151 590 quia

303 603 476 633 committere
496 610 525 632 se
547 602 665 637 homini,
679 602 713 631 de
735 602 815 631 cuius
829 601 943 630 scientia
963 604 990 629 et
1011 600 1151 628 conscien-

304 650 341 679 tia
361 649 482 687 ignorat,
503 651 545 679 est
566 649 734 687 periculum;
760 648 808 678 sed
829 648 876 686 qui
891 647 1018 684 astringit
1039 654 1067 676 se
1088 649 1152 675 voto

303 696 337 725 ad
358 696 541 725 obediendum
563 696 666 725 homini
688 696 796 733 ignorat
816 695 985 732 frequenter,
1004 702 1039 722 30
1060 694 1095 722 511
1110 702 1152 723 sa-

303 744 394 781 piens,
416 743 459 773 vel
480 743 582 778 bonus,
604 751 653 772 seu
674 742 708 772 de
728 742 815 779 ipsius
832 741 946 771 scientia
965 744 993 770 et
1013 741 1153 770 conscien-

303 791 355 820 tia:
377 799 443 828 ergo
463 794 514 820 etc.

385 838 427 867 14.
451 838 534 872 Item,
562 840 666 875 quanto
693 837 844 866 maioribus
864 839 891 866 et
912 835 1042 873 pluribus
1070 835 1153 864 homo

303 884 479 921 astringitur,
502 887 577 913 13010
593 886 636 913 051
656 884 683 912 10
697 883 849 912 maioribus
869 882 1000 920 periculis
1020 882 1153 911 constitu-

304 934 367 965 tus;
396 930 443 960 sed
474 931 523 968 qui
555 933 636 960 vovet
666 930 848 959 obedientiam
883 929 989 958 homini
1024 928 1154 966 pluribus

304 978 479 1015 astringitur,
500 986 584 1016 quam
604 977 684 1015 prius
704 980 776 1006 esset
796 976 941 1006 astrictus:
963 984 1029 1018 ergo
1043 976 1153 1005 maiori-

304 1025 357 1055 bus
377 1025 528 1063 exponitur
548 1024 694 1062 periculis:
715 1032 782 1061 ergo
803 1026 853 1053 etc.

386 1074 430 1101 15.
452 1073 534 1107 Item,
556 1073 601 1101 lex
623 1072 780 1109 evangelica
799 1071 940 1100 dissuadet
965 1071 1153 1100 iuramentum

306 1123 419 1157 propter
440 1119 555 1157 periurii
576 1119 767 1156 periculum¹;
790 1118 837 1148 sed
855 1118 903 1156 qui
924 1121 1005 1147 vovet
1026 1117 1153 1147 obedien-

307 1167 372 1195 tiam
393 1167 496 1195 homini
515 1169 556 1195 est
570 1166 597 1195 10
618 1166 743 1203 periculo
758 1165 983 1203 transgressionis
1004 1165 1059 1194 voti
1066 1176 1072 1207 g
1089 1172 1155 1202 ergo

307 1214 369 1243 talis
388 1213 468 1242 offert
488 1220 517 1242 se
537 1213 695 1242 discrimini.

390 1261 433 1288 16.
449 1260 515 1288 Item
532 1259 699 1294 ostenditur,
720 1259 794 1297 quod
808 1259 881 1288 istud
896 1259 931 1288 511
944 1257 1153 1296 imperfectum.

308 1308 360 1344 Qui
382 1307 454 1336 enim
468 1309 571 1343 peccat,
585 1306 638 1335 alio
652 1309 825 1343 suggerente,
846 1306 939 1334 minus
953 1309 1056 1343 peccat,
1070 1314 1154 1342 quam

309 1354 354 1383 ille
374 1353 422 1391 qui
443 1355 550 1390 peccat,
566 1353 678 1389 proprio
695 1355 773 1381 motu
788 1352 934 1389 instigante
945 1352 971 1380 ²:
993 1360 1059 1389 ergo
1080 1352 1155 1380 simi-

309 1401 371 1429 liter
382 1400 430 1437 qui
441 1399 549 1433 obedit,
566 1399 619 1427 alio
634 1399 799 1436 imperante,
814 1398 907 1427 minus
920 1401 1057 1433 meretur,
1072 1407 1156 1436 quam

309 1448 356 1485 qui
371 1449 468 1484 sponte
482 1446 551 1484 agit,
566 1454 616 1475 seu
630 1446 688 1474 solo
702 1445 758 1474 Deo
772 1445 899 1474 iubente:
915 1453 981 1482 ergo
995 1445 1043 1482 qui
1057 1445 1156 1474 astrin-

308 1495 347 1533 git
367 1503 396 1524 se
418 1497 482 1523 voto
502 1493 536 1522 ad
556 1492 739 1522 obediendum
766 1492 845 1520 alteri
873 1491 1060 1528 imperfectius
1086 1492 1156 1528 agit,

309 1549 392 1580 quam
413 1541 461 1579 qui
489 1548 518 1570 se
543 1548 597 1569 non
625 1539 767 1576 astringitg
796 1538 843 1568 sed
868 1537 943 1575 quod
969 1537 1097 1566 diminuit
1123 1538 1157 1566 de

309 1589 475 1626 perfectione
495 1587 617 1616 dissonat
638 1586 673 1615 ab
693 1585 850 1623 evangelica
871 1585 949 1622 lege:
972 1592 1038 1622 ergo
1058 1588 1110 1614 etc.

392 1636 435 1664 17.
458 1635 539 1668 Item,
561 1636 636 1663 tanto
651 1633 799 1671 perfectius
820 1632 883 1670 quis
897 1634 1039 1666 movetur,
1054 1634 1158 1669 quanto

309 1682 493 1711 immediatius
513 1681 603 1711 fertur
624 1681 652 1710 in
672 1681 773 1715 Deum;
796 1679 843 1709 sed
863 1679 911 1717 qui
933 1679 991 1708 solo
1015 1679 1072 1708 Deo
1092 1679 1156 1709 obe-

310 1729 349 1758 dit
370 1728 553 1757 immediatius
574 1728 663 1757 fertur
691 1727 719 1756 in
739 1727 844 1761 Deum,
866 1734 950 1764 quam
977 1726 1024 1764 qui
1047 1726 1158 1755 subiicit

311 1785 340 1806 se
360 1776 480 1805 homini:
502 1784 568 1813 ergo
589 1778 639 1804 etc.

393 1824 435 1851 18.
458 1823 540 1856 Item,
561 1822 695 1859 optimum
710 1829 797 1859 genus
817 1821 1017 1850 monachorum
1037 1824 1079 1851 est
1092 1829 1157 1850 ana-

313 1870 502 1903 choretarum,
523 1868 676 1898 secundum
697 1868 771 1906 quod
791 1868 857 1897 dicit
877 1868 975 1897 beatus
996 1868 1157 1897 Benedictus

312 1917 341 1946 10
362 1916 496 1954 principio
523 1915 634 1952 regulae
655 1915 759 1950 suae⁸3
788 1915 835 1944 sed
856 1915 924 1944 tales
948 1923 1003 1944 000
1023 1915 1157 1952 astringe-

313 1965 415 1993 bantur
436 1966 499 1992 voto
518 1963 552 1991 ad
572 1962 755 1992 obediendum
775 1962 895 1991 homini:
923 1962 1009 1999 igitur
1030 1970 1067 1992 ex
1094 1965 1157 1991 voto

314 2010 449 2040 subiicere
470 2018 498 2039 se
519 2009 563 2038 alii
584 2018 638 2038 non
658 2012 700 2038 est
719 2004 891 2047 evangelicae
912 2009 1094 2046 perfectionis.

396 2057 438 2085 19.
460 2057 543 2091 Item,
564 2057 612 2094 qui
633 2056 742 2085 infirmo
763 2056 916 2093 praecludit
936 2056 1009 2085 viam
1035 2056 1159 2085 sanitatis

316 2112 370 2133 non
391 2106 471 2133 curat
497 2103 706 2140 perfectionem,
728 2103 775 2132 sed
802 2111 819 2132 a
845 2103 1012 2140 perfectione
1040 2102 1158 2137 recedit;

317 2150 363 2180 sed
394 2150 441 2187 qui
472 2150 620 2187 astringit⁴
651 2157 680 2179 se
710 2152 773 2178 voto
804 2149 838 2178 ad
867 2149 1049 2178 obediendum
1080 2149 1159 2178 alteri

951 102 1175 140 QUAESTIONES
1196 101 1395 130 DISPUTATAE

1206 178 1308 208 claudit
1329 178 1379 207 sibi
1400 179 1502 207 multas
1529 179 1587 208 vias
1607 179 1641 208 ad
1668 180 1799 214 salutem,
1821 189 1885 210 cum
1906 183 1967 211 talis
1987 186 2050 212 ante

1206 228 1301 254 votum
1321 225 1482 254 multimode
1503 225 1582 254 aliter
1595 226 1695 255 salvari
1714 227 1814 263 possit,
1835 228 1910 265 quod
1930 237 1984 258 000
2003 238 2050 266 po-

1206 274 1258 300 test
1279 275 1340 308 post
1362 274 1472 300 votum:
1494 280 1560 309 ergo
1581 273 1642 301 talis
1662 273 1898 310 imperfectissime
1918 275 1981 311 agit.

1284 320 1330 348 20.
1353 319 1434 354 Item,
1449 322 1554 357 quanto
1568 320 1631 356 quis
1646 320 1775 357 pluribus
1794 321 1961 356 subiicitur,
1977 326 2051 351 13010

1205 365 1340 394 humilius
1361 369 1388 395 et
1412 366 1562 403 perfectius
1582 366 1653 403 agit;
1675 366 1722 395 sed
1750 367 1798 404 qui
1825 371 1904 397 vovet
1925 367 2052 397 obedien-

1205 412 1277 441 tiam
1294 412 1433 450 pluribus
1461 413 1532 442 male
1553 413 1632 442 facit:
1653 421 1720 451 ergo
1743 421 1844 443 vovere
1871 414 2053 444 obedientiam

1203 459 1282 488 alteri
1304 467 1359 488 000
1378 463 1420 488 051
1440 459 1603 489 1100111113ῑί5
1624 468 1674 489 000
1694 460 1877 497 perfectionis.

1285 506 1337 534 San
1358 515 1466 536 00111οΑ
1495 507 1547 536 1100
1568 508 1606 537 510
1630 507 1768 536 obiicitur.
1797 509 1820 537 1.
1849 509 1976 538 Matthaei
1998 512 2194 539 ter-Fundamenta-

1207 553 1277 581 tio⁵z
1295 553 1342 582 Sz'c
1355 553 1431 582 decet
1443 563 1496 583 nos
1510 554 1628 592 implere
1645 563 1757 583 omnem
1772 555 1931 590 iustitiam
1945 556 2051 586 Glossa:

1213 611 1226 624 α
1241 599 1363 628 Perfecta
1383 600 1523 630 humilitas
1551 601 1634 631 habet
1654 605 1711 631 tres
1731 601 1853 639 gradus:
1881 603 1988 640 primus
2012 607 2054 632 est

1209 646 1328 675 subdere
1348 654 1377 675 se
1398 647 1507 682 maiori,
1522 648 1660 677 secundus
1680 649 1799 678 subdere
1818 657 1847 679 se
1867 650 1940 686 pari,
1955 650 2054 679 tertius

1209 692 1328 722 subdere
1349 701 1378 723 se
1398 694 1512 729 minori,
1534 695 1562 723 in
1576 703 1632 732 quo
1652 699 1694 724 est
1714 696 1803 725 omnis
1816 696 1932 731 iustitia;
1954 700 1981 726 et
2002 697 2054 726 hoc

1209 740 1337 769 Christus
1357 740 1480 777 implevit
1492 752 1524 770 »ε
1545 749 1611 779 ergo
1625 742 1647 771 si
1669 742 1790 779 perfecta
1804 743 1907 772 iustitia
1927 747 1968 773 est
1988 745 2054 773 sub-

1209 787 1275 817 dere
1296 796 1325 817 se
1339 788 1434 822 alteri,
1456 788 1508 817 hoc
1522 791 1613 818 autem
1635 790 1756 819 maxime
1770 789 1801 818 fit
1815 798 1865 827 per
1885 791 2054 821 obedientiae

1210 838 1321 870 votum;
1343 835 1461 869 videtur,
1486 835 1560 872 quod
1587 836 1660 865 istud
1688 837 1723 865 sit
1750 838 1871 866 maxime
1895 839 2054 875 perfectioni

1210 882 1382 919 evangelicae
1403 889 1563 911 consonum.

1289 931 1315 958 2.
1340 929 1420 964 Item,
1441 929 1546 966 primae
1568 930 1639 959 Petri
1654 930 1813 959 secundo⁶z
1836 931 1962 960 Subwcti
1973 935 2055 961 estote

1210 977 1290 1005 omni
1324 975 1471 1005 humanae
1505 981 1659 1006 creaturae
1690 980 1810 1015 propter
1846 977 1956 1006 Deam.-
1990 986 2055 1016 ergo

1210 1027 1314 1062 quanto
1345 1024 1408 1061 quis
1439 1024 1491 1053 hoc
1521 1024 1660 1054 efficacius
1690 1025 1769 1059 facit,
1800 1028 1875 1053 tanto
1908 1025 2056 1062 perfectius

1210 1071 1282 1108 agit;
1305 1071 1350 1100 sed
1373 1071 1421 1108 qui
1442 1079 1492 1108 per
1512 1072 1707 1104 votum,alteri
1729 1080 1758 1101 se
1778 1072 1903 1107 subiicit,
1925 1072 1977 1101 hoc
1998 1072 2056 1101 effi-

1211 1118 1351 1147 cacissime
1372 1118 1447 1146 facit:
1469 1126 1535 1156 ergo
1557 1119 1618 1147 talis
1638 1119 1837 1156 perfectissime
1857 1119 1920 1157 agit.

1291 1164 1316 1193 3.
1340 1165 1421 1199 Item,
1443 1164 1629 1202 Gregorius⁷:
1657 1166 1771 1194 «Maius
1791 1169 1832 1194 est
1854 1166 2011 1203 relinquere
2028 1174 2056 1195 se

1211 1212 1301 1249 ipsum
1323 1217 1406 1249 quam
1428 1220 1478 1241 sua
1492 1223 1522 1246 ιη
1545 1212 1592 1241 sed
1613 1213 1660 1249 qui
1683 1215 1796 1249 propter
1816 1212 1904 1241 Deum
1926 1213 2057 1250 relinquit

1211 1267 1262 1288 sua
1283 1258 1501 1296 perfectevfacit:
1523 1267 1589 1296 ergo
1603 1259 1651 1296 qui
1673 1259 1804 1296 relinquit
1825 1267 1854 1288 se
1875 1259 1980 1296 ipsum,
1995 1267 2057 1296 per-

1212 1306 1317 1335 fectius.
1340 1306 1391 1335 Sed
1413 1306 1465 1334 hoc
1487 1306 1608 1335 maxime
1630 1306 1661 1334 fit
1682 1306 1709 1334 in
1730 1306 1911 1343 abnegatione
1931 1307 2057 1335 volunta-

1212 1354 1247 1382 tis
1267 1360 1317 1390 per
1338 1353 1507 1382 obedientiae
1528 1356 1639 1382 votum:
1661 1361 1727 1390 ergo
1748 1356 1798 1382 etc.
2026 1390 2029 1393 Δ

1291 1400 1317 1427 [1.
1341 1400 1422 1433 Item,
1451 1397 1629 1429 Anselmus⁸:
1657 1400 1761 1429 «Sicut
1788 1400 1915 1429 voluntas
1942 1400 1990 1428 Dei
2018 1402 2059 1429 est

1213 1446 1290 1483 origo
1310 1447 1399 1475 omnis
1429 1446 1509 1481 boni,
1540 1447 1578 1475 sic
1609 1447 1738 1476 voluntas
1768 1447 1881 1484 propria
1910 1450 1952 1476 est
1981 1447 2059 1484 origo

1213 1493 1302 1521 omnis
1316 1493 1379 1521 mali
1391 1504 1404 1518 »
1416 1504 1422 1527 ;
1441 1493 1488 1521 sed
1502 1494 1550 1530 qui
1565 1494 1685 1530 perfecte
1699 1497 1808 1523 amovet
1821 1494 1956 1531 originem
1970 1493 2059 1523 omnis

1214 1539 1278 1567 mali
1299 1539 1496 1575 perfectissime
1518 1540 1595 1568 facit:
1617 1548 1683 1577 ergo
1710 1541 1757 1577 qui
1787 1541 1906 1571 totaliter
1934 1541 2058 1570 volunta-

1214 1588 1270 1614 tem
1297 1585 1438 1623 propriam
1464 1586 1581 1623 abnegat
1608 1594 1657 1623 per
1682 1590 1777 1615 votum
1806 1587 1976 1616 obedientiae
2004 1588 2060 1625 agit

1214 1632 1419 1670 perfectissime.

1294 1680 1319 1708 5.
1342 1679 1424 1713 Item,
1446 1679 1522 1716 Ilugo
1534 1678 1560 1707 ⁹:
1587 1678 1772 1708 «obedientia
1790 1683 1833 1708 est
1852 1680 1956 1715 virtus,
1971 1689 2058 1718 quae,

1214 1726 1328 1764 propria
1341 1726 1483 1755 voluntate
1496 1726 1660 1763 postposita,
1674 1726 1767 1754 animo
1779 1726 1955 1763 amplectitur
1969 1727 2060 1756 iniun—

1214 1777 1258 1803 cta
1277 1781 1361 1811 opere
1382 1772 1544 1810 implenda»
1558 1783 1564 1807 ;
1580 1772 1628 1801 5οᾶ
1642 1772 1689 1810 qui
1711 1770 1992 1801 alteri‘obedientiam
2012 1781 2060 1801 vo-

1213 1824 1259 1850 vet
1279 1821 1400 1850 maxime
1415 1820 1553 1858 postponit
1568 1820 1709 1857 propriam
1728 1819 1913 1849 voluntatem:
1929 1827 1995 1861 ergo
2009 1823 2059 1849 010.

1292 1869 1317 1897 6.
1340 1868 1422 1902 11010,
1444 1868 1616 1902 Bernardus,
1642 1867 1756 1896 homilia
1782 1867 1992 1905 quadragesima
2020 1875 2058 1896 se-

1212 1916 1303 1945 cunda
1323 1923 1407 1952 super
1427 1915 1538 1944 Cantica
1550 1915 1587 1943 ¹⁰:
1614 1915 1739 1944 «Parum
1760 1915 1817 1949 est,
1838 1914 1981 1944 subditum
2002 1922 2062 1944 esse

1214 1962 1285 1997 Deo,
1306 1962 1359 1991 0151
1380 1962 1417 1991 515
1441 1964 1468 1991 01
1498 1962 1572 1991 01001
1604 1962 1741 1991 humanae
1772 1964 1917 1991 creaturae
1947 1964 2061 1999 propter

1214 2009 1319 2038 Deum:
1334 2008 1453 2038 subdere
1468 2008 1597 2046 paribus,
1612 2008 1732 2038 subdere
1745 2008 1915 2043 minoribus;
1930 2009 1972 2037 sic
1986 2008 2062 2037 enim

1215 2056 1290 2085 decet
1308 2064 1361 2084 1105
1382 2055 1500 2093 implere
1520 2064 1632 2084 omnem
1654 2055 1798 2084 iustitiam
1810 2065 1846 2088 »;
1867 2055 1915 2084 sed
1940 2055 1993 2084 1100
2013 2058 2062 2091 po-

1216 2102 1320 2131 tissime
1341 2102 1373 2130 fit
1392 2101 1568 2139 astringendo
1589 2110 1618 2130 se
1640 2105 1703 2130 voto
1723 2101 1757 2130 ad
1771 2101 1954 2130 obediendum
1969 2101 2061 2130 alteri:

1216 2157 1282 2186 ergo
1302 2151 1354 2177 etc.

381 2301 389 2314 ¹
407 2302 484 2324 Matth.
496 2301 522 2328 5,
532 2301 572 2324 34:
582 2302 630 2329 Ego
640 2303 716 2323 autem
726 2301 777 2324 dico
786 2301 861 2329 vobis,
870 2307 918 2324 000
928 2302 1003 2324 iurare
1011 2301 1105 2324 omnino
1118 2304 1161 2324 etc.

321 2341 366 2365 Ctr.
382 2342 425 2364 lac.
443 2341 468 2368 5,
487 2341 523 2367 12,
540 2342 563 2362 et
579 2340 692 2368 11118001.
709 2336 786 2363 d.'39.
804 2347 824 2363 a.
841 2341 863 2363 2.
880 2347 904 2370 q.
922 2341 944 2363 1.
960 2346 1009 2370 seq.

383 2379 392 2392 ²
409 2379 455 2403 Ct’r.
471 2380 495 2402 II.
513 2379 575 2402 Sent.
592 2379 615 2402 d.
632 2379 670 2401 2⁴.
686 2385 707 2401 3.
725 2379 746 2402 3.
758 2386 781 2408 q.
792 2380 814 2402 2.
827 2380 929 2403 tundam.
941 2380 963 2403 2.
975 2382 997 2402 et
1008 2386 1031 2409 q.
1043 2380 1065 2403 3.
1077 2386 1126 2408 arg.
1139 2380 1161 2403 2.

321 2422 447 2449 provarte
463 2419 577 2446 negativa.

382 2456 391 2470 Β
408 2457 465 2487 Cap.
482 2458 508 2485 1,
525 2457 547 2480 10
572 2463 619 2486 quo
645 2458 791 2484 anachoritae
815 2458 937 2481 laudantur
961 2461 1056 2487 propter
1088 2460 1162 2481 fervo-

319 2503 369 2520 rem
391 2499 433 2520 etc.
457 2495 504 2520 Cn:
528 2502 598 2525 supra
615 2502 638 2525 (1.
655 2497 676 2518 2.
693 2502 714 2518 3.
731 2496 754 2519 3.
770 2496 800 2519 ad
818 2497 854 2519 12.
878 2497 994 2528 Cassian„
1019 2497 1099 2520 Collat.
1124 2497 1162 2520 18.

321 2543 341 2560 0.
358 2537 379 2559 4.
400 2537 444 2559 ait:
463 2535 516 2558 Tria
533 2538 586 2559 sunt
608 2535 631 2557 in
655 2535 761 2563 Aegy-pto
778 2541 862 2563 genera
880 2537 1046 2560 monachorum
1064 2536 1162 2567 [coeno-

320 2576 392 2604 bitae,
409 2577 573 2603 anachoretae,
589 2573 745 2604 sarabaitae]‚
763 2580 863 2603 quorum
875 2575 921 2598 duo
933 2580 986 2599 5001
1002 2577 1103 2605 optima,
1120 2579 1162 2600 ter-

321 2616 378 2639 tium
395 2615 498 2644 tepidum
516 2617 585 2644 atque
601 2613 742 2637 omnimodis
758 2613 900 2637 evitandum.

383 2653 392 2666 ⁴
409 2654 428 2676 D
444 2653 536 2683 alligat.

383 2691 393 2704 ⁶
410 2693 476 2715 Vers.
494 2692 537 2715 t5:
550 2692 587 2714 Sic
603 2692 665 2714 enim
683 2691 749 2714 decet
765 2694 808 2714 etc.
824 2703 855 2708 -—
871 2692 962 2720 Glossa,
974 2699 1035 2722 quae
1051 2696 1085 2717 est
1101 2693 1162 2717 ordi-

322 2731 393 2755 naria
409 2731 472 2760 apud
488 2732 616 2759 Lyranum,
628 2734 665 2755 est
673 2730 802 2753 secundum
819 2731 940 2759 Bernard.,
953 2732 1026 2756 Serm.
1038 2733 1061 2756 10
1076 2733 1161 2756 Octava

322 2771 435 2800 Epiphan.
451 2777 475 2793 n-.
492 2770 514 2793 4.
530 2771 553 2792 In
571 2773 631 2793 textu
649 2769 753 2798 originali
770 2770 864 2793 Glossae
875 2771 941 2799 plura
953 2772 1129 2801 interseruntur,
1141 2776 1164 2796 et.

323 2816 366 2839 pro
378 2810 399 2833 et
409 2809 453 2833 hoc
469 2808 611 2832 substituitur
623 2810 644 2833 et
655 2809 728 2838 hunc,
741 2809 805 2838 quod
816 2810 884 2832 011310
896 2810 952 2833 incra
965 2811 987 2833 in
999 2817 1063 2840 corp.
1074 2815 1163 2841 quaest.

323 2849 417 2878 ponitur
434 2849 457 2871 in
474 2848 555 2871 eadem
571 2849 658 2871 Glossa.
674 2861 706 2866 —
722 2848 833 2877 Superius
849 2855 892 2877 pro
908 2848 1016 2873 obz'ioitur
1033 2851 1051 2873 Α
1067 2850 1163 2875 dicitur.

385 2886 396 2900 θ
412 2888 479 2911 Vers.
498 2888 541 2910 13:
560 2887 659 2911 Subiecti
677 2888 745 2916 igitur
762 2890 834 2910 estote
850 2891 893 2910 etc.

1280 2300 1288 2314 ⁷
1306 2301 1368 2324 Libr.
1384 2302 1408 2324 Il.
1426 2301 1509 2324 Homil.
1526 2302 1547 2324 10
1566 2302 1654 2330 Evang.
1670 2302 1749 2325 homil.
1774 2302 1810 2324 32.
1836 2308 1859 2325 n.
1877 2302 1885 2324 t
1900 2310 1906 2325 ε
1923 2303 1949 2325 Et
1967 2304 2064 2326 sortasse

1218 2340 1359 2364 laboriosum
1371 2347 1417 2363 non
1431 2343 1465 2364 est
1477 2341 1563 2363 homini
1575 2341 1706 2370 relinquere
1722 2348 1775 2369 sua,
1787 2341 1828 2365 sed
1839 2342 1908 2364 valde
1919 2341 2061 2364 laboriosum

1218 2382 1252 2402 est
1267 2380 1398 2409 relinquere
1415 2380 1573 2408 semetipsum.
1590 2381 1663 2403 Minus
1687 2381 1775 2410 quippe
1799 2373 1834 2403 est
1857 2379 1975 2408 abnegare
1997 2380 2061 2409 quod

1219 2418 1300 2447 habet,
1316 2419 1384 2441 valde
1401 2421 1478 2442 autem
1495 2420 1592 2442 multum
1610 2423 1644 2443 est
1661 2419 1778 2448 abnegare
1794 2419 1858 2448 quod
1875 2421 1917 2441 est.

1281 2456 1290 2470 ⁸
1307 2459 1383 2481 Potius
1400 2459 1526 2482 Eadmerus
1543 2460 1565 2481 10
1583 2459 1641 2482 libro
1658 2460 1688 2482 de
1705 2458 1896 2482 similitudinibus
1912 2458 1935 2480 S.
1946 2458 2060 2487 Anselmi,

1219 2504 1239 2521 c.
1257 2498 1282 2520 8:
1301 2498 1362 2520 Sicut
1374 2498 1467 2526 propria
1485 2499 1591 2522 voluntas
1608 2499 1648 2521 Dei
1667 2500 1717 2521 fons
1734 2500 1769 2520 est
1785 2500 1807 2520 et
1823 2497 1889 2525 origo
1906 2497 1974 2520 totius
1992 2497 2060 2526 boni,

1220 2537 1249 2559 ita
1265 2537 1359 2566 propria
1375 2538 1481 2560 voluntas
1498 2538 1597 2561 hominis
1615 2538 1683 2560 totius
1698 2540 1733 2560 est
1750 2536 1869 2559 exordium
1886 2537 1946 2559 mali.

1280 2574 1290 2588 ⁹
1306 2577 1367 2599 Haec
1384 2576 1485 2599 (1011111110
1503 2577 1600 2600 habetur
1617 2577 1640 2599 in
1657 2575 1728 2605 libro,
1741 2575 1777 2598 cui
1795 2575 1882 2598 titulus:
1897 2576 2016 2599 Tnectatus
2031 2576 2061 2599 de

1219 2618 1277 2638 statu
1294 2616 1405 2638 virtutum
1423 2615 1491 2645 (inter
1507 2622 1578 2644 opera
1599 2615 1719 2644 Bernardi)
1728 2632 1733 2642 ,
1747 2621 1769 2643 p.
1786 2615 1810 2637 ll.
1821 2621 1845 2637 0.
1856 2615 1894 2637 20.
1905 2615 1965 2637 Vide
1977 2617 2023 2637 10111
2036 2615 2060 2638 Il.

1219 2660 1274 2683 pag.
1292 2655 1363 2683 1013,
1380 2658 1433 2677 0013
1450 2656 1477 2683 2,
1495 2654 1534 2678 ubi
1551 2655 1620 2677 etiam
1645 2653 1717 2676 verba
1743 2654 1846 2682 Hugonis
1870 2656 1923 2677 sunt
1939 2654 2014 2676 allam.
2029 2665 2061 2671 —

1220 2694 1242 2716 ln
1260 2695 1303 2716 hoc
1320 2700 1369 2722 arg.
1386 2695 1470 2717 desinit
1486 2695 1512 2717 Α.
1530 2693 1653 2722 Sequentia
1670 2699 1698 2716 ex
1714 2693 1763 2716 solo
1780 2694 1799 2716 D
1815 2695 1888 2716 sumta
1906 2687 1967 2715 sunt.
1988 2723 1995 2726 ¹

1283 2731 1302 2744 ¹⁰
1319 2733 1386 2756 Num.
1402 2734 1430 2756 9:
1448 2734 1477 2756 Αι
1493 2739 1576 2761 parum
1594 2735 1628 2755 est
1649 2738 1700 2754 esse
1724 2731 1853 2755 subiectum
1870 2732 1942 2755 Deo...
1966 2733 2061 2758 propter

1208 2772 1306 2799 'Deum;
1323 2772 1372 2795 sive
1389 2772 1465 2795 abbati
1489 2775 1599 2800 tanquam
1621 2772 1777 2799 praecellenti,
1802 2771 1852 2794 sive
1875 2769 1992 2799 prioribus
2015 2772 2061 2792 130-

1219 2817 1291 2840 quam
1308 2810 1337 2834 ab
1354 2818 1382 2834 00
1399 2811 1534 2835 constitutis.
1550 2812 1598 2839 Ego
1615 2811 1667 2839 plus
1684 2811 1750 2839 dico,
1765 2802 1865 2833 subdu-'e
1881 2808 1989 2837 paribus,
2006 2809 2063 2832 sub-

1221 2851 1275 2873 dere
1292 2853 1314 2873 et
1331 2850 1519 2879 minoribus;si0
1530 2850 1593 2874 enim
1610 2849 1672 2874 decet
1688 2856 1744 2879 nos,
1757 2849 1831 2878 inquit
1849 2848 1939 2878 [Matth.
1959 2848 1984 2875 3,
1999 2848 2060 2879 15.],

1220 2896 1313 2914 omnem
1330 2890 1428 2921 implere
1443 2889 1566 2914 iustitiam.
