2285 3398
5 1481 7 1484 -
27 1473 85 1490 testas
96 1477 157 1492 sater-

599 200 640 228 ltE
663 200 881 229 l‘ffltl-'liC'l'lONli
903 199 1101 228 Ev.th;El.le.t
1124 199 1256 234 QUAEST.
1282 200 1320 227 lv.
1344 200 1414 228 Ant.
1440 200 1477 227 ΙΙΙ.
1849 202 1900 229 1117

252 279 276 305 9.
300 278 335 305 Ad
358 277 424 306 illud
445 279 518 314 quod
539 278 676 311 obiicitur,
699 278 771 314 quod
793 278 839 314 qui
862 278 943 306 haliet
963 285 1010 314 po-

174 326 297 353 testatem
319 324 485 352 ordinariam
514 326 601 360 potest
629 332 689 352 cam
716 323 793 352 altcri
823 323 1010 355 committere;

32 370 331 405 Triplexjuris-dicendum,
347 370 419 407 quod
439 370 590 399 iurisdictio
611 373 652 399 est
672 371 699 398 in
722 370 819 406 triplici
841 370 1009 399 differentia:

68 402 130 421 ‘mm'
171 417 304 455 quaedam
325 417 480 454 smm'plena
501 420 527 445 et
549 417 667 445 totaliter
693 417 801 445 aliunde
829 417 1009 449 descendens,

171 468 197 493 ct
219 465 285 492 llaec
313 472 365 492 non
391 467 480 501 potest
500 464 632 492 committi
654 472 704 500 pro
725 464 765 492 sui
789 463 1009 500 imperfectiorum

44 517 157 537 Notandum.
171 511 304 548 quaedam
325 513 416 540 autem
432 519 447 539 e
461 511 599 539 contrario
611 510 779 547 plenissima
791 533 796 541 ,
808 513 834 538 et
850 511 930 543 llaec,
946 509 1007 546 quia

171 566 278 586 summa
298 560 354 591 cst,
369 566 423 586 non
444 560 532 594 potest
552 565 611 586 esse
632 557 683 585 nisi
706 557 730 585 in
753 566 808 585 uuo
823 557 903 585 simul
924 559 951 584 ct
969 564 1009 584 sc-

170 604 238 635 mclz
260 607 287 632 et
308 604 368 633 ideo
388 612 442 632 non
464 605 553 641 potest
573 604 704 632 committi
726 603 820 634 alteri.
842 603 915 631 unde
941 604 1009 639 Papa

171 658 224 678 non
247 653 334 686 potest
355 651 443 679 facere
473 650 540 678 alios
570 651 670 687 Papas;
692 649 824 686 quaedam
852 652 943 677 autem
969 652 1009 677 est

170 696 282 729 media,
297 705 368 733 quae
383 697 541 725 ordinaria
561 700 618 730 est,
633 704 681 725 nec
704 699 792 724 tamen
814 699 855 724 cst
875 704 1008 726 summa:

170 746 197 770 et
217 742 284 771 haec
305 743 430 780 quidem,
453 744 518 780 quia
538 743 655 780 quodam
681 743 760 771 modo
783 742 902 779 perfecta
922 744 963 770 cst
983 745 1009 770 et

171 789 399 825 multiplicabilis,
431 790 562 818 committi
593 792 683 826 potest
712 789 812 820 alteri:
839 797 887 818 nee
919 792 1008 817 tamen

171 835 314 869 amittitur,
326 844 389 864 cum
404 836 485 865 etiam
500 836 590 869 datur,
603 836 629 864 in
642 838 776 872 quantum
790 838 832 864 est
845 834 1008 872 spiritualis

43 889 156 908 Notanmim.
170 883 305 917 potestas.-
321 882 386 918 quia
406 882 433 910 in
455 883 507 911 hoc
526 882 657 911 differunt
678 881 849 918 spiritualia
869 890 885 909 a
909 889 1008 917 corpo-

170 927 294 960 ratibus,
310 928 382 964 quod
398 928 579 966 corporalia,
595 936 658 957 cum
671 929 781 962 dantur,
798 928 889 956 minus
904 927 1008 963 integre

170 974 357 1010 possidentur;
373 975 542 1013 spiritualia
553 984 627 1009 vero,
639 984 702 1004 cum
717 975 931 1007 distribuuntur,
944 977 1008 1001 tunc

170 1021 277 1056 plenius
306 1022 496 1058 possidentur,
518 1022 589 1051 sicut
616 1022 696 1051 etiam
728 1022 755 1050 in
783 1022 853 1050 dono
881 1020 1007 1049 scientiae

41 1075 156 1095 Notandum.
170 1067 310 1096 manifeste
335 1068 451 1097 videtur.
467 1069 542 1097 Unde
563 1069 625 1097 licet
649 1076 776 1097 summus
797 1067 918 1096 Pontifex
934 1074 1007 1095 com—

170 1114 290 1142 municet
310 1114 369 1142 aliis
390 1114 619 1148 iurisdictionem,
642 1123 695 1143 non
717 1118 806 1143 tamen
828 1121 863 1142 ex
886 1113 936 1141 hoc
961 1121 1007 1149 pa-

170 1160 237 1188 titur
258 1160 367 1197 aliquod
388 1161 599 1195 detrimentum,
621 1161 686 1198 quia
706 1168 849 1197 nunquam
871 1159 909 1188 sie
935 1167 1007 1187 com-

170 1206 252 1234 mittit
273 1215 320 1235 nec
342 1207 512 1236 committere
532 1209 636 1244 potest,
658 1207 731 1244 quod
762 1207 881 1243 aliquem
911 1214 927 1233 a
958 1213 1008 1234 sua

169 1253 271 1281 eximat
292 1256 432 1290 potestate.

239 1301 291 1340 10,
315 1300 351 1328 Λᾶ
373 1300 439 1329 illud
460 1300 533 1337 quod
553 1300 696 1334 obiicitur,
712 1300 784 1337 quod
802 1308 896 1329 omnes
918 1308 1007 1328 sacer—

169 1346 245 1374 dotes
267 1355 346 1383 pares
366 1350 430 1376 sunt
451 1347 479 1375 in
500 1350 632 1384 potestate
653 1346 811 1375 conficiendi
826 1357 831 1379 ;
846 1346 1007 1380 dicendum,

169 1393 241 1430 quod
270 1402 323 1423 non
354 1397 395 1422 est
426 1394 533 1423 simile:
555 1394 620 1431 quia
639 1396 758 1431 potestas
783 1393 941 1430 conficiendi
967 1397 1008 1423 est

40 1448 111 1472 Duplex
125 1441 326 1473 mes-sentiatis
357 1441 572 1474 cliaracteri,·et
592 1441 666 1474 ideo,
688 1441 759 1469 sicut
780 1441 923 1469 character
953 1449 1007 1469 non

170 1487 302 1524 recipitur
323 1487 350 1515 in
371 1487 486 1516 diversis
506 1487 593 1524 magis
624 1495 673 1516 nec
704 1487 811 1521 minus,
833 1488 871 1516 sic
893 1495 942 1516 nec
962 1488 1009 1516 illa

170 1536 295 1570 potestas.
318 1534 373 1561 Non
405 1533 443 1561 sic
473 1536 514 1561 est
544 1533 578 1562 de
598 1536 730 1570 potestate
750 1534 922 1569 absolvendi,
944 1534 1009 1571 quia

169 1579 219 1607 ista
239 1579 416 1616 consequitur
447 1579 633 1608 characterem
658 1580 852 1609 sacerdotalem
877 1584 1008 1617 tanquam

28 1633 156 1654 nationoian-
169 1626 219 1655 sibi
240 1628 383 1654 annexa&
400 1642 436 1646 -—
452 1626 528 1654 Ratio
547 1629 640 1655 autem
661 1626 745 1655 huius
765 1630 822 1661 est,
837 1627 902 1664 quia
920 1628 1009 1667 prima

77 1658 107 1677 ‘¹²'
167 1676 286 1710 potestas
300 1676 341 1702 est
354 1676 473 1710 potestas
494 1672 640 1707 absoluta,
656 1673 723 1701 haec
737 1676 829 1701 autem
850 1677 891 1702 est
915 1674 1008 1702 relata

167 1720 207 1748 ad
227 1720 366 1754 allerimi,
389 1720 514 1749 videlicet
534 1719 568 1748 ad
594 1727 726 1756 personas
754 1719 960 1753 subiectorum;
982 1723 1009 1748 et

167 1765 227 1795 ideo
253 1765 431 1795 diversificari
460 1765 543 1794 habet
570 1765 722 1794 secundum
746 1765 933 1793 diversitatem
961 1774 1007 1802 po-

166 1815 295 1841 testatum
323 1815 350 1841 et
376 1812 513 1850 graduum
541 1811 699 1841 facientium
725 1811 849 1840 ordinem
874 1811 902 1839 in
923 1812 1008 1840 eccle-

167 1859 274 1888 siastico
295 1860 459 1896 principatu.
782 1885 784 1887 .

248 1908 290 1934 ll.
313 1907 350 1935 Ad
372 1907 439 1935 illud
459 1906 533 1943 quod
553 1906 697 1940 obiicitur,
713 1906 786 1943 quod
807 1905 946 1942 plenitudo
961 1914 1007 1942 po-

168 1953 272 1981 testatis
291 1961 308 1981 a
329 1954 408 1981 Petro
429 1953 583 1982 immediate
604 1954 725 1983 manavit
738 1954 766 1982 in
791 1953 952 1989 collegiumz
968 1953 1007 1981 di-

27 1494 82 1513 dotii.

26 2007 100 2030 Duplex
113 2007 156 2026 auls
169 1998 300 2032 cendum,
316 2000 389 2036 quod
403 2002 523 2036 potestas
543 2000 690 2037 dupliciter
710 2000 811 2029 dicitur
832 2008 890 2029 esse
912 1999 938 2028 in
959 2000 1007 2027 ali·
1030 2003 1034 2007 ‘

53 2033 129 2049 '‘mum'‘
168 2052 241 2080 quo:
264 2045 306 2072 vel
327 2045 398 2073 sicut
419 2046 446 2074 in
474 2047 597 2075 subiecto
623 2046 793 2081 szcstinence,
816 2047 858 2075 vel
889 2047 959 2075 sicut
980 2047 1007 2074 in

167 2089 337 2127 (Iefi'l'ellte2.
371 2091 461 2119 Primo
492 2092 572 2120 modo
602 2093 742 2129 plenitudo
770 2094 910 2130 potestatis
937 2101 1006 2121 nun-

169 2145 251 2173 quam
273 2140 384 2165 estnec
405 2138 456 2166 fuit
487 2138 537 2166 nisi
569 2139 596 2166 in
627 2148 697 2173 uno,
719 2141 808 2177 primo
838 2141 949 2178 quidem
980 2141 1007 2169 in

167 2184 291 2218 Christo,
317 2184 438 2213 secundo
465 2185 492 2212 in
520 2185 614 2218 Petro,
641 2185 768 2223 deinceps
795 2187 821 2215 in
850 2195 1007 2216 successore

41 2240 154 2261 rotandum.
168 2231 269 2268 ipsius,
285 2231 387 2260 scilicet
409 2231 536 2260 Pontifice
558 2232 685 2259 Romano.
701 2233 750 2260 Sed
768 2234 834 2269 quia
853 2234 1007 2263 subiectum

167 2279 241 2307 illius
262 2278 403 2315 potestatis
424 2281 466 2307 cst
486 2286 603 2315 persona
622 2278 763 2313 mortalis;
784 2278 844 2307 ideo
869 2280 907 2308 sic
934 2281 1006 2309 ordi-

167 2325 242 2353 navit
256 2325 382 2354 Christus
403 2328 430 2354 et
450 2325 568 2362 Spiritus
582 2324 654 2357 eius,
670 2325 743 2361 quod
763 2325 797 2353 ab
817 2334 874 2354 uno
888 2326 1006 2356 deferre—

168 2374 213 2401 tur
234 2374 353 2409 potestas
375 2373 441 2401 haec
455 2372 488 2401 ad
503 2380 607 2406 unum,
622 2380 676 2400 non
691 2380 740 2409 per
754 2372 826 2401 viam
841 2373 945 2407 carnis⁷
961 2375 1007 2403 sed

168 2419 297 2455 spiritus,
318 2427 389 2455 quae
410 2419 521 2456 quidem
541 2422 583 2448 est
603 2419 714 2453 electio,
729 2419 756 2448 in
777 2427 833 2456 qua
853 2418 879 2447 in
901 2420 1007 2449 consor-

168 2465 262 2493 mitate
283 2465 438 2493 animorum
463 2466 572 2502 operari
592 2465 673 2495 debet
693 2466 810 2503 Spiritus
838 2469 948 2495 sanctus
974 2467 1007 2496 ad

168 2512 389 2540 constituendum
415 2520 511 2540 unum.
534 2512 565 2540 Et
595 2512 661 2549 quia
690 2513 877 2550 principaliter
908 2514 1008 2543 residet

168 2558 195 2585 in
217 2566 287 2591 uno,
303 2558 362 2586 ideo
377 2558 563 2595 principaliter
577 2559 730 2588 obedientia
742 2560 943 2594 ‘universorum
965 2569 1007 2590 re-

231 2737 238 2750 ¹
256 2738 300 2761 Cfr.
318 2740 354 2761 lv.
372 2740 433 2762 Scut.
450 2740 473 2761 d.
494 2740 528 2761 19.
545 2746 565 2761 a.
583 2740 604 2761 2.
621 2746 644 2768 q.
661 2741 683 2762 ⁴2.
694 2752 725 2757 —
741 2741 815 2764 Codd.
832 2747 953 2769 perperam
966 2729 1005 2766 aii-

168 2782 264 2798 nesam.

230 2813 239 2827 ’
256 2815 302 2838 Csr.
318 2817 342 2838 ll.
360 2817 420 2838 Sent.
437 2817 461 2847 ‘¹5
481 2817 513 2838 13.
531 2822 550 2838 a.
569 2817 590 2838 3.
606 2823 630 2845 q.
647 2818 669 2840 2.
687 2817 708 2839 in
725 2819 770 2840 sine
787 2824 851 2845 corp.
868 2822 890 2842 et
901 2824 991 2849 quaest.

230 2852 240 2865 ⁸
257 2855 420 2883 Supplevimus
438 2855 476 2881 i11,·
494 2855 510 2877 E
527 2848 605 2877 scribit
620 2855 667 2885 sitit
682 2856 707 2879 in
722 2857 840 2887 fidelium,
859 2858 879 2880 D
895 2859 941 2888 suit
957 2859 1006 2890 infi-

168 2891 262 2915 delium.

229 2930 239 2942 ⁴
257 2932 383 2960 {lespicitur
400 2934 435 2955 Ps.
458 2933 498 2959 62,
518 2932 552 2954 12.
569 2932 614 2954 Csr.
628 2932 653 2955 C.
675 2933 789 2961 Quanti-[s
809 2934 934 2959 universae
952 2936 1006 2965 (3.)‚

168 2970 223 2992 Dist.
240 2971 276 2992 21.
294 2974 314 2993 et
332 2972 356 2994 (ἶ.
373 2971 530 2995 Sacrnsancla
552 2976 655 2994 romana
672 2972 721 3001 (2.),
738 2973 794 2994 Dist.
811 2973 850 2994 22.
869 2973 882 3001 {3
904 2975 921 2996 1.
932 2987 963 2991 -
974 2975 1007 2997 De

1067 277 1154 305 fertur
1175 277 1207 304 ad
1232 285 1332 310 unumy
1355 278 1422 305 citi-a
1443 287 1523 314 qucm
1548 287 1593 305 nec
1616 280 1715 306 statum
1746 278 1825 306 liabct
1853 286 1899 305 nec

1066 324 1303 359 complementum.

1147 370 1189 397 12.
1212 370 1249 397 Ad
1271 371 1335 398 illud
1358 371 1428 407 quod
1453 371 1596 404 obiicitur,
1626 372 1696 407 quod
1727 372 1747 398 si
1776 378 1900 398 summus

1067 416 1186 444 Pontifex
1210 417 1404 452 plenitinlincm
1427 417 1505 445 liabct
1521 418 1689 445 :uictoritatis
1709 426 1724 445 a
1748 407 1832 447 Petro,
1849 425 1899 444 non

1065 463 1145 491 debet
1166 463 1247 491 simul
1270 463 1381 500 iungere
1403 465 1590 492 :uictoritatcm
1614 465 1681 492 l¹ctri
1705 467 1730 492 et
1753 464 1840 496 l’auli;
1862 463 1900 491 ‹li-

1066 510 1197 543 ceudum,
1229 510 1300 546 quod
1333 511 1472 546 plenitudo
1503 511 1685 539 ant-loricatis
1718 510 2044 557 principaliternaugerum*-

1065 556 1116 584 fuit
1137 556 1163 584 in
1186 557 1263 585 l'ctro
1284 559 1310 585 ct
1325 557 1507 593 singulariter.
1525 558 1573 584 Sed
1589 557 1717 593 quoniam
1735 557 1832 584 Paulus
1847 556 1900 592 ple-
1942 544 1980 557 Μ
1996 545 2014 557 ’)’

1066 603 1188 631 nitudine
1208 611 1273 631 suae
1294 603 1452 640 sementim
1467 606 1493 631 ct
1509 603 1677 631 litteraturae
1698 602 1901 631 efficacissimus

1065 649 1116 677 suit
1138 649 1186 677 in³
1208 649 1357 678 infidelium
1380 649 1557 678 conversione
1578 653 1604 677 ct
1625 649 1853 685 prudentissimus
1874 649 1899 676 in

1066 696 1151 732 ipsius
1172 696 1304 725 Ecclesiae
1325 696 1538 732 gubernatione,
1560 696 1596 724 ila
1617 696 1688 732 quod
1708 696 1783 733 quasi
1807 696 1832 724 in
1854 696 1901 723 ali—

1065 742 1166 779 quibus
1186 742 1330 771 videbatur
1352 743 1484 779 Apostolis
1508 743 1606 771 ceteris
1633 750 1691 771 esse
1719 742 1900 779 pracwlsiom

1065 797 1098 817 ne
1119 789 1254 817 contentio
1276 792 1402 826 surgeret
1423 789 1493 818 inter
1515 797 1702 823 successores,
1724 789 1825 825 Spiritu
1841 796 1901 817 san-

1064 838 1108 863 cto
1128 835 1254 869 dictante,
1277 836 1327 873 noc
1349 836 1449 864 factum
1478 839 1533 870 est,
1562 839 1593 864 ut
1620 839 1737 872 uterque
1765 835 1790 863 in
1819 843 1900 863 unam

1064 882 1204 911 deveniret
1225 883 1376 916 civitatem,
1399 882 1425 910 in
1448 891 1503 919 qua
1524 885 1550 911 et
1565 882 1644 910 simul
1660 882 1806 910 morientes
1821 881 1902 910 unius

1064 929 1251 965 pontificatum
1272 929 1404 958 Ecclesiae
1419 929 1444 957 in
1462 930 1531 958 urbe
1553 930 1670 957 Romana
1692 929 1850 961 fundarent,
1872 931 1902 956 ut

1064 983 1100 1003 ex
1122 975 1172 1003 lioc
1193 976 1341 1012 scrupulus
1362 976 1449 1004 onmis
1470 976 1671 1005 controversiae
1686 978 1812 1004 cessaret.
1828 974 1902 1003 [Ynfle
1915 981 2029 1001 Νοιεηαυω,

1065 1022 1164 1050 Paulus
1185 1022 1252 1050 nillil
1273 1022 1374 1051 addidit
1388 1030 1495 1051 summo
1511 1023 1629 1051 Pontifici
1652 1025 1785 1059 quantuni
1800 1022 1833 1049 ad
1844 1022 1901 1058 ple-

1064 1068 1224 1096 nitudinem
1242 1069 1406 1104 potestatis,
1429 1077 1499 1105 quae
1521 1069 1571 1097 fuit
1592 1069 1618 1096 in
1641 1069 1733 1101 Petro,
1756 1069 1801 1097 sed
1816 1076 1901 1105 quan-

1065 1116 1122 1142 tum
1144 1114 1176 1142 ad
1198 1115 1385 1148 euidentiam,
1417 1118 1447 1143 ut
1475 1115 1646 1143 obstruatur
1674 1124 1704 1143 os
1730 1114 1900 1152 loquentiimn

1065 1160 1199 1198 iniqua&
1222 1163 1248 1188 et
1273 1161 1394 1189 maxime
1414 1162 1596 1194 Graecorum,
1619 1161 1664 1197 qui
1693 1161 1726 1189 de
1754 1161 1812 1196 pari
1840 1169 1902 1189 con-

1064 1206 1175 1235 tendere
1196 1207 1324 1235 volebant
1338 1215 1400 1235 cum
1417 1207 1535 1235 Ecclesia
1554 1208 1680 1235 Romana.
1704 1207 1816 1242 Propter
1830 1207 1902 1242 quod
1927 1214 1954 1240 υς
1967 1214 2043 1240 emen

1064 1255 1090 1281 et
1111 1252 1183 1281 iusto
1203 1253 1250 1281 Dei
1273 1252 1385 1286 iudicio,
1400 1253 1491 1281 minus
1506 1253 1574 1281 bene
1593 1253 1739 1281 sentientes
1753 1252 1785 1280 de
1800 1252 1903 1280 imitate
1913 1238 2043 1256 ⁵⁰¹¹¹⁵m³²¹c¹³'

1064 1299 1159 1336 capitis
1180 1302 1207 1327 et
1228 1299 1298 1327 male
1321 1302 1461 1327 servantes
1482 1300 1613 1328 unitatem
1637 1299 1785 1333 Ecclesiae,
1806 1306 1904 1327 excae-

1064 1346 1115 1375 cati
1137 1349 1216 1380 sunt,
1238 1345 1382 1374 ut'minus
1402 1345 1471 1374 bene
1492 1346 1609 1374 sentiant
1621 1346 1654 1374 de
1669 1345 1772 1373 unitate
1787 1345 1904 1381 Spiritus

1064 1393 1164 1426 sancti,
1187 1393 1233 1430 qui
1257 1396 1387 1429 tanquam
1401 1400 1477 1421 amor
1500 1393 1585 1421 Patris
1606 1395 1633 1421 et
1653 1392 1708 1420 Filii
1731 1392 1765 1419 ab
1786 1394 1904 1429 utroque

1064 1439 1194 1477 procedit.
1217 1439 1291 1468 Unde
1313 1439 1428 1473 l‘auluS,
1450 1439 1562 1468 veniens
1589 1440 1714 1473 Romam,
1744 1441 1774 1467 ut
1802 1439 1905 1467 viveret

1064 1487 1116 1516 sub
1143 1486 1193 1515 alis
1221 1486 1291 1515 Petri
1320 1494 1408 1523 usque
1436 1485 1469 1514 ad
1491 1489 1624 1520 mortem,
1650 1486 1717 1515 nihil
1742 1485 1815 1514 aliud
1842 1485 1904 1513 fecit

1064 1543 1147 1572 quam
1168 1533 1413 1567 commonefacere,
1435 1533 1601 1562 Graecorum
1623 1534 1767 1562 Ecclesiam
1793 1532 1903 1561 subesse

1064 1582 1199 1610 Romanae
1228 1580 1360 1610 Ecclesiae
1382 1588 1470 1617 usque
1492 1580 1518 1608 in
1540 1581 1638 1615 finem,
1659 1588 1694 1609 ne
1714 1580 1799 1609 sancti
1821 1579 1904 1621 Spiri-

1065 1630 1110 1656 tus
1130 1627 1259 1664 perderet
1278 1627 1418 1656 unitatem.
1442 1627 1511 1663 Quia
1535 1635 1601 1664 ergo
1628 1635 1753 1656 summus
1782 1625 1900 1655 Pontifex

1064 1674 1221 1710 exprimere
1235 1674 1315 1703 debet
1327 1674 1353 1702 in
1365 1674 1422 1703 suis
1434 1674 1531 1702 litteris
1545 1674 1685 1710 potestatis
1698 1673 1903 1711 plenitudinem,

1065 1728 1118 1749 non
1147 1723 1253 1749 tantum
1282 1721 1474 1750 universaliter
1486 1721 1506 1755 ⁵,
1528 1728 1626 1749 verum
1654 1721 1735 1749 etiam
1756 1719 1903 1752 evidenter,

1065 1775 1119 1794 non
1148 1769 1253 1795 tantum
1282 1768 1458 1801 sufficienter,
1484 1775 1581 1796 verum
1609 1767 1691 1796 etiam
1716 1767 1903 1798 abundanterz

1065 1812 1125 1840 ideo
1146 1814 1337 1842 auctoritatem
1358 1814 1490 1851 exprimit
1510 1814 1665 1851 utriusque.

1146 1859 1189 1887 13.
1211 1860 1247 1888 Ad
1269 1860 1336 1889 illud
1357 1861 1430 1897 quod
1451 1861 1595 1895 obiicitur,
1623 1861 1720 1899 quodsi
1744 1868 1838 1890 omnes
1857 1860 1903 1889 (le-

1064 1905 1130 1933 lient
1149 1905 1259 1934 obedire
1280 1907 1343 1940 uni,
1366 1908 1439 1944 quod
1457 1916 1530 1937 unus
1550 1908 1630 1937 debet
1651 1908 1795 1944 providere
1817 1907 1904 1935 omni-

1064 1951 1134 1984 bus;
1157 1951 1317 1985 dicendum,
1343 1954 1416 1990 quod
1437 1955 1485 1983 etsi
1508 1963 1602 1983 omnes
1622 1955 1738 1983 debeant
1759 1954 1812 1982 um?
1839 1954 1901 1982 obe-
1917 1961 2021 1980 sonandum

1064 1997 1138 2030 dire,
1160 2005 1214 2025 non
1236 2000 1325 2026 tamen
1353 2000 1407 2028 imi
1433 2001 1503 2034 soli,
1531 2001 1596 2038 quia
1624 2009 1673 2029 nee
1701 2009 1773 2029 unus
1801 2000 1903 2036 ubique

1064 2046 1153 2080 potest
1179 2051 1253 2077 esse,
1279 2052 1328 2073 nec
1352 2054 1425 2074 unus
1453 2047 1557 2084 ubique
1584 2052 1673 2084 potest
1700 2048 1814 2085 singulis
1841 2055 1903 2083 pro-

1064 2091 1164 2119 videre.
1191 2090 1252 2119 Ideo
1272 2092 1391 2128 providit
1411 2092 1501 2122 (lirina
1523 2095 1709 2131 providentia,
1732 2095 1825 2132 plures
1845 2102 1904 2122 esse

1064 2138 1240 2167 intermedios
1260 2139 1430 2175 praepositos
1450 2143 1477 2168 et
1497 2140 1653 2176 distinctos,
1669 2150 1718 2179 per
1733 2150 1801 2179 quos
1817 2142 1904 2169 virtus

1064 2185 1199 2222 provjsjva
1222 2192 1237 2212 a
1258 2192 1367 2213 summo
1387 2185 1564 2215 descenderet
1584 2196 1673 2225 usque
1693 2189 1726 2217 ad
1747 2189 1809 2217 ima.
1830 2187 1903 2216 Unde

1064 2232 1231 2266 Bernardus,
1253 2232 1287 2261 ad
1308 2232 1460 2269 Eugenium
1489 2233 1559 2261 libro
1584 2235 1705 2263 terti00:
1736 2248 1748 2260 «
1764 2236 1820 2263 Non
1848 2235 1904 2263 sola

1064 2283 1112 2308 tua
1132 2282 1250 2317 potestas
1270 2288 1287 2308 a
1307 2280 1439 2313 Domino;
1462 2283 1525 2308 sunt
1545 2283 1572 2308 et
1592 2281 1758 2316 mediocres,
1787 2285 1851 2310 sunt
1877 2284 1903 2309 et

1064 2327 1224 2360 inferiores;
1253 2330 1279 2356 et
1306 2327 1443 2364 quomodo
1470 2336 1541 2365 quos
1567 2327 1644 2355 Deus
1672 2328 1822 2356 conditum
1849 2336 1902 2356 non

1064 2377 1129 2402 sunt
1149 2375 1307 2410 separandi⁷
1330 2375 1368 2404 sic
1390 2382 1439 2403 nec
1460 2382 1529 2411 quos
1549 2373 1702 2402 subi'umz'c
1716 2378 1780 2402 sunt
1795 2382 1902 2410 compa-

1064 2422 1140 2450 randi
1157 2435 1183 2451 ».
1205 2424 1318 2460 Propter
1339 2422 1428 2460 quod,
1450 2422 1520 2451 sicut
1541 2421 1749 2458 particularium
1769 2421 1902 2457 praelato-

1065 2476 1127 2496 rum
1155 2473 1195 2498 est
1223 2478 1306 2499 curae
1335 2470 1494 2507 particulari
1524 2468 1679 2501 intendere,
1705 2467 1741 2496 sic
1763 2470 1790 2495 et
1817 2467 1902 2503 ipsius

1065 2516 1162 2543 summi
1185 2516 1322 2546 Pontificis
1343 2508 1427 2554 super
1448 2519 1548 2545 statum
1578 2515 1710 2544 Ecclesiae
1738 2513 1900 2550 generalem.

1064 2561 1138 2590 Unde
1170 2563 1324 2592 llernardus
1352 2564 1494 2601 subiungit
1522 2560 1640 2591 ibidem:
1671 2574 1683 2585 «
1702 2562 1846 2597 superest,
1871 2563 1901 2587 ut

1063 2750 1140 2766 errore
1163 2745 1303 2766 Graecorum
1326 2745 1367 2766 cfr.
1392 2745 1407 2766 l.
1433 2745 1494 2767 Sent.
1515 2745 1538 2767 (l.
1559 2744 1591 2766 11.
1608 2750 1631 2772 q.
1653 2743 1670 2764 l.
1686 2754 1716 2758 --
1738 2742 1831 2763 Inferius
1851 2743 1902 2768 post

1062 2783 1162 2812 Propter
1180 2782 1243 2812 qnod
1259 2783 1275 2805 E
1292 2783 1374 2805 omittit
1391 2784 1419 2805 el.

1125 2820 1134 2833 ⁵
1151 2822 1181 2844 lta
1199 2822 1243 2850 legi
1261 2824 1336 2850 potest
1353 2821 1375 2843 in
1393 2822 1424 2849 D,
1441 2823 1476 2844 vel
1495 2823 1562 2845 etiam
1581 2820 1738 2847 iiftltll·(¹liler,·
1756 2819 1771 2840 15
1789 2817 1854 2840 habet
1873 2818 1901 2838 ln-

1063 2867 1155 2883 cunam.

1124 2897 1134 2910 ⁸
1151 2899 1207 2926 Cap.
1219 2899 1240 2921 4.
1253 2906 1275 2922 n.
1290 2899 1329 2921 17:
1343 2900 1389 2921 Non
1402 2905 1458 2926 crgo
1471 2902 1507 2921 tua
1520 2901 1567 2922 sola
1580 2902 1622 2921 ctc.
1634 2897 1760 2926 ltespiciiur
1773 2896 1846 2917 Malui.
1862 2894 1898 2919 151,

1063 2938 1086 2960 6.
1103 2937 1156 2966 Seq.
1173 2938 1236 2960 locus
1254 2937 1309 2960 ibid.
1329 2945 1348 2960 c.
1366 2938 1388 2959 5
1406 2944 1428 2959 n.
1449 2938 1487 2964 19,
1509 2938 1547 2960 ubi
1566 2939 1586 2960 in
1606 2940 1664 2960 textu
1687 2934 1789 2963 originali
1809 2933 1900 2956 misser-

1062 2982 1116 2998 sum
1134 2982 1175 3003 pro
1193 2982 1293 2999 omnem.
1325 2980 1327 2982 ’
