2285 3398
915 214 993 243 1¹.st
1014 213 1055 242 vl.
1077 212 1104 241 C.
1128 212 1189 241 Xlll.
1868 213 1923 241 279

186 295 248 323 lilwt
270 298 410 331 tempore,-
432 294 478 323 sed
502 294 624 330 personis
645 294 795 327 litteratis,
818 292 940 321 honestis·
965 295 992 320 et
1012 300 1027 319 a

186 341 292 370 eunctis
315 340 584 377 iri-ef)ulmitatibzcs
605 340 723 374 alienis,
745 340 840 373 initam)
870 337 1027 372 stolintclio,

186 388 246 415 loco
266 396 362 421 sacro,
378 391 501 424 [conpore
523 387 628 415 Missae
648 390 674 415 et
696 386 870 423 [mulieribus
890 386 925 414 ab
943 385 1028 414 eecle-

186 434 294 463 siastico
323 434 382 462 iure
410 434 528 462 statutis·
555 434 655 463 ‹lt-licut
677 433 832 462 huiusmodi
854 432 964 461 ordines
988 432 1029 460 di-

187 481 323 518 speusari,
345 484 371 509 et
404 481 454 508 hoe
482 481 516 508 ah
544 481 700 518 episcopis,
722 480 824 517 quibus
852 482 964 517 propter
985 479 1028 508 sui

187 528 362 556 eminentiam
391 530 550 556 reservatur
577 528 743 564 dispensatio
763 527 907 560 ordinum,
929 526 1028 555 contir-

188 575 270 603 matio
291 583 340 611 per
362 575 561 611 impositionem
577 583 724 609 manuum,
739 574 907 603 consecratio
926 573 1029 602 monia-

189 622 255 650 lium
287 625 314 650 et
344 623 475 650 ahbatum
508 625 535 650 ct
561 622 694 651 dedicatio
722 621 936 655 ecclesiarum¹3
959 629 1029 658 quae

190 672 301 705 propter
323 669 365 697 sui
388 669 573 698 celebritatem
602 677 655 697 uon
686 668 785 697 dehent
805 668 956 705 dispensari
979 668 1029 697 nisi

188 715 222 742 ah
245 715 286 743 his
307 715 354 752 qui
375 716 476 744 habeut
498 715 740 752 praeeminentiam
764 714 911 751 potestatis.

529 809 594 837 CM).
624 809 686 836 xlll.

397 903 435 931 De
458 903 619 940 i'nleyritctte
638 902 828 930 nuttrinzont'i.

268 997 306 1024 De
327 998 502 1026 sacramento
522 996 705 1025 inatrinwnn'
736 997 786 1025 hoc
816 996 843 1024 in
865 1003 972 1024 summa
994 998 1031 1023 te-

80 1050 145 1069 Tnesis
159 1050 175 1068 ι.
191 1043 309 1071 neudum
332 1046 387 1078 est,
410 1043 483 1080 quod
509 1055 522 1068 a
537 1043 742 1072 matrimonium
764 1046 805 1071 est
825 1042 980 1071 coniunctio
997 1042 1032 1070 le-

190 1090 284 1127 gitima
304 1091 388 1119 maris
408 1094 435 1120 et
456 1091 583 1124 feminae,
605 1090 772 1119 individuam
795 1090 865 1118 vitae
886 1087 1033 1118 consuetu-

190 1136 280 1165 dinem
303 1137 423 1166 retinens
435 1138 446 1154 2
461 1149 487 1165 ».
504 1138 571 1166 llaec
592 1139 684 1165 autem
699 1135 854 1165 coniunctio
868 1144 922 1164 uon
943 1135 1033 1164 solum

191 1184 241 1212 suit
273 1188 333 1221 post
364 1188 519 1222 peceatum,
548 1192 645 1213 verum
673 1184 753 1212 etiam
786 1186 848 1212 ante
870 1186 1032 1219 peecatuiii;

191 1231 236 1259 sed
259 1232 336 1268 prius
357 1232 409 1260 fuit
435 1232 591 1261 institutum
617 1233 824 1260 Sacramentum
856 1230 974 1266 coniugii
1007 1230 1033 1258 in

191 1277 334 1315 officium,
350 1287 424 1307 nunc
438 1282 530 1307 autem
549 1286 603 1306 non
617 1278 707 1307 solum
728 1277 754 1306 in
776 1276 913 1315 officium,
936 1284 1033 1305 verum

191 1324 272 1353 etiam
294 1325 321 1353 in
343 1325 504 1354 remedium
525 1328 620 1354 contra
646 1324 765 1353 lihidinis
785 1324 933 1357 morbum;
956 1324 1034 1360 prius

193 1371 363 1408 significabat
387 1372 606 1401 coniunctionem
628 1372 676 1401 Dei
696 1374 724 1400 et
744 1371 862 1405 animae,
885 1378 959 1399 nunc
985 1379 1034 1399 au-

193 1416 251 1447 tem'
276 1422 384 1456 praeter
406 1419 457 1448 hoc
488 1418 622 1455 significat
643 1418 864 1447 coniunctionem
885 1418 986 1446 Christi
1008 1421 1035 1447 et

192 1465 325 1494 Ecclesiae
339 1469 366 1494 et
387 1466 506 1494 duarum
529 1468 692 1494 naturarum
719 1465 748 1494 in
769 1465 874 1494 unitate
892 1473 1033 1502 personae.

82 1519 147 1539 ‘rhesis
160 1519 177 1538 Ξ.
193 1528 228 1533 -
246 1512 445 1541 Ιηίνοιίασῖειιν
465 1515 557 1541 autem
587 1513 654 1541 haec
682 1512 838 1542 coniunctio
858 1513 885 1541 in
907 1521 965 1541 esse
986 1520 1035 1550 per

193 1559 311 1588 liberum
341 1567 505 1588 consensum
526 1559 683 1588 animorum
711 1567 747 1588 ex
779 1562 857 1597 parte
887 1560 1035 1596 utriusque

193 1614 341 1642 personae,
362 1606 488 1635 exterius
515 1614 680 1644 expressum
701 1606 729 1635 iu
750 1607 842 1644 aliquo
866 1607 944 1645 siguo
974 1614 1035 1635 sen-

192 1653 279 1688 sibili,
307 1653 509 1682 consummari
529 1657 621 1683 autem
647 1654 730 1683 habet
749 1654 776 1683 in
804 1654 902 1691 copula
923 1654 1034 1683 carnali.

193 1700 258 1738 Nam
280 1708 330 1737 per
351 1700 436 1729 verba
453 1700 486 1730 de
504 1701 601 1730 futuro
618 1701 721 1730 dicitur
748 1701 954 1729 matrimonium
980 1701 1035 1729 ini-

193 1741 281 1781 tz'izrz',
296 1755 346 1784 per
359 1741 447 1776 'verba
459 1747 493 1776 de
508 1748 646 1784 praesenti
660 1747 818 1785 ratificarz',
840 1747 887 1776 sed
912 1755 961 1784 per
976 1755 1036 1776 car-

82 1802 148 1820 nem
161 1801 177 1820 ³.
193 1794 282 1823 nalem
306 1794 434 1831 copulam
459 1794 541 1824 habet
561 1795 770 1823 consummari.
787 1811 823 1815 -—
839 1794 925 1822 liuius
943 1797 1036 1822 autem

193 1841 359 1870 sacramenti
388 1841 441 1870 tria
468 1844 534 1870 sunt
560 1841 648 1876 bona,
675 1841 803 1871 «scilicet
833 1841 919 1875 fides,
945 1842 1036 1877 proles

83 1896 149 1915 'rhesis
162 1896 179 1914 ι.
193 1891 220 1917 et
238 1889 445 1917 Sacramentum
456 1889 467 1905 ⁸
482 1899 509 1923 »ς
525 1892 552 1917 et
566 1888 710 1918 duodecim
731 1888 950 1926 impedimenta,
966 1897 1036 1926 quae

193 1935 346 1972 impediunt
360 1935 578 1965 contrahendum
593 1938 620 1964 et
633 1935 767 1964 dirimunt
786 1935 840 1964 iam
855 1938 1036 1970 contractum,

193 1990 264 2019 quae
278 1982 305 2010 in
320 1982 364 2011 his
378 1982 505 2011 versibus
519 1982 710 2011 continentur:

288 2061 362 2088 Error,
380 2060 492 2087 conditio,
510 2063 603 2087 totum,
621 2060 741 2088 cognatio,
759 2061 859 2088 crimen,

286 2099 367 2122 Cultus
384 2100 518 2127 disparitas,
536 2100 584 2126 xis,
601 2099 672 2127 ordo,
688 2099 802 2128 ligamen,
820 2102 938 2129 honestas;

288 2138 310 2160 Si
328 2139 359 2161 sis
376 2140 464 2166 affinis,
481 2139 499 2161 si
518 2140 575 2161 sorte
592 2138 654 2161 coire
670 2139 790 2168 nequibis:

286 2178 347 2200 Haec
364 2178 473 2200 socianda
490 2180 568 2200 vetant
584 2178 704 2206 coniugia,
722 2178 797 2201 iuncta
814 2182 944 2202 retractant.

272 2256 348 2285 Ratio
362 2259 455 2285 autem
470 2256 503 2285 ad
518 2256 724 2294 intelligentiam
745 2257 948 2294 praedictorum
971 2259 1037 2288 haec

191 2307 249 2333 est:
270 2303 335 2341 quia
358 2303 524 2341 principium
546 2306 672 2333 nostrum
693 2305 896 2341 reparathm,
915 2306 1037 2335 Verbum

117 2269 179 2288 natio.

254 2542 261 2555 ¹
279 2543 339 2566 Vide
351 2546 406 2566 tom.
418 2543 456 2565 lv.
469 2549 523 2571 pag.
536 2543 593 2570 643,
605 2545 659 2565 nota
674 2543 692 2565 1.
704 2542 750 2566 Csr.
763 2546 839 2566 tamen
851 2545 967 2568 Benedici.
976 2546 1036 2568 xw.

189 2582 255 2611 epist.
269 2582 351 2612 prima
368 2581 400 2605 ml
416 2581 498 2605 Alaban.
515 2581 653 2611 Cmnpidon.
671 2582 704 2611 (in
721 2583 850 2611 appendice
867 2586 922 2607 tom.
938 2584 974 2607 lv.
986 2585 1035 2607 eius

189 2621 304 2651 Bullarii),
323 2621 361 2644 ubi
379 2621 459 2648 docet,
476 2621 695 2644 administrationem
718 2622 896 2646 confirmationis
918 2626 940 2646 et
957 2629 1035 2646 conse-

191 2661 317 2683 crationem
335 2661 483 2683 ecclesiarum
501 2660 549 2683 sieri
567 2667 636 2689 posse
652 2667 665 2683 a
676 2661 774 2690 simplici
786 2662 917 2690 sacerdote,
929 2663 1034 2691 delegato

189 2702 268 2722 tamen
284 2706 297 2722 a
315 2701 364 2723 solo
381 2706 473 2722 summo
491 2700 608 2723 Pontifice.
624 2700 684 2723 Vide
700 2707 770 2729 supra
787 2707 807 2724 e.
824 2702 846 2724 5.

250 2738 260 2751 ⁵
278 2740 410 2762 Secundum
428 2739 556 2766 iustinian„
574 2739 668 2762 institut.
686 2739 767 2769 imper.
784 2740 823 2763 lib.
839 2741 855 2763 Ι.
872 2741 904 2764 tit.
921 2742 984 2765 §iude
996 2742 1034 2764 l’a-

164 2791 167 2793 -
189 2778 230 2800 tria
248 2781 368 2806 potestate.
383 2778 430 2801 Csr.
449 2781 503 2801 tom.
520 2778 557 2801 lV.
574 2784 630 2806 pag.
641 2778 699 2806 684,
711 2782 765 2803 nota
777 2779 799 2802 4.
809 2792 841 2797 —
852 2780 970 2803 Distinctio
982 2780 1036 2804 nnis*

188 2817 303 2845 coniugii,
321 2818 369 2841 scil.
386 2818 411 2840 in
427 2817 529 2848 officium
546 2820 568 2840 et
579 2817 604 2840 in
615 2817 757 2847 remedium,
774 2822 808 2842 est
824 2826 850 2842 ex
867 2820 977 2848 August„
994 2821 1034 2843 lx.

188 2857 218 2878 de
235 2857 293 2880 Gen.
310 2857 339 2880 ad
357 2858 388 2880 lit.
405 2863 425 2880 c.
441 2857 464 2880 7.
481 2863 504 2880 n.
522 2857 559 2880 ⁴2.
574 2869 606 2874 —
623 2856 727 2881 Subinde
743 2859 864 2887 respicitur
881 2860 939 2888 Eph.
955 2860 982 2888 5,
994 2860 1033 2883 22.

187 2902 254 2925 seqq.
271 2896 320 2925 (ubi
338 2897 367 2919 de
384 2896 545 2920 coniunctione
561 2896 643 2919 Christi
660 2899 682 2919 et
698 2897 828 2927 Ecclesiae).

236 2934 259 2947 ·⁸
276 2936 386 2964 August„
403 2936 442 2958 lx.
458 2936 488 2958 de
510 2936 567 2958 Gen.
583 2935 613 2958 ad
635 2935 667 2958 lit.
683 2942 704 2958 c.
719 2936 743 2960 7.
759 2942 783 2959 n.
800 2937 836 2964 r12.
857 2937 891 2960 De
913 2939 957 2960 hoc
979 2944 1032 2967 cap.

187 2974 241 2997 vide
263 2975 301 2997 iv.
323 2975 384 2997 sent.
407 2975 430 2997 d.
453 2974 532 2997 26-42.
549 2986 581 2991 —
597 2975 769 3003 impedimentis
794 2978 848 3004 post
869 2976 1030 3000 Tridentinum

187 3013 293 3042 (praeter
318 3014 511 3042 impedimentum
535 3013 632 3041 aetatis,
657 3014 721 3043 quod
750 3014 872 3039 includitur
900 3017 1030 3040 secundum

1084 290 1186 319 seilicet
1206 290 1394 324 incarnatum,
1416 300 1448 319 eo
1470 291 1527 328 ipso
1549 291 1621 327 ‹ploil
1652 291 1770 319 Verlitmz
1796 291 1861 323 Del,
1883 293 1924 318 est
1939 297 2034 316 Prothoe}
2048 297 2065 315 ¹.

1084 337 1151 374 sons
1172 337 1332 373 sapienciae
1354 338 1384 365 z'n
1405 338 1521 366 art-acsia-
1534 338 1562 370 ⁴:
1583 347 1615 365 eo
1645 338 1706 374 ipso
1726 337 1800 375 quod
1827 337 1925 365 iitrar-

1084 387 1204 417 mcum,
1227 387 1267 412 ost
1298 384 1460 412 clementiae
1488 385 1547 413 l'ons
1578 385 1603 412 in
1634 385 1727 419 terris;
1749 387 1776 412 et
1798 384 1872 417 ideo,
1894 392 1926 411 eo

1086 431 1144 467 ipso
1165 430 1238 466 quod
1268 430 1388 458 Verbum
1409 431 1588 464 increatum,
1610 434 1651 459 est
1678 431 1789 459 humaui
1819 430 1926 466 gutieris

1085 477 1276 515 formaticum
1299 486 1334 505 ex
1357 485 1464 505 summa
1484 478 1647 514 supientia,-
1662 487 1694 506 eo
1716 478 1773 514 ipso
1794 477 1867 514 quod
1883 477 1925 504 in-

1085 527 1260 558 carnatem,
1281 526 1323 552 est
1344 524 1429 560 ipsius
1451 524 1676 560 reformativum
1697 533 1732 553 ex
1755 533 1860 553 summa
1876 524 1927 552 clv-

1085 571 1200 600 memt'tt.
1235 570 1295 599 [deo
1326 570 1399 598 enim
1435 571 1586 599 humanum
1621 579 1707 606 genus
1738 573 1847 607 reparat
1879 578 1926 607 per

1086 617 1351 654 clementiam,,quia
1374 617 1450 653 prius
1472 617 1624 653 reparabile
1646 618 1707 645 fecit
1725 626 1759 646 ex
1781 617 1927 654 sapientia,

1087 673 1157 701 quae
1179 673 1229 701 pro
1250 672 1300 693 suo
1331 672 1439 692 summo
1466 664 1562 692 ordine
1582 664 1725 700 exigebat,
1747 664 1820 701 quod
1842 672 1928 699 genus

1088 712 1239 740 humanum
1263 711 1364 739 faceret
1385 713 1480 747 potens
1501 714 1595 745 stare,
1619 714 1714 748 potens
1735 711 1810 744 labi,
1834 714 1929 747 potem·

1087 759 1168 788 etiam
1191 758 1345 796 reparari,
1366 758 1437 787 sicut
1460 758 1485 785 iu
1518 758 1766 794 praecedentibus⁵
1788 761 1928 786 ostensum

1089 806 1147 834 t'uit.
1169 805 1302 842 Quoniam
1324 813 1389 842 ergo
1411 805 1532 833 Verbum
1554 805 1600 833 Dei
1623 805 1650 833 in
1672 814 1722 833 sua
1736 805 1866 842 sapientia
1882 805 1929 832 ho-

1089 852 1190 880 minem
1211 851 1289 885 fecit,
1305 851 1375 880 sicut
1396 854 1423 880 et
1438 852 1592 888 congruum
1608 851 1672 885 suit,
1689 854 1825 888 potentem
1842 855 1928 884 stare,

1089 899 1191 927 cadere
1211 902 1238 927 et
1258 907 1395 935 Sttryet·e;
1418 898 1480 927 hinc
1502 902 1558 932 est,
1574 898 1647 935 quod
1668 906 1755 935 genus
1778 899 1929 930 humanum

1089 953 1121 973 eo
1136 945 1216 974 modo
1231 944 1437 982 propagandum
1460 945 1611 979 ordinavit,
1633 945 1706 982 quod
1727 953 1763 974 ex
1778 945 1837 982 ipso
1852 945 1930 973 modo

1090 992 1256 1028 propagandi
1289 992 1412 1029 haberet
1437 992 1510 1029 quod
1540 992 1739 1021 manuduceret
1775 992 1865 1028 ipsum
1897 992 1930 1020 ad
1943 999 1964 1018 ῐ)Ι
1984 1000 2065 1017 statuet

1088 1039 1246 1071 staudwm·
1267 1039 1382 1067 haberet
1402 1039 1483 1067 etiam
1511 1038 1584 1075 quod
1612 1038 1811 1067 manuduceret
1833 1038 1866 1066 ad
1887 1047 1930 1066 re·
1956 1022 2046 1042 ‘emmim'

1090 1085 1233 1119 medium,
1256 1085 1327 1114 sicut
1348 1085 1429 1114 etiam
1452 1085 1478 1116 iu
1499 1085 1694 1121 propagatione
1715 1085 1760 1113 illa
1775 1089 1815 1113 est
1830 1085 1932 1122 aliquid

1090 1140 1139 1168 per
1160 1135 1319 1168 peccatum,
1335 1132 1437 1160 scilicet
1460 1131 1556 1164 libido,
1572 1131 1645 1168 quod
1661 1132 1780 1160 traducit
1794 1132 1931 1160 morbum.

1091 1179 1122 1206 Et
1143 1179 1208 1215 quia
1228 1182 1322 1207 status
1344 1178 1462 1207 hominis
1483 1181 1542 1206 erat
1563 1185 1598 1206 ex
1627 1178 1818 1207 coniunctione
1847 1178 1933 1214 ipsius

1089 1226 1197 1254 animae
1216 1226 1249 1253 ad
1272 1226 1359 1254 Deum
1380 1233 1430 1262 per
1450 1232 1571 1253 amorem
1593 1224 1731 1253 unitivum
1746 1225 1826 1253 modo
1841 1225 1934 1253 castis-

1090 1272 1175 1306 simo,
1197 1272 1329 1309 singulari
1351 1275 1378 1300 et
1399 1271 1554 1306 individu03
1576 1271 1736 1300 remedium
1758 1272 1884 1300 veniebat
1898 1280 1934 1300 ex

1090 1318 1281 1347 coniunctione
1301 1318 1409 1347 divinae
1430 1320 1545 1347 naturae
1559 1320 1586 1347 et
1602 1318 1738 1351 humanae
1753 1318 1779 1346 in
1801 1318 1935 1347 unitatem

1092 1365 1245 1402 hypostasis
1272 1368 1299 1394 et
1330 1373 1478 1408 personae,
1512 1365 1660 1399 unitatem,
1692 1365 1822 1403 inquam,
1844 1366 1936 1394 diviua

1091 1413 1179 1449 gratia
1199 1412 1384 1441 introductam
1412 1415 1443 1441 ut
1473 1412 1655 1449 simularem
1686 1416 1713 1441 et
1735 1413 1935 1442 z'mlz'viductm:

1092 1460 1155 1488 hinc
1176 1462 1232 1494 est,
1248 1459 1322 1497 quod
1342 1459 1418 1488 Deus
1434 1460 1470 1488 ab
1484 1459 1561 1488 initio
1582 1460 1715 1495 instituit,
1731 1462 1762 1489 ut
1777 1461 1936 1498 propagatio

1092 1506 1171 1535 fieret
1198 1514 1248 1543 per
1278 1506 1498 1536 coniunctionem
1526 1507 1611 1539 maris
1638 1510 1666 1536 et
1693 1507 1809 1536 feminae
1830 1507 1935 1536 indiet-

1092 1553 1185 1581 cluam
1205 1556 1232 1582 et
1259 1553 1458 1591 singularem,
1484 1562 1555 1591 quae
1580 1554 1747 1591 significaret
1778 1558 1843 1583 ante
1874 1563 1936 1591 pec·
1950 1561 2071 1585 Significatio.

1093 1602 1185 1629 catum
1216 1595 1436 1629 coniunctionem
1464 1600 1512 1629 Dei
1541 1603 1568 1629 et
1595 1601 1720 1635 animae,
1750 1609 1799 1630 seu
1830 1601 1877 1630 Dei
1910 1604 1937 1630 et

1093 1647 1292 1676 subcaelestis⁶
1315 1647 1502 1681 hierarchiae,
1521 1651 1595 1684 post,
1615 1651 1758 1684 peccatum
1786 1656 1852 1677 vero
1873 1656 1937 1677 con-

1093 1693 1260 1723 iunctionem
1281 1693 1328 1722 Dei
1354 1696 1380 1722 et
1409 1694 1545 1723 humanae
1566 1697 1697 1729 naturae,
1719 1703 1769 1724 seu
1789 1695 1890 1725 Christi
1911 1699 1938 1725 et

1094 1741 1242 1775 Ecclesiae;
1264 1743 1291 1769 et
1312 1740 1372 1769 ideo
1392 1740 1541 1778 utrobique
1561 1744 1604 1771 est
1624 1735 1864 1777 Sacramentum,
1887 1743 1938 1772 sci·
1952 1750 2061 1769 Sacramen-

1092 1788 1155 1817 licet
1176 1791 1242 1816 ame
1262 1791 1290 1817 et
1306 1792 1388 1826 post,
1411 1788 1473 1818 licet
1493 1789 1547 1818 alio
1567 1792 1594 1818 et
1615 1789 1668 1818 alio
1688 1790 1781 1824 modo,
1803 1794 1938 1828 quantum
1978 1776 2024 1793 ’ω’

1093 1835 1126 1864 ad
1147 1835 1389 1873 siqnificationem
1407 1839 1436 1865 et
1450 1845 1546 1865 usum.
1562 1837 1631 1866 Cum
1646 1837 1718 1866 enim
1738 1841 1809 1867 esset
1830 1838 1938 1867 Sacra-

1092 1886 1236 1918 mentum,
1248 1886 1397 1921 antequam
1408 1885 1600 1921 superveniret
1614 1885 1744 1920 morbus;
1757 1885 1853 1919 libido,
1868 1894 1939 1923 quae

1094 1929 1254 1967 supervenit
1274 1934 1323 1968 per
1344 1933 1503 1968 peceatum,
1525 1932 1617 1969 potius
1637 1932 1720 1961 habet
1735 1940 1784 1969 per
1798 1933 1939 1961 matrimo-

1093 1976 1170 2005 nium
1192 1977 1321 2007 excusari
1330 1984 1342 2012 ς,
1358 1986 1442 2015 quam
1462 1978 1554 2016 ipsum
1575 1979 1664 2008 valeat
1677 1979 1790 2014 vitiare;
1805 1979 1870 2017 quia
1885 1987 1939 2008 non

1093 2024 1209 2071 morbus
1235 2024 1465 2054 medicamentum
1494 2026 1663 2063 corrumpit,
1685 2026 1732 2055 sed
1757 2026 1938 2055 medicamen-

1094 2074 1153 2100 tum
1175 2072 1258 2101 habet
1284 2080 1385 2102 curare
1412 2073 1541 2102 morbum
1554 2073 1573 2102 ⁷.
1588 2074 1682 2102 —Ex
1710 2082 1766 2111 quo
1796 2074 1938 2103 manifeste

1094 2123 1223 2156 apparet,
1242 2119 1309 2157 quid
1329 2120 1367 2148 sit
1387 2120 1610 2155 matrimonium,
1625 2124 1652 2150 et
1668 2121 1787 2158 qualiter
1807 2121 1938 2150 divinitus

1093 2167 1132 2195 sit
1152 2166 1351 2195 introductum
1373 2167 1400 2196 in
1421 2176 1486 2197 esse.

1173 2214 1293 2248 Rursus,
1315 2214 1380 2251 quia
1407 2215 1546 2252 quaelibet
1576 2215 1780 2253 praedictarum
1808 2216 1937 2253 spiritua-
1950 2222 2077 2242 Prothesia.

1094 2260 1162 2289 lium
1184 2260 1317 2289 unionum
1338 2261 1365 2290 in
1388 2262 1563 2291 Sacramento
1587 2262 1752 2291 matrimonii
1774 2262 1937 2300 significata-

1095 2315 1159 2335 rum
1180 2310 1221 2336 est
1242 2308 1308 2336 unio
1329 2308 1413 2337 unius
1434 2309 1505 2338 sicut
1519 2310 1631 2347 agyentz's
1652 2313 1679 2338 et
1699 2310 1855 2344 influentis,
1870 2310 1936 2339 alte-

1092 2547 1193 2574 Bouav„
1210 2547 1247 2570 lv.
1265 2547 1327 2570 Sent.
1343 2547 1367 2570 (1.
1384 2548 1421 2570 36.
1447 2548 1518 2570 nixis.
1540 2550 1626 2575 textus,
1652 2548 1675 2570 iu
1697 2548 1862 2576 impedimento
1884 2554 1936 2571 con—

1092 2585 1196 2615 dicionis)
1215 2586 1262 2609 duo
1279 2587 1322 2609 alia
1339 2587 1512 2615 adiunguntur:

1218 2641 1240 2664 Si
1258 2641 1352 2669 parochi
1369 2644 1392 2664 et
1408 2642 1506 2670 duplicis
1523 2642 1581 2664 desit
1598 2642 1726 2670 praesentia
1744 2642 1813 2669 testis,

1217 2681 1321 2709 Raptave
1337 2681 1366 2704 sit
1383 2681 1465 2704 mulier
1481 2687 1524 2704 nec
1541 2682 1599 2710 parti
1616 2681 1705 2705 reddita
1722 2684 1791 2705 tutae.

1153 2741 1163 2754 ⁴
1180 2743 1247 2765 Eccli.
1264 2743 1290 2770 l,
1307 2743 1333 2766 5:
1350 2743 1410 2766 Fons
1427 2744 1552 2772 sapientiae
1569 2744 1668 2767 verbum
1685 2745 1725 2767 Dei
1743 2745 1765 2767 in
1782 2744 1884 2767 excelsis.

1152 2780 1162 2793 ⁶
1178 2781 1249 2804 Partis
1265 2782 1281 2804 1.
1297 2788 1318 2804 c.
1335 2782 1360 2810 ¹l;
1377 2783 1401 2805 ll.
1418 2789 1438 2806 c.
1454 2784 1477 2806 9.
1494 2789 1543 2813 seq.
1559 2786 1582 2806 et
1598 2790 1622 2812 p.
1638 2784 1671 2806 ΙΙΙ.
1688 2789 1707 2806 e.
1726 2784 1746 2805 1.

1152 2819 1161 2832 ⁰
1179 2820 1245 2848 Sive,
1262 2823 1287 2843 ut
1303 2827 1374 2850 supra
1390 2822 1482 2851 Prolog.
1498 2822 1512 2851 S
1529 2823 1551 2845 3.
1567 2825 1590 2845 et
1606 2829 1630 2851 p.
1641 2822 1678 2845 tv.
1690 2828 1710 2844 c.
1726 2822 1747 2845 3.
1763 2821 1933 2849 dicituiqvccle-

1088 2859 1197 2883 siasticae
1213 2860 1263 2883 sive
1279 2860 1406 2890 hunuzme,
1418 2868 1479 2891 quae
1496 2862 1551 2885 ibid.
1563 2861 1711 2890 distinguitur
1726 2867 1742 2884 a
1758 2860 1837 2884 divina
1855 2864 1876 2883 et
1893 2867 1933 2884 an-

1088 2899 1171 2929 gelica.
1181 2912 1213 2916 —
1224 2900 1298 2922 DGH
1315 2903 1338 2923 et
1358 2901 1363 2922 1
1384 2900 1563 2931 supercaelestis
1576 2901 1610 2930 (t).
1622 2901 1675 2923 Post
1691 2906 1764 2929 pauca
1780 2906 1822 2929 pro
1834 2900 1932 2923 coniun-

1088 2938 1187 2962 ctionem
1204 2938 1292 2963 Christi
1307 2939 1468 2963 substituimus
1485 2946 1513 2963 ex
1530 2941 1549 2963 Μ
1560 2941 1578 2962 Τ
1596 2939 1783 2963 coniunctionem
1799 2939 1848 2962 Dei.
1863 2952 1867 2956 ·

1149 2975 1158 2989 ⁷
1175 2977 1221 3001 Csr.
1240 2978 1277 3001 iv.
1295 2979 1356 3002 Sent.
1374 2979 1397 3002 d.
1415 2979 1453 3002 26.
1474 2985 1496 3002 a.
1513 2980 1535 3001 2.
1560 2985 1582 3008 q.
1606 2980 1629 3001 2.
1646 2982 1668 3001 et
1685 2979 1708 3001 d.
1725 2979 1763 3001 31.
1789 2985 1809 3001 a.
1831 2979 1853 3000 2.
1870 2984 1893 3006 q.
1913 2978 1932 2999 l.

1087 3024 1110 3039 in
1126 3023 1190 3046 corp.
