<?xml version="1.0" encoding="UTF-8"?>
<!DOCTYPE html PUBLIC "-//W3C//DTD XHTML 1.0 Transitional//EN"
    "http://www.w3.org/TR/xhtml1/DTD/xhtml1-transitional.dtd">
<html xmlns="http://www.w3.org/1999/xhtml" xml:lang="en" lang="en">
 <head>
  <title>
</title>
<meta http-equiv="Content-Type" content="text/html;charset=utf-8" />
  <meta name='ocr-system' content='tesseract 3.04.00' />
  <meta name='ocr-capabilities' content='ocr_page ocr_carea ocr_par ocr_line ocrx_word'/>
</head>
<body>
  <div class='ocr_page' id='page_1' title='image "./doctorisseraphic05bona/doctorisseraphic05bona_0544.png"; bbox 0 0 2285 3398; ppageno 0'>
   <div class='ocr_carea' id='block_1_1' title="bbox 290 153 346 181">
    <p class='ocr_par' dir='ltr' id='par_1_1' title="bbox 290 153 346 181">
     <span class='ocr_line' id='line_1_1' title="bbox 290 153 346 181; baseline -0.018 0"><span class='ocrx_word' id='word_1_1' title='bbox 290 153 346 181; x_wconf 56' lang='lat'>[166</span> 
     </span>
    </p>
   </div>
   <div class='ocr_carea' id='block_1_2' title="bbox 151 223 1150 2368">
    <p class='ocr_par' dir='ltr' id='par_1_2' title="bbox 151 223 1150 2368">
     <span class='ocr_line' id='line_1_2' title="bbox 289 223 1133 260; baseline -0.008 -2"><span class='ocrx_word' id='word_1_2' title='bbox 289 232 329 258; x_wconf 85' lang='lat' dir='ltr'>est</span> <span class='ocrx_word' id='word_1_3' title='bbox 356 229 482 257; x_wconf 75' lang='lat' dir='ltr'><em>incidere</em></span> <span class='ocrx_word' id='word_1_4' title='bbox 506 228 538 257; x_wconf 86' lang='lat' dir='ltr'>in</span> <span class='ocrx_word' id='word_1_5' title='bbox 561 236 669 256; x_wconf 85' lang='lat' dir='ltr'>manus</span> <span class='ocrx_word' id='word_1_6' title='bbox 693 227 744 255; x_wconf 89' lang='lat' dir='ltr'>Dei</span> <span class='ocrx_word' id='word_1_7' title='bbox 763 224 899 257; x_wconf 69' lang='lat' dir='ltr'>viventis,</span> <span class='ocrx_word' id='word_1_8' title='bbox 921 223 986 260; x_wconf 83' lang='lat' dir='ltr'>quia</span> <span class='ocrx_word' id='word_1_9' title='bbox 1007 224 1081 252; x_wconf 92' lang='lat' dir='ltr'>Deus</span> <span class='ocrx_word' id='word_1_10' title='bbox 1106 224 1133 252; x_wconf 92' lang='lat' dir='ltr'>in</span> 
     </span>
     <span class='ocr_line' id='line_1_3' title="bbox 288 269 1134 312; baseline -0.008 -7"><span class='ocrx_word' id='word_1_11' title='bbox 288 278 432 305; x_wconf 86' lang='lat' dir='ltr'>aeternum</span> <span class='ocrx_word' id='word_1_12' title='bbox 446 274 549 312; x_wconf 86' lang='lat' dir='ltr'>affligit.</span> <span class='ocrx_word' id='word_1_13' title='bbox 566 291 602 295; x_wconf 97' lang='lat'><strong>—</strong></span> <span class='ocrx_word' id='word_1_14' title='bbox 619 274 700 306; x_wconf 90' lang='lat' dir='ltr'>Ecce,</span> <span class='ocrx_word' id='word_1_15' title='bbox 716 272 797 309; x_wconf 74' lang='lat' dir='ltr'>oriyo</span> <span class='ocrx_word' id='word_1_16' title='bbox 813 269 920 298; x_wconf 89' lang='lat' dir='ltr'>timoris</span> <span class='ocrx_word' id='word_1_17' title='bbox 934 269 991 298; x_wconf 90' lang='lat' dir='ltr'>Dei.</span> <span class='ocrx_word' id='word_1_18' title='bbox 1006 269 1134 299; x_wconf 90' lang='lat' dir='ltr'>Conside-</span> 
     </span>
     <span class='ocr_line' id='line_1_4' title="bbox 289 316 1134 355; baseline -0.009 -3"><span class='ocrx_word' id='word_1_19' title='bbox 289 323 355 352; x_wconf 91' lang='lat' dir='ltr'>retis</span> <span class='ocrx_word' id='word_1_20' title='bbox 376 321 573 351; x_wconf 81' lang='lat' dir='ltr'>sublimitatem</span> <span class='ocrx_word' id='word_1_21' title='bbox 594 320 701 349; x_wconf 89' lang='lat' dir='ltr'>divinae</span> <span class='ocrx_word' id='word_1_22' title='bbox 725 317 877 355; x_wconf 86' lang='lat' dir='ltr'>potentiae,</span> <span class='ocrx_word' id='word_1_23' title='bbox 899 316 1134 353; x_wconf 76' lang='lat' dir='ltr'>perspicacitatem</span> 
     </span>
     <span class='ocr_line' id='line_1_5' title="bbox 288 362 1134 405; baseline -0.007 -7"><span class='ocrx_word' id='word_1_24' title='bbox 288 369 395 398; x_wconf 89' lang='lat' dir='ltr'>divinae</span> <span class='ocrx_word' id='word_1_25' title='bbox 419 368 567 405; x_wconf 77' lang='lat' dir='ltr'>sapientiae</span> <span class='ocrx_word' id='word_1_26' title='bbox 588 370 614 395; x_wconf 90' lang='lat' dir='ltr'>et</span> <span class='ocrx_word' id='word_1_27' title='bbox 642 365 816 394; x_wconf 88' lang='lat' dir='ltr'>severitatem</span> <span class='ocrx_word' id='word_1_28' title='bbox 846 363 954 391; x_wconf 85' lang='lat' dir='ltr'>divinae</span> <span class='ocrx_word' id='word_1_29' title='bbox 985 362 1134 397; x_wconf 86' lang='lat' dir='ltr'>vindictae,</span> 
     </span>
     <span class='ocr_line' id='line_1_6' title="bbox 289 415 574 446; baseline -0.018 0"><span class='ocrx_word' id='word_1_30' title='bbox 289 420 320 446; x_wconf 93' lang='lat' dir='ltr'>ut</span> <span class='ocrx_word' id='word_1_31' title='bbox 340 416 458 445; x_wconf 89' lang='lat' dir='ltr'>timeatis</span> <span class='ocrx_word' id='word_1_32' title='bbox 479 415 574 443; x_wconf 89' lang='lat' dir='ltr'>Deum.</span> 
     </span>
     <span class='ocr_line' id='line_1_7' title="bbox 372 456 1136 498; baseline -0.01 -6"><span class='ocrx_word' id='word_1_33' title='bbox 372 464 414 492; x_wconf 73' lang='lat'>14.</span> <span class='ocrx_word' id='word_1_34' title='bbox 444 462 495 491; x_wconf 85' lang='lat' dir='ltr'>Sed</span> <span class='ocrx_word' id='word_1_35' title='bbox 523 468 594 498; x_wconf 86' lang='lat' dir='ltr'>quae</span> <span class='ocrx_word' id='word_1_36' title='bbox 622 459 735 487; x_wconf 81' lang='lat' dir='ltr'>utilitas</span> <span class='ocrx_word' id='word_1_37' title='bbox 764 460 806 487; x_wconf 90' lang='lat' dir='ltr'>est</span> <span class='ocrx_word' id='word_1_38' title='bbox 834 457 861 486; x_wconf 91' lang='lat' dir='ltr'>in</span> <span class='ocrx_word' id='word_1_39' title='bbox 883 456 1004 485; x_wconf 90' lang='lat' dir='ltr'>timendo</span> <span class='ocrx_word' id='word_1_40' title='bbox 1024 456 1136 485; x_wconf 85' lang='lat' dir='ltr'>Deum?</span> 
     </span>
     <span class='ocr_line' id='line_1_8' title="bbox 176 502 1137 543; baseline -0.01 -3"><span class='ocrx_word' id='word_1_41' title='bbox 176 516 256 543; x_wconf 54' lang='lat' dir='ltr'>Parsss-</span> <span class='ocrx_word' id='word_1_42' title='bbox 290 510 361 539; x_wconf 83' lang='lat' dir='ltr'>Dicit</span> <span class='ocrx_word' id='word_1_43' title='bbox 381 509 478 538; x_wconf 85' lang='lat' dir='ltr'>Tobias</span> <span class='ocrx_word' id='word_1_44' title='bbox 491 510 519 535; x_wconf 83' lang='lat'>¹:</span> <span class='ocrx_word' id='word_1_45' title='bbox 542 506 609 535; x_wconf 90' lang='lat' dir='ltr'>Noli</span> <span class='ocrx_word' id='word_1_46' title='bbox 629 506 744 539; x_wconf 87' lang='lat' dir='ltr'>timere,</span> <span class='ocrx_word' id='word_1_47' title='bbox 759 504 803 541; x_wconf 80' lang='lat' dir='ltr'>fitz·</span> <span class='ocrx_word' id='word_1_48' title='bbox 816 504 859 532; x_wconf 87' lang='lat' dir='ltr'>mi</span> <span class='ocrx_word' id='word_1_49' title='bbox 866 514 875 537; x_wconf 91' lang='lat'>,·</span> <span class='ocrx_word' id='word_1_50' title='bbox 892 511 1053 540; x_wconf 74' lang='lat' dir='ltr'>pauperem</span> <span class='ocrx_word' id='word_1_51' title='bbox 1073 502 1137 540; x_wconf 85' lang='lat' dir='ltr'>qui-</span> 
     </span>
     <span class='ocr_line' id='line_1_9' title="bbox 156 539 1136 592; baseline -0.012 -4"><span class='ocrx_word' id='word_1_52' title='bbox 156 539 277 587; x_wconf 42' lang='grc' dir='ltr'>98111115ιῖΙΙΙΙιξιῗὶιε</span> <span class='ocrx_word' id='word_1_53' title='bbox 291 558 355 586; x_wconf 86' lang='lat' dir='ltr'>dem</span> <span class='ocrx_word' id='word_1_54' title='bbox 379 556 469 585; x_wconf 83' lang='lat' dir='ltr'>vitam</span> <span class='ocrx_word' id='word_1_55' title='bbox 493 554 634 592; x_wconf 74' lang='lat' dir='ltr'>qerimus,</span> <span class='ocrx_word' id='word_1_56' title='bbox 655 552 705 581; x_wconf 87' lang='lat' dir='ltr'>sed</span> <span class='ocrx_word' id='word_1_57' title='bbox 731 551 826 580; x_wconf 90' lang='lat' dir='ltr'>multa</span> <span class='ocrx_word' id='word_1_58' title='bbox 854 550 929 579; x_wconf 86' lang='lat' dir='ltr'>bona</span> <span class='ocrx_word' id='word_1_59' title='bbox 958 549 1136 583; x_wconf 73' lang='lat' dir='ltr'>habebimus,</span> 
     </span>
     <span class='ocr_line' id='line_1_10' title="bbox 186 595 1137 636; baseline -0.011 -3"><span class='ocrx_word' id='word_1_60' title='bbox 186 609 279 636; x_wconf 50' lang='lat' dir='ltr'>x‘alqtad</span> <span class='ocrx_word' id='word_1_61' title='bbox 291 605 319 633; x_wconf 87' lang='lat' dir='ltr'>si</span> <span class='ocrx_word' id='word_1_62' title='bbox 339 602 523 632; x_wconf 68' lang='lat' dir='ltr'>timuerimus</span> <span class='ocrx_word' id='word_1_63' title='bbox 545 600 645 628; x_wconf 80' lang='lat' dir='ltr'>Deum.</span> <span class='ocrx_word' id='word_1_64' title='bbox 668 599 706 627; x_wconf 78' lang='lat' dir='ltr'>Ad</span> <span class='ocrx_word' id='word_1_65' title='bbox 728 598 782 627; x_wconf 88' lang='lat' dir='ltr'>tria</span> <span class='ocrx_word' id='word_1_66' title='bbox 802 597 875 626; x_wconf 86' lang='lat' dir='ltr'>valet</span> <span class='ocrx_word' id='word_1_67' title='bbox 896 597 978 625; x_wconf 91' lang='lat' dir='ltr'>timor</span> <span class='ocrx_word' id='word_1_68' title='bbox 999 595 1063 629; x_wconf 83' lang='lat' dir='ltr'>Dei,</span> <span class='ocrx_word' id='word_1_69' title='bbox 1086 595 1137 624; x_wconf 88' lang='lat' dir='ltr'>sci-</span> 
     </span>
     <span class='ocr_line' id='line_1_11' title="bbox 211 635 1136 685; baseline -0.012 -5"><span class='ocrx_word' id='word_1_70' title='bbox 211 635 251 652; x_wconf 57' lang='lat' dir='ltr'>ma&#39;</span> <span class='ocrx_word' id='word_1_71' title='bbox 292 651 354 680; x_wconf 91' lang='lat' dir='ltr'>licet</span> <span class='ocrx_word' id='word_1_72' title='bbox 374 649 406 677; x_wconf 88' lang='lat' dir='ltr'>ad</span> <span class='ocrx_word' id='word_1_73' title='bbox 429 646 628 685; x_wconf 83' lang='lat' dir='ltr'>impetrandam</span> <span class='ocrx_word' id='word_1_74' title='bbox 657 645 765 674; x_wconf 90' lang='lat' dir='ltr'>divinae</span> <span class='ocrx_word' id='word_1_75' title='bbox 790 644 908 682; x_wconf 67' lang='lat' dir='ltr'>gyratiae</span> <span class='ocrx_word' id='word_1_76' title='bbox 937 642 1136 679; x_wconf 80' lang='lat' dir='ltr'>influentium,</span> 
     </span>
     <span class='ocr_line' id='line_1_12' title="bbox 290 689 1138 726; baseline -0.011 -1"><span class='ocrx_word' id='word_1_77' title='bbox 290 697 324 726; x_wconf 87' lang='lat' dir='ltr'>ad</span> <span class='ocrx_word' id='word_1_78' title='bbox 345 694 572 724; x_wconf 82' lang='lat' dir='ltr'>introducendam</span> <span class='ocrx_word' id='word_1_79' title='bbox 593 693 702 722; x_wconf 88' lang='lat' dir='ltr'>divinae</span> <span class='ocrx_word' id='word_1_80' title='bbox 723 691 853 721; x_wconf 83' lang='lat' dir='ltr'>iustitiae</span> <span class='ocrx_word' id='word_1_81' title='bbox 883 689 1084 719; x_wconf 64' lang='lat' dir='ltr'>rectitudinem</span> <span class='ocrx_word' id='word_1_82' title='bbox 1111 692 1138 718; x_wconf 88' lang='lat' dir='ltr'>et</span> 
     </span>
     <span class='ocr_line' id='line_1_13' title="bbox 291 735 1138 776; baseline -0.011 -4"><span class='ocrx_word' id='word_1_83' title='bbox 291 743 324 772; x_wconf 92' lang='lat' dir='ltr'>ad</span> <span class='ocrx_word' id='word_1_84' title='bbox 345 741 521 771; x_wconf 88' lang='lat' dir='ltr'>obtinendam</span> <span class='ocrx_word' id='word_1_85' title='bbox 542 740 650 769; x_wconf 87' lang='lat' dir='ltr'>divinae</span> <span class='ocrx_word' id='word_1_86' title='bbox 671 738 832 776; x_wconf 79' lang='lat' dir='ltr'>sapientiae</span> <span class='ocrx_word' id='word_1_87' title='bbox 854 736 1086 765; x_wconf 85' lang='lat' dir='ltr'>illustrationem.</span> <span class='ocrx_word' id='word_1_88' title='bbox 1109 735 1138 764; x_wconf 94' lang='lat' dir='ltr'>In</span> 
     </span>
     <span class='ocr_line' id='line_1_14' title="bbox 290 784 986 822; baseline -0.011 -3"><span class='ocrx_word' id='word_1_89' title='bbox 290 790 349 819; x_wconf 89' lang='lat' dir='ltr'>istis</span> <span class='ocrx_word' id='word_1_90' title='bbox 371 789 461 818; x_wconf 89' lang='lat' dir='ltr'>tribus</span> <span class='ocrx_word' id='word_1_91' title='bbox 482 787 583 817; x_wconf 88' lang='lat' dir='ltr'>omnia</span> <span class='ocrx_word' id='word_1_92' title='bbox 604 787 680 815; x_wconf 88' lang='lat' dir='ltr'>bona</span> <span class='ocrx_word' id='word_1_93' title='bbox 700 784 986 822; x_wconf 86' lang='lat' dir='ltr'>comprehenduntur.</span> 
     </span>
     <span class='ocr_line' id='line_1_15' title="bbox 372 829 1139 869; baseline -0.01 -4"><span class='ocrx_word' id='word_1_94' title='bbox 372 838 415 865; x_wconf 73' lang='lat'>15.</span> <span class='ocrx_word' id='word_1_95' title='bbox 438 835 541 869; x_wconf 89' lang='lat' dir='ltr'>Prima,</span> <span class='ocrx_word' id='word_1_96' title='bbox 563 834 639 866; x_wconf 86' lang='lat' dir='ltr'>dico⁷</span> <span class='ocrx_word' id='word_1_97' title='bbox 662 833 766 862; x_wconf 90' lang='lat' dir='ltr'>utilitas</span> <span class='ocrx_word' id='word_1_98' title='bbox 787 831 894 861; x_wconf 87' lang='lat' dir='ltr'>timoris</span> <span class='ocrx_word' id='word_1_99' title='bbox 918 830 965 859; x_wconf 87' lang='lat' dir='ltr'>Dei</span> <span class='ocrx_word' id='word_1_100' title='bbox 988 832 1045 863; x_wconf 86' lang='lat' dir='ltr'>est,</span> <span class='ocrx_word' id='word_1_101' title='bbox 1073 829 1139 866; x_wconf 90' lang='lat' dir='ltr'>quia</span> 
     </span>
     <span class='ocr_line' id='line_1_16' title="bbox 151 876 1138 917; baseline -0.011 -3"><span class='ocrx_word' id='word_1_102' title='bbox 151 889 226 908; x_wconf 65' lang='lat' dir='ltr'>Utilitas</span> <span class='ocrx_word' id='word_1_103' title='bbox 242 888 280 912; x_wconf 75' lang='lat' dir='ltr'>rri-</span> <span class='ocrx_word' id='word_1_104' title='bbox 294 884 376 913; x_wconf 91' lang='lat' dir='ltr'>timor</span> <span class='ocrx_word' id='word_1_105' title='bbox 397 882 445 911; x_wconf 90' lang='lat' dir='ltr'>Dei</span> <span class='ocrx_word' id='word_1_106' title='bbox 467 882 539 911; x_wconf 83' lang='lat' dir='ltr'>valet</span> <span class='ocrx_word' id='word_1_107' title='bbox 559 881 593 910; x_wconf 86' lang='lat' dir='ltr'>ad</span> <span class='ocrx_word' id='word_1_108' title='bbox 614 879 814 917; x_wconf 79' lang='lat' dir='ltr'>impetrandam</span> <span class='ocrx_word' id='word_1_109' title='bbox 836 877 944 906; x_wconf 86' lang='lat' dir='ltr'>divinae</span> <span class='ocrx_word' id='word_1_110' title='bbox 963 876 1081 914; x_wconf 64' lang='lat' dir='ltr'>qratiae</span> <span class='ocrx_word' id='word_1_111' title='bbox 1095 876 1138 904; x_wconf 88' lang='lat' dir='ltr'>in-</span> 
     </span>
     <span class='ocr_line' id='line_1_17' title="bbox 195 917 1140 968; baseline -0.012 -7"><span class='ocrx_word' id='word_1_112' title='bbox 195 917 232 930; x_wconf 60' lang='lat' dir='ltr'><strong>m</strong></span> <span class='ocrx_word' id='word_1_113' title='bbox 291 930 451 968; x_wconf 75' lang='lat' dir='ltr'>fluentiam.</span> <span class='ocrx_word' id='word_1_114' title='bbox 473 928 547 958; x_wconf 70' lang='lat' dir='ltr'>Lndr</span> <span class='ocrx_word' id='word_1_115' title='bbox 571 927 692 956; x_wconf 75' lang='lat' dir='ltr'>lsaias2:</span> <span class='ocrx_word' id='word_1_116' title='bbox 724 926 770 955; x_wconf 86' lang='lat' dir='ltr'>Ad</span> <span class='ocrx_word' id='word_1_117' title='bbox 797 933 881 964; x_wconf 84' lang='lat' dir='ltr'>quem</span> <span class='ocrx_word' id='word_1_118' title='bbox 901 923 1059 961; x_wconf 75' lang='lat' dir='ltr'>respiciam</span> <span class='ocrx_word' id='word_1_119' title='bbox 1080 922 1140 951; x_wconf 86' lang='lat' dir='ltr'>nisi</span> 
     </span>
     <span class='ocr_line' id='line_1_18' title="bbox 292 972 1139 1015; baseline -0.011 -9"><span class='ocrx_word' id='word_1_120' title='bbox 292 978 332 1006; x_wconf 87' lang='lat' dir='ltr'>ad</span> <span class='ocrx_word' id='word_1_121' title='bbox 349 975 568 1015; x_wconf 87' lang='lat' dir='ltr'>pauperculum</span> <span class='ocrx_word' id='word_1_122' title='bbox 589 978 613 1003; x_wconf 88' lang='lat' dir='ltr'>el</span> <span class='ocrx_word' id='word_1_123' title='bbox 634 973 792 1003; x_wconf 86' lang='lat' dir='ltr'>contritum</span> <span class='ocrx_word' id='word_1_124' title='bbox 812 972 921 1009; x_wconf 85' lang='lat' dir='ltr'>spiritu</span> <span class='ocrx_word' id='word_1_125' title='bbox 936 974 960 999; x_wconf 86' lang='lat' dir='ltr'>et</span> <span class='ocrx_word' id='word_1_126' title='bbox 975 973 1139 999; x_wconf 85' lang='lat' dir='ltr'>trementem</span> 
     </span>
     <span class='ocr_line' id='line_1_19' title="bbox 291 1018 1138 1058; baseline -0.009 -5"><span class='ocrx_word' id='word_1_127' title='bbox 291 1032 436 1053; x_wconf 77' lang='lat' dir='ltr'>sermones</span> <span class='ocrx_word' id='word_1_128' title='bbox 457 1022 558 1051; x_wconf 74' lang='lat' dir='ltr'>meos?</span> <span class='ocrx_word' id='word_1_129' title='bbox 579 1022 841 1058; x_wconf 85' lang='lat' dir='ltr'>Quantumcumque</span> <span class='ocrx_word' id='word_1_130' title='bbox 862 1019 897 1048; x_wconf 89' lang='lat' dir='ltr'>sit</span> <span class='ocrx_word' id='word_1_131' title='bbox 918 1018 1001 1047; x_wconf 90' lang='lat' dir='ltr'>homo</span> <span class='ocrx_word' id='word_1_132' title='bbox 1026 1020 1138 1054; x_wconf 90' lang='lat' dir='ltr'>potens,</span> 
     </span>
     <span class='ocr_line' id='line_1_20' title="bbox 291 1064 1141 1105; baseline -0.009 -5"><span class='ocrx_word' id='word_1_133' title='bbox 291 1071 380 1105; x_wconf 87' lang='lat' dir='ltr'>dives,</span> <span class='ocrx_word' id='word_1_134' title='bbox 403 1070 491 1099; x_wconf 89' lang='lat' dir='ltr'>sciens</span> <span class='ocrx_word' id='word_1_135' title='bbox 512 1072 539 1099; x_wconf 90' lang='lat' dir='ltr'>et</span> <span class='ocrx_word' id='word_1_136' title='bbox 559 1069 653 1102; x_wconf 87' lang='lat' dir='ltr'>fortis,</span> <span class='ocrx_word' id='word_1_137' title='bbox 668 1068 718 1097; x_wconf 91' lang='lat' dir='ltr'>nisi</span> <span class='ocrx_word' id='word_1_138' title='bbox 741 1067 835 1096; x_wconf 87' lang='lat' dir='ltr'>timeat</span> <span class='ocrx_word' id='word_1_139' title='bbox 855 1067 959 1099; x_wconf 90' lang='lat' dir='ltr'>Deum,</span> <span class='ocrx_word' id='word_1_140' title='bbox 975 1065 1042 1094; x_wconf 89' lang='lat' dir='ltr'>nihil</span> <span class='ocrx_word' id='word_1_141' title='bbox 1069 1064 1141 1093; x_wconf 89' lang='lat' dir='ltr'>valet</span> 
     </span>
     <span class='ocr_line' id='line_1_21' title="bbox 292 1111 1139 1151; baseline -0.009 -4"><span class='ocrx_word' id='word_1_142' title='bbox 292 1119 325 1148; x_wconf 88' lang='lat' dir='ltr'>ei.</span> <span class='ocrx_word' id='word_1_143' title='bbox 349 1118 424 1147; x_wconf 85' lang='lat' dir='ltr'>Unde</span> <span class='ocrx_word' id='word_1_144' title='bbox 450 1117 591 1146; x_wconf 85' lang='lat' dir='ltr'>Psalmus:</span> <span class='ocrx_word' id='word_1_145' title='bbox 621 1115 686 1144; x_wconf 87' lang='lat' dir='ltr'>Non</span> <span class='ocrx_word' id='word_1_146' title='bbox 707 1114 739 1142; x_wconf 89' lang='lat' dir='ltr'>in</span> <span class='ocrx_word' id='word_1_147' title='bbox 758 1113 932 1151; x_wconf 84' lang='lat' dir='ltr'>fortitudine</span> <span class='ocrx_word' id='word_1_148' title='bbox 953 1112 1020 1150; x_wconf 83' lang='lat' dir='ltr'>equi</span> <span class='ocrx_word' id='word_1_149' title='bbox 1039 1111 1139 1140; x_wconf 74' lang='lat' dir='ltr'>uolun-</span> 
     </span>
     <span class='ocr_line' id='line_1_22' title="bbox 293 1158 1141 1198; baseline -0.011 -4"><span class='ocrx_word' id='word_1_150' title='bbox 293 1169 379 1195; x_wconf 84' lang='lat' dir='ltr'>tatem</span> <span class='ocrx_word' id='word_1_151' title='bbox 400 1163 529 1198; x_wconf 81' lang='lat' dir='ltr'>liabebit,</span> <span class='ocrx_word' id='word_1_152' title='bbox 551 1172 601 1191; x_wconf 85' lang='lat' dir='ltr'>nec</span> <span class='ocrx_word' id='word_1_153' title='bbox 620 1163 653 1191; x_wconf 83' lang='lat' dir='ltr'>in</span> <span class='ocrx_word' id='word_1_154' title='bbox 675 1161 752 1190; x_wconf 85' lang='lat' dir='ltr'>tibiis</span> <span class='ocrx_word' id='word_1_155' title='bbox 774 1160 833 1189; x_wconf 78' lang='lat' dir='ltr'>viri</span> <span class='ocrx_word' id='word_1_156' title='bbox 854 1158 1062 1196; x_wconf 86' lang='lat' dir='ltr'>beneplacitum</span> <span class='ocrx_word' id='word_1_157' title='bbox 1086 1158 1141 1186; x_wconf 82' lang='lat' dir='ltr'>erit</span> 
     </span>
     <span class='ocr_line' id='line_1_23' title="bbox 292 1206 1139 1249; baseline -0.011 -8"><span class='ocrx_word' id='word_1_158' title='bbox 292 1213 319 1241; x_wconf 92' lang='lat' dir='ltr'>ei</span> <span class='ocrx_word' id='word_1_159' title='bbox 329 1223 339 1246; x_wconf 90' lang='lat'>‚·</span> <span class='ocrx_word' id='word_1_160' title='bbox 361 1210 568 1249; x_wconf 87' lang='lat' dir='ltr'>beneplacitum</span> <span class='ocrx_word' id='word_1_161' title='bbox 589 1213 629 1238; x_wconf 84' lang='lat' dir='ltr'>est</span> <span class='ocrx_word' id='word_1_162' title='bbox 650 1208 773 1237; x_wconf 86' lang='lat' dir='ltr'>Domino</span> <span class='ocrx_word' id='word_1_163' title='bbox 793 1215 883 1243; x_wconf 79' lang='lat' dir='ltr'>super</span> <span class='ocrx_word' id='word_1_164' title='bbox 905 1206 1031 1234; x_wconf 85' lang='lat' dir='ltr'>timentes</span> <span class='ocrx_word' id='word_1_165' title='bbox 1060 1213 1139 1238; x_wconf 85' lang='lat' dir='ltr'>eum,</span> 
     </span>
     <span class='ocr_line' id='line_1_24' title="bbox 293 1252 1142 1296; baseline -0.012 -8"><span class='ocrx_word' id='word_1_166' title='bbox 293 1263 319 1288; x_wconf 87' lang='lat' dir='ltr'>et</span> <span class='ocrx_word' id='word_1_167' title='bbox 338 1259 369 1287; x_wconf 91' lang='lat' dir='ltr'>in</span> <span class='ocrx_word' id='word_1_168' title='bbox 390 1258 430 1287; x_wconf 84' lang='lat' dir='ltr'>eis</span> <span class='ocrx_word' id='word_1_169' title='bbox 451 1257 503 1296; x_wconf 83' lang='lat' dir='ltr'>qui</span> <span class='ocrx_word' id='word_1_170' title='bbox 522 1259 643 1293; x_wconf 85' lang='lat' dir='ltr'>sperant</span> <span class='ocrx_word' id='word_1_171' title='bbox 663 1263 753 1292; x_wconf 86' lang='lat' dir='ltr'>super</span> <span class='ocrx_word' id='word_1_172' title='bbox 774 1252 979 1282; x_wconf 81' lang='lat' dir='ltr'>misericordia</span> <span class='ocrx_word' id='word_1_173' title='bbox 1003 1252 1086 1284; x_wconf 85' lang='lat' dir='ltr'>eius‚·</span> <span class='ocrx_word' id='word_1_174' title='bbox 1115 1254 1142 1279; x_wconf 85' lang='lat' dir='ltr'>et</span> 
     </span>
     <span class='ocr_line' id='line_1_25' title="bbox 294 1299 1141 1343; baseline -0.012 -8"><span class='ocrx_word' id='word_1_175' title='bbox 294 1306 439 1343; x_wconf 78' lang='lat' dir='ltr'>Apostolus</span> <span class='ocrx_word' id='word_1_176' title='bbox 453 1304 486 1333; x_wconf 88' lang='lat' dir='ltr'>ad</span> <span class='ocrx_word' id='word_1_177' title='bbox 502 1303 707 1340; x_wconf 83' lang='lat' dir='ltr'>Philippenses:</span> <span class='ocrx_word' id='word_1_178' title='bbox 732 1301 805 1330; x_wconf 88' lang='lat' dir='ltr'>Cum</span> <span class='ocrx_word' id='word_1_179' title='bbox 826 1304 903 1328; x_wconf 77' lang='lat' dir='ltr'>metu</span> <span class='ocrx_word' id='word_1_180' title='bbox 924 1303 949 1327; x_wconf 86' lang='lat' dir='ltr'>et</span> <span class='ocrx_word' id='word_1_181' title='bbox 970 1299 1071 1327; x_wconf 80' lang='lat' dir='ltr'>timore</span> <span class='ocrx_word' id='word_1_182' title='bbox 1097 1307 1141 1326; x_wconf 84' lang='lat' dir='ltr'>ve-</span> 
     </span>
     <span class='ocr_line' id='line_1_26' title="bbox 294 1345 1142 1387; baseline -0.012 -5"><span class='ocrx_word' id='word_1_183' title='bbox 294 1357 388 1382; x_wconf 84' lang='lat' dir='ltr'>stram</span> <span class='ocrx_word' id='word_1_184' title='bbox 409 1351 534 1380; x_wconf 83' lang='lat' dir='ltr'>salutem</span> <span class='ocrx_word' id='word_1_185' title='bbox 555 1348 727 1387; x_wconf 74' lang='lat' dir='ltr'>operamini.</span> <span class='ocrx_word' id='word_1_186' title='bbox 751 1348 828 1376; x_wconf 87' lang='lat' dir='ltr'>Deus</span> <span class='ocrx_word' id='word_1_187' title='bbox 847 1350 887 1374; x_wconf 89' lang='lat' dir='ltr'>est</span> <span class='ocrx_word' id='word_1_188' title='bbox 902 1345 992 1379; x_wconf 86' lang='lat' dir='ltr'>enim,</span> <span class='ocrx_word' id='word_1_189' title='bbox 1008 1345 1059 1384; x_wconf 79' lang='lat' dir='ltr'>qui</span> <span class='ocrx_word' id='word_1_190' title='bbox 1080 1353 1142 1381; x_wconf 84' lang='lat' dir='ltr'>ope-</span> 
     </span>
     <span class='ocr_line' id='line_1_27' title="bbox 295 1392 1143 1431; baseline -0.012 -3"><span class='ocrx_word' id='word_1_191' title='bbox 295 1402 384 1428; x_wconf 82' lang='lat' dir='ltr'>ratur</span> <span class='ocrx_word' id='word_1_192' title='bbox 405 1399 436 1426; x_wconf 88' lang='lat' dir='ltr'>in</span> <span class='ocrx_word' id='word_1_193' title='bbox 457 1397 536 1425; x_wconf 75' lang='lat' dir='ltr'>vobis</span> <span class='ocrx_word' id='word_1_194' title='bbox 557 1400 581 1424; x_wconf 89' lang='lat' dir='ltr'>ct</span> <span class='ocrx_word' id='word_1_195' title='bbox 602 1395 669 1424; x_wconf 82' lang='lat' dir='ltr'>velle</span> <span class='ocrx_word' id='word_1_196' title='bbox 695 1398 720 1423; x_wconf 86' lang='lat' dir='ltr'>et</span> <span class='ocrx_word' id='word_1_197' title='bbox 744 1393 883 1431; x_wconf 81' lang='lat' dir='ltr'>perficere</span> <span class='ocrx_word' id='word_1_198' title='bbox 908 1401 965 1430; x_wconf 82' lang='lat' dir='ltr'>pro</span> <span class='ocrx_word' id='word_1_199' title='bbox 993 1392 1068 1420; x_wconf 89' lang='lat' dir='ltr'>bona</span> <span class='ocrx_word' id='word_1_200' title='bbox 1095 1400 1143 1419; x_wconf 77' lang='lat' dir='ltr'>vo-</span> 
     </span>
     <span class='ocr_line' id='line_1_28' title="bbox 296 1438 1144 1480; baseline -0.011 -6"><span class='ocrx_word' id='word_1_201' title='bbox 296 1446 413 1475; x_wconf 85' lang='lat' dir='ltr'>luntale.</span> <span class='ocrx_word' id='word_1_202' title='bbox 436 1445 494 1473; x_wconf 90' lang='lat' dir='ltr'>Non</span> <span class='ocrx_word' id='word_1_203' title='bbox 515 1450 664 1480; x_wconf 87' lang='lat' dir='ltr'>possumus</span> <span class='ocrx_word' id='word_1_204' title='bbox 685 1442 788 1470; x_wconf 86' lang='lat' dir='ltr'>habere</span> <span class='ocrx_word' id='word_1_205' title='bbox 809 1440 925 1477; x_wconf 80' lang='lat' dir='ltr'>gratiam</span> <span class='ocrx_word' id='word_1_206' title='bbox 947 1438 995 1467; x_wconf 90' lang='lat' dir='ltr'>Dei</span> <span class='ocrx_word' id='word_1_207' title='bbox 1021 1438 1072 1466; x_wconf 91' lang='lat' dir='ltr'>nisi</span> <span class='ocrx_word' id='word_1_208' title='bbox 1094 1445 1144 1474; x_wconf 88' lang='lat' dir='ltr'>per</span> 
     </span>
     <span class='ocr_line' id='line_1_29' title="bbox 296 1485 1144 1527; baseline -0.012 -6"><span class='ocrx_word' id='word_1_209' title='bbox 296 1492 344 1521; x_wconf 90' lang='lat' dir='ltr'>Dei</span> <span class='ocrx_word' id='word_1_210' title='bbox 366 1492 508 1524; x_wconf 86' lang='lat' dir='ltr'>timorem,</span> <span class='ocrx_word' id='word_1_211' title='bbox 530 1489 596 1527; x_wconf 87' lang='lat' dir='ltr'>quia</span> <span class='ocrx_word' id='word_1_212' title='bbox 615 1487 821 1517; x_wconf 78' lang='lat' dir='ltr'>misericordia</span> <span class='ocrx_word' id='word_1_213' title='bbox 843 1485 962 1514; x_wconf 81' lang='lat' dir='ltr'>Domini</span> <span class='ocrx_word' id='word_1_214' title='bbox 976 1485 1012 1513; x_wconf 88' lang='lat' dir='ltr'>ab</span> <span class='ocrx_word' id='word_1_215' title='bbox 1028 1488 1144 1512; x_wconf 83' lang='lat' dir='ltr'>aeterno</span> 
     </span>
     <span class='ocr_line' id='line_1_30' title="bbox 296 1531 1144 1577; baseline -0.012 -9"><span class='ocrx_word' id='word_1_216' title='bbox 296 1543 321 1568; x_wconf 85' lang='lat' dir='ltr'>et</span> <span class='ocrx_word' id='word_1_217' title='bbox 341 1547 432 1577; x_wconf 85' lang='lat' dir='ltr'>usque</span> <span class='ocrx_word' id='word_1_218' title='bbox 453 1538 485 1566; x_wconf 88' lang='lat' dir='ltr'>in</span> <span class='ocrx_word' id='word_1_219' title='bbox 505 1540 656 1566; x_wconf 85' lang='lat' dir='ltr'>aeternum</span> <span class='ocrx_word' id='word_1_220' title='bbox 677 1543 765 1572; x_wconf 82' lang='lat' dir='ltr'>super</span> <span class='ocrx_word' id='word_1_221' title='bbox 787 1534 914 1562; x_wconf 85' lang='lat' dir='ltr'>timentes</span> <span class='ocrx_word' id='word_1_222' title='bbox 935 1540 1001 1560; x_wconf 88' lang='lat' dir='ltr'>eum</span> <span class='ocrx_word' id='word_1_223' title='bbox 1012 1531 1031 1559; x_wconf 82' lang='lat'>³.</span> <span class='ocrx_word' id='word_1_224' title='bbox 1047 1531 1144 1559; x_wconf 91' lang='lat' dir='ltr'>Nullus</span> 
     </span>
     <span class='ocr_line' id='line_1_31' title="bbox 297 1577 1143 1623; baseline -0.012 -8"><span class='ocrx_word' id='word_1_225' title='bbox 297 1586 394 1623; x_wconf 83' lang='lat' dir='ltr'>recipit</span> <span class='ocrx_word' id='word_1_226' title='bbox 414 1585 530 1622; x_wconf 84' lang='lat' dir='ltr'>gratiam</span> <span class='ocrx_word' id='word_1_227' title='bbox 551 1583 612 1617; x_wconf 82' lang='lat' dir='ltr'>Dei,</span> <span class='ocrx_word' id='word_1_228' title='bbox 634 1582 684 1611; x_wconf 92' lang='lat' dir='ltr'>nisi</span> <span class='ocrx_word' id='word_1_229' title='bbox 701 1581 748 1619; x_wconf 87' lang='lat' dir='ltr'>qui</span> <span class='ocrx_word' id='word_1_230' title='bbox 764 1581 841 1609; x_wconf 84' lang='lat' dir='ltr'>timet</span> <span class='ocrx_word' id='word_1_231' title='bbox 855 1579 952 1608; x_wconf 87' lang='lat' dir='ltr'>Deum.</span> <span class='ocrx_word' id='word_1_232' title='bbox 968 1577 1143 1607; x_wconf 88' lang='lat' dir='ltr'>Bernardus:</span> 
     </span>
     <span class='ocr_line' id='line_1_32' title="bbox 302 1624 1145 1664; baseline -0.009 -5"><span class='ocrx_word' id='word_1_233' title='bbox 302 1645 315 1659; x_wconf 84' lang='lat'>«</span> <span class='ocrx_word' id='word_1_234' title='bbox 330 1633 358 1661; x_wconf 90' lang='lat' dir='ltr'>ln</span> <span class='ocrx_word' id='word_1_235' title='bbox 380 1632 494 1661; x_wconf 86' lang='lat' dir='ltr'>veritate</span> <span class='ocrx_word' id='word_1_236' title='bbox 515 1630 609 1664; x_wconf 90' lang='lat' dir='ltr'>didici,</span> <span class='ocrx_word' id='word_1_237' title='bbox 631 1629 699 1658; x_wconf 86' lang='lat' dir='ltr'>nihil</span> <span class='ocrx_word' id='word_1_238' title='bbox 719 1635 807 1664; x_wconf 90' lang='lat' dir='ltr'>aeque</span> <span class='ocrx_word' id='word_1_239' title='bbox 828 1626 927 1654; x_wconf 85' lang='lat' dir='ltr'>efficax</span> <span class='ocrx_word' id='word_1_240' title='bbox 949 1632 1008 1654; x_wconf 85' lang='lat' dir='ltr'>esse</span> <span class='ocrx_word' id='word_1_241' title='bbox 1029 1624 1062 1652; x_wconf 89' lang='lat' dir='ltr'>ad</span> <span class='ocrx_word' id='word_1_242' title='bbox 1083 1632 1145 1660; x_wconf 85' lang='lat' dir='ltr'>gra-</span> 
     </span>
     <span class='ocr_line' id='line_1_33' title="bbox 297 1671 1145 1715; baseline -0.013 -6"><span class='ocrx_word' id='word_1_243' title='bbox 297 1681 362 1709; x_wconf 83' lang='lat' dir='ltr'>tiam</span> <span class='ocrx_word' id='word_1_244' title='bbox 384 1679 432 1708; x_wconf 91' lang='lat' dir='ltr'>Dei</span> <span class='ocrx_word' id='word_1_245' title='bbox 447 1677 672 1715; x_wconf 83' lang='lat' dir='ltr'>promerendam,</span> <span class='ocrx_word' id='word_1_246' title='bbox 687 1673 903 1704; x_wconf 86' lang='lat' dir='ltr'>conservandam</span> <span class='ocrx_word' id='word_1_247' title='bbox 919 1675 946 1700; x_wconf 86' lang='lat' dir='ltr'>et</span> <span class='ocrx_word' id='word_1_248' title='bbox 960 1671 1145 1708; x_wconf 87' lang='lat' dir='ltr'>multiplican-</span> 
     </span>
     <span class='ocr_line' id='line_1_34' title="bbox 297 1718 1145 1763; baseline -0.012 -7"><span class='ocrx_word' id='word_1_249' title='bbox 297 1727 375 1760; x_wconf 81' lang='lat' dir='ltr'>dam⁷</span> <span class='ocrx_word' id='word_1_250' title='bbox 391 1733 474 1763; x_wconf 90' lang='lat' dir='ltr'>quam</span> <span class='ocrx_word' id='word_1_251' title='bbox 489 1724 511 1754; x_wconf 89' lang='lat' dir='ltr'>si</span> <span class='ocrx_word' id='word_1_252' title='bbox 525 1724 599 1753; x_wconf 91' lang='lat' dir='ltr'>omni</span> <span class='ocrx_word' id='word_1_253' title='bbox 612 1726 735 1760; x_wconf 86' lang='lat' dir='ltr'>tempore</span> <span class='ocrx_word' id='word_1_254' title='bbox 750 1728 842 1750; x_wconf 85' lang='lat' dir='ltr'>coram</span> <span class='ocrx_word' id='word_1_255' title='bbox 857 1720 913 1748; x_wconf 86' lang='lat' dir='ltr'>Deo</span> <span class='ocrx_word' id='word_1_256' title='bbox 928 1718 1077 1748; x_wconf 88' lang='lat' dir='ltr'>inveniaris</span> <span class='ocrx_word' id='word_1_257' title='bbox 1092 1727 1145 1746; x_wconf 91' lang='lat' dir='ltr'>non</span> 
     </span>
     <span class='ocr_line' id='line_1_35' title="bbox 298 1765 1146 1809; baseline -0.012 -7"><span class='ocrx_word' id='word_1_258' title='bbox 298 1773 385 1802; x_wconf 88' lang='lat' dir='ltr'>altum</span> <span class='ocrx_word' id='word_1_259' title='bbox 406 1779 518 1809; x_wconf 83' lang='lat' dir='ltr'>sapere,</span> <span class='ocrx_word' id='word_1_260' title='bbox 538 1770 584 1799; x_wconf 87' lang='lat' dir='ltr'>sed</span> <span class='ocrx_word' id='word_1_261' title='bbox 606 1770 711 1798; x_wconf 85' lang='lat' dir='ltr'>timere.</span> <span class='ocrx_word' id='word_1_262' title='bbox 734 1768 810 1796; x_wconf 91' lang='lat' dir='ltr'>Time</span> <span class='ocrx_word' id='word_1_263' title='bbox 831 1775 912 1803; x_wconf 85' lang='lat' dir='ltr'>erg0‚</span> <span class='ocrx_word' id='word_1_264' title='bbox 935 1774 997 1795; x_wconf 90' lang='lat' dir='ltr'>cum</span> <span class='ocrx_word' id='word_1_265' title='bbox 1020 1765 1146 1794; x_wconf 88' lang='lat' dir='ltr'>arriserit</span> 
     </span>
     <span class='ocr_line' id='line_1_36' title="bbox 298 1813 1146 1857; baseline -0.011 -8"><span class='ocrx_word' id='word_1_266' title='bbox 298 1820 401 1857; x_wconf 77' lang='lat' dir='ltr'>gratia3</span> <span class='ocrx_word' id='word_1_267' title='bbox 424 1819 502 1852; x_wconf 89' lang='lat' dir='ltr'>time,</span> <span class='ocrx_word' id='word_1_268' title='bbox 518 1825 580 1846; x_wconf 92' lang='lat' dir='ltr'>cum</span> <span class='ocrx_word' id='word_1_269' title='bbox 596 1816 710 1849; x_wconf 87' lang='lat' dir='ltr'>abierit;</span> <span class='ocrx_word' id='word_1_270' title='bbox 725 1815 805 1850; x_wconf 85' lang='lat' dir='ltr'>time,</span> <span class='ocrx_word' id='word_1_271' title='bbox 827 1821 891 1842; x_wconf 87' lang='lat' dir='ltr'>cum</span> <span class='ocrx_word' id='word_1_272' title='bbox 912 1813 1003 1841; x_wconf 88' lang='lat' dir='ltr'>denuo</span> <span class='ocrx_word' id='word_1_273' title='bbox 1025 1814 1146 1841; x_wconf 83' lang='lat' dir='ltr'>reverte-</span> 
     </span>
     <span class='ocr_line' id='line_1_37' title="bbox 300 1859 1145 1902; baseline -0.009 -7"><span class='ocrx_word' id='word_1_274' title='bbox 300 1859 386 1895; x_wconf 34' lang='lat' dir='ltr'>tur‘».</span> <span class='ocrx_word' id='word_1_275' title='bbox 420 1865 472 1902; x_wconf 88' lang='lat' dir='ltr'>Qui</span> <span class='ocrx_word' id='word_1_276' title='bbox 501 1873 555 1893; x_wconf 90' lang='lat' dir='ltr'>non</span> <span class='ocrx_word' id='word_1_277' title='bbox 584 1863 667 1892; x_wconf 90' lang='lat' dir='ltr'>habet</span> <span class='ocrx_word' id='word_1_278' title='bbox 695 1861 811 1899; x_wconf 82' lang='lat' dir='ltr'>gratiam</span> <span class='ocrx_word' id='word_1_279' title='bbox 840 1860 958 1888; x_wconf 90' lang='lat' dir='ltr'>multum</span> <span class='ocrx_word' id='word_1_280' title='bbox 985 1860 1066 1888; x_wconf 89' lang='lat' dir='ltr'>debet</span> <span class='ocrx_word' id='word_1_281' title='bbox 1095 1859 1145 1888; x_wconf 89' lang='lat' dir='ltr'>sibi</span> 
     </span>
     <span class='ocr_line' id='line_1_38' title="bbox 301 1903 1146 1947; baseline -0.009 -5"><span class='ocrx_word' id='word_1_282' title='bbox 301 1914 415 1947; x_wconf 89' lang='lat' dir='ltr'>timere;</span> <span class='ocrx_word' id='word_1_283' title='bbox 438 1903 579 1945; x_wconf 72' lang='lat' dir='ltr'>similiter,</span> <span class='ocrx_word' id='word_1_284' title='bbox 601 1910 623 1939; x_wconf 90' lang='lat' dir='ltr'>si</span> <span class='ocrx_word' id='word_1_285' title='bbox 645 1909 779 1938; x_wconf 89' lang='lat' dir='ltr'>Dominus</span> <span class='ocrx_word' id='word_1_286' title='bbox 800 1907 889 1937; x_wconf 91' lang='lat' dir='ltr'>reddit</span> <span class='ocrx_word' id='word_1_287' title='bbox 911 1907 1013 1936; x_wconf 89' lang='lat' dir='ltr'>homini</span> <span class='ocrx_word' id='word_1_288' title='bbox 1029 1907 1146 1944; x_wconf 77' lang='lat' dir='ltr'>gratiam</span> 
     </span>
     <span class='ocr_line' id='line_1_39' title="bbox 300 1954 1147 1997; baseline -0.008 -9"><span class='ocrx_word' id='word_1_289' title='bbox 300 1960 451 1997; x_wconf 88' lang='lat' dir='ltr'>perditam,</span> <span class='ocrx_word' id='word_1_290' title='bbox 473 1958 554 1987; x_wconf 85' lang='lat' dir='ltr'>debet</span> <span class='ocrx_word' id='word_1_291' title='bbox 574 1957 693 1985; x_wconf 88' lang='lat' dir='ltr'>multum</span> <span class='ocrx_word' id='word_1_292' title='bbox 715 1955 766 1984; x_wconf 90' lang='lat' dir='ltr'>sibi</span> <span class='ocrx_word' id='word_1_293' title='bbox 788 1955 900 1988; x_wconf 84' lang='lat' dir='ltr'>timere,</span> <span class='ocrx_word' id='word_1_294' title='bbox 923 1962 956 1982; x_wconf 93' lang='lat' dir='ltr'>ne</span> <span class='ocrx_word' id='word_1_295' title='bbox 976 1954 1062 1991; x_wconf 84' lang='lat' dir='ltr'>ipsam</span> <span class='ocrx_word' id='word_1_296' title='bbox 1084 1961 1147 1990; x_wconf 91' lang='lat' dir='ltr'>per-</span> 
     </span>
     <span class='ocr_line' id='line_1_40' title="bbox 302 2000 1147 2042; baseline -0.007 -7"><span class='ocrx_word' id='word_1_297' title='bbox 302 2007 348 2035; x_wconf 87' lang='lat' dir='ltr'>dat</span> <span class='ocrx_word' id='word_1_298' title='bbox 369 2009 396 2034; x_wconf 85' lang='lat' dir='ltr'>ct</span> <span class='ocrx_word' id='word_1_299' title='bbox 416 2006 541 2042; x_wconf 86' lang='lat' dir='ltr'>ingratus</span> <span class='ocrx_word' id='word_1_300' title='bbox 562 2005 625 2038; x_wconf 84' lang='lat' dir='ltr'>fiat,</span> <span class='ocrx_word' id='word_1_301' title='bbox 647 2006 673 2031; x_wconf 87' lang='lat' dir='ltr'>et</span> <span class='ocrx_word' id='word_1_302' title='bbox 691 2003 767 2040; x_wconf 83' lang='lat' dir='ltr'>siant</span> <span class='ocrx_word' id='word_1_303' title='bbox 787 2001 947 2030; x_wconf 56' lang='lat' dir='ltr'>not-issima</span> <span class='ocrx_word' id='word_1_304' title='bbox 961 2000 1087 2029; x_wconf 76' lang='lat' dir='ltr'>hominis</span> <span class='ocrx_word' id='word_1_305' title='bbox 1098 2009 1147 2038; x_wconf 84' lang='lat' dir='ltr'>pe-</span> 
     </span>
     <span class='ocr_line' id='line_1_41' title="bbox 302 2048 1147 2089; baseline -0.008 -7"><span class='ocrx_word' id='word_1_306' title='bbox 302 2053 368 2082; x_wconf 85' lang='lat' dir='ltr'>iora</span> <span class='ocrx_word' id='word_1_307' title='bbox 386 2051 539 2089; x_wconf 82' lang='lat' dir='ltr'>prioribus</span> <span class='ocrx_word' id='word_1_308' title='bbox 550 2052 570 2078; x_wconf 61' lang='lat'>4.</span> <span class='ocrx_word' id='word_1_309' title='bbox 593 2067 631 2071; x_wconf 81' lang='lat'>--</span> <span class='ocrx_word' id='word_1_310' title='bbox 652 2050 729 2078; x_wconf 85' lang='lat' dir='ltr'>Valet</span> <span class='ocrx_word' id='word_1_311' title='bbox 750 2049 834 2086; x_wconf 84' lang='lat' dir='ltr'>igitur</span> <span class='ocrx_word' id='word_1_312' title='bbox 856 2049 936 2076; x_wconf 88' lang='lat' dir='ltr'>timor</span> <span class='ocrx_word' id='word_1_313' title='bbox 952 2048 998 2077; x_wconf 89' lang='lat' dir='ltr'>Dei</span> <span class='ocrx_word' id='word_1_314' title='bbox 1014 2048 1047 2076; x_wconf 88' lang='lat' dir='ltr'>ad</span> <span class='ocrx_word' id='word_1_315' title='bbox 1062 2048 1147 2085; x_wconf 91' lang='lat' dir='ltr'>impe-</span> 
     </span>
     <span class='ocr_line' id='line_1_42' title="bbox 304 2096 906 2136; baseline -0.008 -7"><span class='ocrx_word' id='word_1_316' title='bbox 304 2100 430 2129; x_wconf 90' lang='lat' dir='ltr'>trandam</span> <span class='ocrx_word' id='word_1_317' title='bbox 450 2099 557 2128; x_wconf 84' lang='lat' dir='ltr'>divinae</span> <span class='ocrx_word' id='word_1_318' title='bbox 576 2098 693 2136; x_wconf 67' lang='lat' dir='ltr'>qratiac</span> <span class='ocrx_word' id='word_1_319' title='bbox 715 2096 906 2133; x_wconf 74' lang='lat' dir='ltr'>influentiam.</span> 
     </span>
     <span class='ocr_line' id='line_1_43' title="bbox 385 2142 1148 2174; baseline -0.005 0"><span class='ocrx_word' id='word_1_320' title='bbox 385 2147 427 2174; x_wconf 88' lang='lat'>16.</span> <span class='ocrx_word' id='word_1_321' title='bbox 451 2145 576 2174; x_wconf 84' lang='lat' dir='ltr'>Secundo</span> <span class='ocrx_word' id='word_1_322' title='bbox 597 2144 669 2172; x_wconf 80' lang='lat' dir='ltr'>valet</span> <span class='ocrx_word' id='word_1_323' title='bbox 690 2144 772 2172; x_wconf 88' lang='lat' dir='ltr'>timor</span> <span class='ocrx_word' id='word_1_324' title='bbox 793 2143 841 2171; x_wconf 82' lang='lat' dir='ltr'>Dei</span> <span class='ocrx_word' id='word_1_325' title='bbox 863 2143 895 2171; x_wconf 84' lang='lat' dir='ltr'>ad</span> <span class='ocrx_word' id='word_1_326' title='bbox 922 2142 1148 2171; x_wconf 84' lang='lat' dir='ltr'>introducendam</span> 
     </span>
     <span class='ocr_line' id='line_1_44' title="bbox 197 2188 1147 2222; baseline -0.005 0"><span class='ocrx_word' id='word_1_327' title='bbox 197 2197 289 2217; x_wconf 74' lang='lat' dir='ltr'>Secunda·</span> <span class='ocrx_word' id='word_1_328' title='bbox 303 2193 411 2222; x_wconf 87' lang='lat' dir='ltr'>divinae</span> <span class='ocrx_word' id='word_1_329' title='bbox 432 2192 561 2221; x_wconf 81' lang='lat' dir='ltr'>iustitiae</span> <span class='ocrx_word' id='word_1_330' title='bbox 585 2190 793 2219; x_wconf 72' lang='lat' dir='ltr'>rectitudinem.</span> <span class='ocrx_word' id='word_1_331' title='bbox 814 2189 888 2218; x_wconf 83' lang='lat' dir='ltr'>Unde</span> <span class='ocrx_word' id='word_1_332' title='bbox 903 2188 1147 2218; x_wconf 76' lang='lat' dir='ltr'>Ecclesiasticus⁵z</span> 
     </span>
     <span class='ocr_line' id='line_1_45' title="bbox 311 2236 1150 2275; baseline -0.006 -6"><span class='ocrx_word' id='word_1_333' title='bbox 311 2241 411 2269; x_wconf 85' lang='lat' dir='ltr'>Timor</span> <span class='ocrx_word' id='word_1_334' title='bbox 441 2238 557 2268; x_wconf 78' lang='lat' dir='ltr'>Domini</span> <span class='ocrx_word' id='word_1_335' title='bbox 583 2238 695 2275; x_wconf 66' lang='lat' dir='ltr'>expellit</span> <span class='ocrx_word' id='word_1_336' title='bbox 720 2241 878 2274; x_wconf 81' lang='lat' dir='ltr'>peccatum.</span> <span class='ocrx_word' id='word_1_337' title='bbox 908 2236 985 2265; x_wconf 87' lang='lat' dir='ltr'>Nam</span> <span class='ocrx_word' id='word_1_338' title='bbox 1014 2236 1065 2275; x_wconf 85' lang='lat' dir='ltr'>qui</span> <span class='ocrx_word' id='word_1_339' title='bbox 1088 2236 1150 2265; x_wconf 88' lang='lat' dir='ltr'>sinc</span> 
     </span>
     <span class='ocr_line' id='line_1_46' title="bbox 306 2283 1150 2323; baseline -0.007 -6"><span class='ocrx_word' id='word_1_340' title='bbox 306 2288 407 2317; x_wconf 86' lang='lat' dir='ltr'>timore</span> <span class='ocrx_word' id='word_1_341' title='bbox 427 2290 468 2315; x_wconf 84' lang='lat' dir='ltr'>est</span> <span class='ocrx_word' id='word_1_342' title='bbox 488 2294 546 2314; x_wconf 84' lang='lat' dir='ltr'>non</span> <span class='ocrx_word' id='word_1_343' title='bbox 565 2285 668 2323; x_wconf 87' lang='lat' dir='ltr'>poterit</span> <span class='ocrx_word' id='word_1_344' title='bbox 690 2283 856 2320; x_wconf 79' lang='lat' dir='ltr'>iustificari.</span> <span class='ocrx_word' id='word_1_345' title='bbox 880 2284 1013 2312; x_wconf 87' lang='lat' dir='ltr'>Iniustitia</span> <span class='ocrx_word' id='word_1_346' title='bbox 1033 2291 1087 2311; x_wconf 93' lang='lat' dir='ltr'>non</span> <span class='ocrx_word' id='word_1_347' title='bbox 1110 2283 1150 2311; x_wconf 92' lang='lat' dir='ltr'>in-</span> 
     </span>
     <span class='ocr_line' id='line_1_47' title="bbox 305 2331 1150 2368; baseline -0.006 -5"><span class='ocrx_word' id='word_1_348' title='bbox 305 2337 360 2364; x_wconf 86' lang='lat' dir='ltr'>trat</span> <span class='ocrx_word' id='word_1_349' title='bbox 391 2334 418 2363; x_wconf 93' lang='lat' dir='ltr'>in</span> <span class='ocrx_word' id='word_1_350' title='bbox 449 2333 568 2362; x_wconf 86' lang='lat' dir='ltr'>animam</span> <span class='ocrx_word' id='word_1_351' title='bbox 600 2331 652 2360; x_wconf 88' lang='lat' dir='ltr'>nisi</span> <span class='ocrx_word' id='word_1_352' title='bbox 674 2339 723 2368; x_wconf 87' lang='lat' dir='ltr'>per</span> <span class='ocrx_word' id='word_1_353' title='bbox 751 2333 912 2367; x_wconf 60' lang='lat' dir='ltr'>peccatum</span> <span class='ocrx_word' id='word_1_354' title='bbox 941 2331 1031 2367; x_wconf 89' lang='lat' dir='ltr'>prima</span> <span class='ocrx_word' id='word_1_355' title='bbox 1057 2332 1150 2359; x_wconf 88' lang='lat' dir='ltr'>autem</span> 
     </span>
    </p>
   </div>
   <div class='ocr_carea' id='block_1_3' title="bbox 310 2514 1156 2970">
    <p class='ocr_par' dir='ltr' id='par_1_3' title="bbox 371 2514 547 2543">
     <span class='ocr_line' id='line_1_48' title="bbox 371 2514 547 2543; baseline -0.011 -5"><span class='ocrx_word' id='word_1_356' title='bbox 371 2515 378 2528; x_wconf 88' lang='lat'><strong>¹</strong></span> <span class='ocrx_word' id='word_1_357' title='bbox 396 2515 453 2543; x_wconf 89' lang='lat' dir='ltr'>Cap.</span> <span class='ocrx_word' id='word_1_358' title='bbox 471 2514 491 2543; x_wconf 78' lang='lat'>4,</span> <span class='ocrx_word' id='word_1_359' title='bbox 509 2515 547 2537; x_wconf 82' lang='lat'>23.</span> 
     </span>
    </p>

    <p class='ocr_par' dir='ltr' id='par_1_4' title="bbox 310 2551 1149 2621">
     <span class='ocr_line' id='line_1_49' title="bbox 371 2551 1149 2582; baseline -0.004 -5"><span class='ocrx_word' id='word_1_360' title='bbox 371 2554 379 2567; x_wconf 79' lang='lat'>²</span> <span class='ocrx_word' id='word_1_361' title='bbox 397 2554 452 2582; x_wconf 94' lang='lat' dir='ltr'>Cap.</span> <span class='ocrx_word' id='word_1_362' title='bbox 470 2554 511 2581; x_wconf 77' lang='grc'>66,</span> <span class='ocrx_word' id='word_1_363' title='bbox 529 2554 551 2575; x_wconf 83' lang='grc'>2.</span> <span class='ocrx_word' id='word_1_364' title='bbox 570 2565 601 2569; x_wconf 94' lang='grc'><strong>-</strong></span> <span class='ocrx_word' id='word_1_365' title='bbox 618 2553 670 2581; x_wconf 84' lang='lat' dir='ltr'>Seq.</span> <span class='ocrx_word' id='word_1_366' title='bbox 689 2552 753 2574; x_wconf 79' lang='lat' dir='ltr'>locus</span> <span class='ocrx_word' id='word_1_367' title='bbox 770 2554 804 2573; x_wconf 84' lang='lat' dir='ltr'>est</span> <span class='ocrx_word' id='word_1_368' title='bbox 820 2551 855 2573; x_wconf 89' lang='lat' dir='ltr'>Ps.</span> <span class='ocrx_word' id='word_1_369' title='bbox 877 2551 931 2577; x_wconf 72' lang='lat' dir='ltr'>tto,</span> <span class='ocrx_word' id='word_1_370' title='bbox 954 2551 990 2573; x_wconf 87' lang='grc'>10.</span> <span class='ocrx_word' id='word_1_371' title='bbox 1008 2555 1029 2573; x_wconf 84' lang='lat' dir='ltr'>et</span> <span class='ocrx_word' id='word_1_372' title='bbox 1050 2552 1086 2578; x_wconf 87' lang='lat' dir='ltr'>ll;</span> <span class='ocrx_word' id='word_1_373' title='bbox 1105 2554 1149 2574; x_wconf 83' lang='lat' dir='ltr'>ter-</span> 
     </span>
     <span class='ocr_line' id='line_1_50' title="bbox 310 2594 593 2621; baseline -0.011 -4"><span class='ocrx_word' id='word_1_374' title='bbox 310 2595 353 2617; x_wconf 85' lang='lat' dir='ltr'>tius</span> <span class='ocrx_word' id='word_1_375' title='bbox 371 2595 427 2616; x_wconf 85' lang='lat' dir='ltr'>Phil.</span> <span class='ocrx_word' id='word_1_376' title='bbox 444 2595 471 2620; x_wconf 82' lang='lat'>2,</span> <span class='ocrx_word' id='word_1_377' title='bbox 492 2594 526 2616; x_wconf 88' lang='lat'>12.</span> <span class='ocrx_word' id='word_1_378' title='bbox 544 2599 593 2621; x_wconf 83' lang='lat' dir='ltr'>seq.</span> 
     </span>
    </p>

    <p class='ocr_par' dir='ltr' id='par_1_5' title="bbox 310 2628 1153 2817">
     <span class='ocr_line' id='line_1_51' title="bbox 372 2628 1151 2659; baseline -0.005 -4"><span class='ocrx_word' id='word_1_379' title='bbox 372 2631 381 2645; x_wconf 75' lang='lat'>⁸</span> <span class='ocrx_word' id='word_1_380' title='bbox 398 2633 481 2655; x_wconf 83' lang='lat' dir='ltr'>Psalm.</span> <span class='ocrx_word' id='word_1_381' title='bbox 502 2632 555 2659; x_wconf 84' lang='lat'>102,</span> <span class='ocrx_word' id='word_1_382' title='bbox 575 2632 610 2654; x_wconf 90' lang='grc'>17.</span> <span class='ocrx_word' id='word_1_383' title='bbox 627 2643 658 2648; x_wconf 90' lang='lat'>·-</span> <span class='ocrx_word' id='word_1_384' title='bbox 676 2629 790 2653; x_wconf 76' lang='lat' dir='ltr'>Sententia</span> <span class='ocrx_word' id='word_1_385' title='bbox 807 2629 915 2651; x_wconf 87' lang='lat' dir='ltr'>Bernardi</span> <span class='ocrx_word' id='word_1_386' title='bbox 934 2628 1031 2651; x_wconf 80' lang='lat' dir='ltr'>liabetur</span> <span class='ocrx_word' id='word_1_387' title='bbox 1044 2630 1065 2651; x_wconf 91' lang='lat' dir='ltr'>in</span> <span class='ocrx_word' id='word_1_388' title='bbox 1078 2631 1151 2652; x_wconf 84' lang='lat' dir='ltr'>Serm.</span> 
     </span>
     <span class='ocr_line' id='line_1_52' title="bbox 310 2668 1152 2696; baseline -0.007 -1"><span class='ocrx_word' id='word_1_389' title='bbox 310 2673 348 2695; x_wconf 68' lang='lat'>54.</span> <span class='ocrx_word' id='word_1_390' title='bbox 365 2672 387 2694; x_wconf 88' lang='lat' dir='ltr'>in</span> <span class='ocrx_word' id='word_1_391' title='bbox 404 2671 491 2694; x_wconf 80' lang='lat' dir='ltr'>Cantic.</span> <span class='ocrx_word' id='word_1_392' title='bbox 508 2678 530 2693; x_wconf 90' lang='lat' dir='ltr'>n.</span> <span class='ocrx_word' id='word_1_393' title='bbox 548 2672 575 2693; x_wconf 83' lang='lat'>9:</span> <span class='ocrx_word' id='word_1_394' title='bbox 594 2672 617 2693; x_wconf 93' lang='lat' dir='ltr'>ln</span> <span class='ocrx_word' id='word_1_395' title='bbox 634 2670 729 2692; x_wconf 75' lang='lat' dir='ltr'>veritate</span> <span class='ocrx_word' id='word_1_396' title='bbox 747 2668 827 2695; x_wconf 89' lang='lat' dir='ltr'>didici,</span> <span class='ocrx_word' id='word_1_397' title='bbox 845 2668 875 2690; x_wconf 87' lang='lat' dir='ltr'>nil</span> <span class='ocrx_word' id='word_1_398' title='bbox 898 2674 972 2696; x_wconf 83' lang='lat' dir='ltr'>aeque</span> <span class='ocrx_word' id='word_1_399' title='bbox 997 2669 1076 2690; x_wconf 80' lang='lat' dir='ltr'>etllcax</span> <span class='ocrx_word' id='word_1_400' title='bbox 1101 2675 1152 2690; x_wconf 78' lang='lat' dir='ltr'>esse</span> 
     </span>
     <span class='ocr_line' id='line_1_53' title="bbox 310 2707 1152 2739; baseline -0.005 -5"><span class='ocrx_word' id='word_1_401' title='bbox 310 2712 340 2734; x_wconf 86' lang='lat' dir='ltr'>ad</span> <span class='ocrx_word' id='word_1_402' title='bbox 368 2711 465 2739; x_wconf 82' lang='lat' dir='ltr'>gratiam</span> <span class='ocrx_word' id='word_1_403' title='bbox 496 2710 692 2738; x_wconf 84' lang='lat' dir='ltr'>promerendam,</span> <span class='ocrx_word' id='word_1_404' title='bbox 717 2708 876 2734; x_wconf 85' lang='lat' dir='ltr'>retinendam,</span> <span class='ocrx_word' id='word_1_405' title='bbox 901 2707 1085 2735; x_wconf 80' lang='lat' dir='ltr'>recuperandam</span> <span class='ocrx_word' id='word_1_406' title='bbox 1109 2711 1152 2730; x_wconf 75' lang='lat' dir='ltr'>etc.</span> 
     </span>
     <span class='ocr_line' id='line_1_54' title="bbox 311 2746 1153 2778; baseline -0.004 -6"><span class='ocrx_word' id='word_1_407' title='bbox 311 2750 472 2778; x_wconf 86' lang='lat' dir='ltr'>Respiciuntur</span> <span class='ocrx_word' id='word_1_408' title='bbox 493 2749 560 2771; x_wconf 81' lang='lat' dir='ltr'>Rom.</span> <span class='ocrx_word' id='word_1_409' title='bbox 578 2749 619 2775; x_wconf 81' lang='lat'>11,</span> <span class='ocrx_word' id='word_1_410' title='bbox 637 2748 682 2775; x_wconf 81' lang='lat'>20;</span> <span class='ocrx_word' id='word_1_411' title='bbox 700 2747 747 2770; x_wconf 90' lang='lat' dir='ltr'>Noli</span> <span class='ocrx_word' id='word_1_412' title='bbox 773 2747 843 2769; x_wconf 90' lang='lat' dir='ltr'>altum</span> <span class='ocrx_word' id='word_1_413' title='bbox 868 2751 962 2774; x_wconf 80' lang='lat' dir='ltr'>sapere,</span> <span class='ocrx_word' id='word_1_414' title='bbox 979 2746 1021 2768; x_wconf 80' lang='lat' dir='ltr'>sed</span> <span class='ocrx_word' id='word_1_415' title='bbox 1046 2746 1113 2775; x_wconf 81' lang='lat' dir='ltr'>time;</span> <span class='ocrx_word' id='word_1_416' title='bbox 1131 2750 1153 2769; x_wconf 88' lang='lat' dir='ltr'>et</span> 
     </span>
     <span class='ocr_line' id='line_1_55' title="bbox 311 2784 1041 2817; baseline -0.007 -6"><span class='ocrx_word' id='word_1_417' title='bbox 311 2790 378 2811; x_wconf 90' lang='lat' dir='ltr'>Prov.</span> <span class='ocrx_word' id='word_1_418' title='bbox 396 2789 438 2817; x_wconf 79' lang='lat'>28,</span> <span class='ocrx_word' id='word_1_419' title='bbox 457 2788 500 2810; x_wconf 73' lang='lat'>14:</span> <span class='ocrx_word' id='word_1_420' title='bbox 518 2788 600 2809; x_wconf 85' lang='lat' dir='ltr'>Beatus</span> <span class='ocrx_word' id='word_1_421' title='bbox 618 2788 700 2815; x_wconf 82' lang='lat' dir='ltr'>homo,</span> <span class='ocrx_word' id='word_1_422' title='bbox 717 2786 758 2816; x_wconf 87' lang='lat' dir='ltr'>qui</span> <span class='ocrx_word' id='word_1_423' title='bbox 775 2791 866 2813; x_wconf 88' lang='lat' dir='ltr'>semper</span> <span class='ocrx_word' id='word_1_424' title='bbox 883 2787 917 2807; x_wconf 79' lang='lat' dir='ltr'>est</span> <span class='ocrx_word' id='word_1_425' title='bbox 933 2784 1041 2813; x_wconf 85' lang='lat' dir='ltr'>pavidus.</span> 
     </span>
    </p>

    <p class='ocr_par' dir='ltr' id='par_1_6' title="bbox 373 2826 590 2853">
     <span class='ocr_line' id='line_1_56' title="bbox 373 2826 590 2853; baseline -0.005 -4"><span class='ocrx_word' id='word_1_426' title='bbox 373 2826 383 2839; x_wconf 83' lang='lat'>¹</span> <span class='ocrx_word' id='word_1_427' title='bbox 400 2828 476 2849; x_wconf 81' lang='lat' dir='ltr'>Matth.</span> <span class='ocrx_word' id='word_1_428' title='bbox 495 2827 534 2853; x_wconf 84' lang='lat'>12,</span> <span class='ocrx_word' id='word_1_429' title='bbox 554 2826 590 2848; x_wconf 74' lang='lat'>45.</span> 
     </span>
    </p>

    <p class='ocr_par' dir='ltr' id='par_1_7' title="bbox 374 2865 610 2894">
     <span class='ocr_line' id='line_1_57' title="bbox 374 2865 610 2894; baseline -0.008 -5"><span class='ocrx_word' id='word_1_430' title='bbox 374 2865 384 2878; x_wconf 82' lang='lat'><strong>⁶</strong></span> <span class='ocrx_word' id='word_1_431' title='bbox 400 2866 457 2894; x_wconf 85' lang='lat' dir='ltr'>Cap.</span> <span class='ocrx_word' id='word_1_432' title='bbox 477 2866 502 2893; x_wconf 87' lang='lat' dir='ltr'>l,</span> <span class='ocrx_word' id='word_1_433' title='bbox 519 2865 555 2887; x_wconf 82' lang='lat'>27.</span> <span class='ocrx_word' id='word_1_434' title='bbox 573 2866 610 2887; x_wconf 82' lang='lat'>28.</span> 
     </span>
    </p>

    <p class='ocr_par' dir='ltr' id='par_1_8' title="bbox 312 2901 1156 2970">
     <span class='ocr_line' id='line_1_58' title="bbox 374 2901 1156 2933; baseline -0.005 -6"><span class='ocrx_word' id='word_1_435' title='bbox 374 2903 384 2916; x_wconf 83' lang='lat'>⁰</span> <span class='ocrx_word' id='word_1_436' title='bbox 400 2904 457 2932; x_wconf 85' lang='lat' dir='ltr'>Cap.</span> <span class='ocrx_word' id='word_1_437' title='bbox 479 2905 505 2933; x_wconf 79' lang='grc'>2,</span> <span class='ocrx_word' id='word_1_438' title='bbox 530 2905 551 2926; x_wconf 84' lang='lat'>1.</span> <span class='ocrx_word' id='word_1_439' title='bbox 566 2916 598 2921; x_wconf 88' lang='lat'>—-</span> <span class='ocrx_word' id='word_1_440' title='bbox 615 2905 668 2932; x_wconf 82' lang='lat' dir='ltr'>Seq.</span> <span class='ocrx_word' id='word_1_441' title='bbox 686 2904 749 2926; x_wconf 90' lang='lat' dir='ltr'>locus</span> <span class='ocrx_word' id='word_1_442' title='bbox 771 2905 805 2925; x_wconf 87' lang='lat' dir='ltr'>est</span> <span class='ocrx_word' id='word_1_443' title='bbox 827 2902 883 2925; x_wconf 85' lang='lat' dir='ltr'>ibid.</span> <span class='ocrx_word' id='word_1_444' title='bbox 904 2901 946 2929; x_wconf 84' lang='lat'>27,</span> <span class='ocrx_word' id='word_1_445' title='bbox 970 2901 996 2928; x_wconf 75' lang='lat'>4;</span> <span class='ocrx_word' id='word_1_446' title='bbox 1020 2902 1098 2924; x_wconf 79' lang='lat' dir='ltr'>tertius</span> <span class='ocrx_word' id='word_1_447' title='bbox 1122 2905 1156 2924; x_wconf 80' lang='lat' dir='ltr'>est</span> 
     </span>
     <span class='ocr_line' id='line_1_59' title="bbox 312 2944 447 2970; baseline -0.015 -3"><span class='ocrx_word' id='word_1_448' title='bbox 312 2945 350 2967; x_wconf 87' lang='lat' dir='ltr'>Ps.</span> <span class='ocrx_word' id='word_1_449' title='bbox 365 2944 393 2970; x_wconf 87' lang='grc'>2,</span> <span class='ocrx_word' id='word_1_450' title='bbox 411 2944 447 2965; x_wconf 87' lang='lat' dir='ltr'>1-l.</span> 
     </span>
    </p>
   </div>
   <div class='ocr_carea' id='block_1_4' title="bbox 1160 150 1182 2362">
    <p class='ocr_par' dir='ltr' id='par_1_9' title="bbox 1160 150 1182 2362">
     <span class='ocr_line' id='line_1_60' title="bbox 1160 150 1182 2362; baseline 0 0"><span class='ocrx_word' id='word_1_451' title='bbox 1160 150 1182 2362; x_wconf 95' lang='lat' dir='ltr'> </span> 
     </span>
    </p>
   </div>
   <div class='ocr_carea' id='block_1_5' title="bbox 855 145 1464 175">
    <p class='ocr_par' dir='ltr' id='par_1_10' title="bbox 855 145 1464 175">
     <span class='ocr_line' id='line_1_61' title="bbox 855 145 1464 175; baseline -0.005 0"><span class='ocrx_word' id='word_1_452' title='bbox 855 147 898 175; x_wconf 91' lang='lat' dir='ltr'>DE</span> <span class='ocrx_word' id='word_1_453' title='bbox 921 146 1019 175; x_wconf 87' lang='lat' dir='ltr'>DONIS</span> <span class='ocrx_word' id='word_1_454' title='bbox 1040 146 1184 175; x_wconf 75' lang='lat' dir='ltr'>SPlfflTL&#39;S</span> <span class='ocrx_word' id='word_1_455' title='bbox 1205 147 1230 175; x_wconf 88' lang='lat' dir='ltr'>S.</span> <span class='ocrx_word' id='word_1_456' title='bbox 1253 145 1414 174; x_wconf 68' lang='lat' dir='ltr'>COIJATIO</span> <span class='ocrx_word' id='word_1_457' title='bbox 1436 146 1464 173; x_wconf 92' lang='lat'>11.</span> 
     </span>
    </p>
   </div>
   <div class='ocr_carea' id='block_1_6' title="bbox 1190 222 2180 2365">
    <p class='ocr_par' dir='ltr' id='par_1_11' title="bbox 1190 222 2041 624">
     <span class='ocr_line' id='line_1_62' title="bbox 1190 222 2037 258; baseline -0.001 -6"><span class='ocrx_word' id='word_1_458' title='bbox 1190 223 1346 253; x_wconf 85' lang='lat' dir='ltr'>iustificatio</span> <span class='ocrx_word' id='word_1_459' title='bbox 1370 222 1478 250; x_wconf 85' lang='lat' dir='ltr'>animae</span> <span class='ocrx_word' id='word_1_460' title='bbox 1505 224 1562 255; x_wconf 87' lang='lat' dir='ltr'>est,</span> <span class='ocrx_word' id='word_1_461' title='bbox 1590 222 1664 258; x_wconf 88' lang='lat' dir='ltr'>quod</span> <span class='ocrx_word' id='word_1_462' title='bbox 1692 222 1831 250; x_wconf 85' lang='lat' dir='ltr'>subiaceat</span> <span class='ocrx_word' id='word_1_463' title='bbox 1855 222 1963 255; x_wconf 87' lang='lat' dir='ltr'>divinae</span> <span class='ocrx_word' id='word_1_464' title='bbox 1990 230 2037 251; x_wconf 92' lang='lat' dir='ltr'>su-</span> 
     </span>
     <span class='ocr_line' id='line_1_63' title="bbox 1190 268 2037 305; baseline -0.001 -7"><span class='ocrx_word' id='word_1_465' title='bbox 1190 269 1324 299; x_wconf 89' lang='lat' dir='ltr'>blimitati.</span> <span class='ocrx_word' id='word_1_466' title='bbox 1348 269 1400 296; x_wconf 88' lang='lat' dir='ltr'>Isto</span> <span class='ocrx_word' id='word_1_467' title='bbox 1429 268 1528 296; x_wconf 85' lang='lat' dir='ltr'>timore</span> <span class='ocrx_word' id='word_1_468' title='bbox 1555 268 1712 301; x_wconf 83' lang='lat' dir='ltr'>destructo,</span> <span class='ocrx_word' id='word_1_469' title='bbox 1741 275 1850 296; x_wconf 85' lang='lat' dir='ltr'>necesse</span> <span class='ocrx_word' id='word_1_470' title='bbox 1878 272 1934 302; x_wconf 86' lang='lat' dir='ltr'>est,</span> <span class='ocrx_word' id='word_1_471' title='bbox 1964 269 2037 305; x_wconf 87' lang='lat' dir='ltr'>quod</span> 
     </span>
     <span class='ocr_line' id='line_1_64' title="bbox 1192 313 2038 353; baseline -0.001 -9"><span class='ocrx_word' id='word_1_472' title='bbox 1192 315 1344 353; x_wconf 87' lang='lat' dir='ltr'>posteriora</span> <span class='ocrx_word' id='word_1_473' title='bbox 1364 315 1553 343; x_wconf 88' lang='lat' dir='ltr'>destruantur.</span> <span class='ocrx_word' id='word_1_474' title='bbox 1577 314 1691 350; x_wconf 83' lang='lat' dir='ltr'>Propter</span> <span class='ocrx_word' id='word_1_475' title='bbox 1710 314 1762 342; x_wconf 89' lang='lat' dir='ltr'>hoc</span> <span class='ocrx_word' id='word_1_476' title='bbox 1775 313 1874 342; x_wconf 70' lang='lat' dir='ltr'>dicitur</span> <span class='ocrx_word' id='word_1_477' title='bbox 1898 314 1926 342; x_wconf 90' lang='lat' dir='ltr'>in</span> <span class='ocrx_word' id='word_1_478' title='bbox 1949 314 2038 343; x_wconf 84' lang='lat' dir='ltr'>Eccle-</span> 
     </span>
     <span class='ocr_line' id='line_1_65' title="bbox 1192 360 2038 394; baseline -0.004 -3"><span class='ocrx_word' id='word_1_479' title='bbox 1192 362 1300 391; x_wconf 85' lang='lat' dir='ltr'>siastico</span> <span class='ocrx_word' id='word_1_480' title='bbox 1312 361 1322 377; x_wconf 81' lang='lat'><strong>⁶</strong></span> <span class='ocrx_word' id='word_1_481' title='bbox 1337 372 1341 388; x_wconf 95' lang='lat'>:</span> <span class='ocrx_word' id='word_1_482' title='bbox 1365 361 1440 394; x_wconf 83' lang='lat' dir='ltr'>Fili,</span> <span class='ocrx_word' id='word_1_483' title='bbox 1462 360 1598 389; x_wconf 77' lang='lat' dir='ltr'>accedens</span> <span class='ocrx_word' id='word_1_484' title='bbox 1620 361 1659 388; x_wconf 85' lang='lat' dir='ltr'>ad</span> <span class='ocrx_word' id='word_1_485' title='bbox 1680 360 1847 388; x_wconf 77' lang='lat' dir='ltr'>seruitutem</span> <span class='ocrx_word' id='word_1_486' title='bbox 1864 360 1931 393; x_wconf 88' lang='lat' dir='ltr'>Dei,</span> <span class='ocrx_word' id='word_1_487' title='bbox 1946 364 1993 388; x_wconf 83' lang='lat' dir='ltr'>sta</span> <span class='ocrx_word' id='word_1_488' title='bbox 2009 360 2038 388; x_wconf 84' lang='lat' dir='ltr'>in</span> 
     </span>
     <span class='ocr_line' id='line_1_66' title="bbox 1193 406 2040 444; baseline -0.004 -7"><span class='ocrx_word' id='word_1_489' title='bbox 1193 409 1307 438; x_wconf 84' lang='lat' dir='ltr'>iustitia</span> <span class='ocrx_word' id='word_1_490' title='bbox 1319 411 1344 436; x_wconf 88' lang='lat' dir='ltr'>el</span> <span class='ocrx_word' id='word_1_491' title='bbox 1360 407 1462 435; x_wconf 87' lang='lat' dir='ltr'>timore</span> <span class='ocrx_word' id='word_1_492' title='bbox 1476 410 1500 435; x_wconf 86' lang='lat' dir='ltr'>et</span> <span class='ocrx_word' id='word_1_493' title='bbox 1511 415 1666 444; x_wconf 82' lang='lat' dir='ltr'>praepara</span> <span class='ocrx_word' id='word_1_494' title='bbox 1680 407 1813 435; x_wconf 87' lang='lat' dir='ltr'>animam</span> <span class='ocrx_word' id='word_1_495' title='bbox 1830 410 1912 435; x_wconf 86' lang='lat' dir='ltr'>tuam</span> <span class='ocrx_word' id='word_1_496' title='bbox 1928 406 1967 434; x_wconf 86' lang='lat' dir='ltr'>ad</span> <span class='ocrx_word' id='word_1_497' title='bbox 1982 410 2040 434; x_wconf 88' lang='lat' dir='ltr'>ten-</span> 
     </span>
     <span class='ocr_line' id='line_1_67' title="bbox 1194 453 2041 487; baseline -0.005 -3"><span class='ocrx_word' id='word_1_498' title='bbox 1194 456 1350 487; x_wconf 84' lang='lat' dir='ltr'>tationem,·</span> <span class='ocrx_word' id='word_1_499' title='bbox 1372 457 1399 482; x_wconf 84' lang='lat' dir='ltr'>et</span> <span class='ocrx_word' id='word_1_500' title='bbox 1421 453 1625 482; x_wconf 86' lang='lat' dir='ltr'>Ecclesiasticus</span> <span class='ocrx_word' id='word_1_501' title='bbox 1646 453 1730 482; x_wconf 86' lang='lat' dir='ltr'>dicit:</span> <span class='ocrx_word' id='word_1_502' title='bbox 1754 453 1787 482; x_wconf 84' lang='lat' dir='ltr'>Si</span> <span class='ocrx_word' id='word_1_503' title='bbox 1806 462 1864 481; x_wconf 84' lang='lat' dir='ltr'>non</span> <span class='ocrx_word' id='word_1_504' title='bbox 1886 453 1917 481; x_wconf 89' lang='lat' dir='ltr'>in</span> <span class='ocrx_word' id='word_1_505' title='bbox 1939 453 2041 481; x_wconf 84' lang='lat' dir='ltr'>timore</span> 
     </span>
     <span class='ocr_line' id='line_1_68' title="bbox 1194 499 2041 535; baseline -0.005 -4"><span class='ocrx_word' id='word_1_506' title='bbox 1194 502 1312 531; x_wconf 78' lang='lat' dir='ltr'>Domini</span> <span class='ocrx_word' id='word_1_507' title='bbox 1340 501 1466 529; x_wconf 82' lang='lat' dir='ltr'>tenueris</span> <span class='ocrx_word' id='word_1_508' title='bbox 1488 504 1512 529; x_wconf 89' lang='lat' dir='ltr'>tc</span> <span class='ocrx_word' id='word_1_509' title='bbox 1533 501 1690 535; x_wconf 69' lang='lat' dir='ltr'>instanter,</span> <span class='ocrx_word' id='word_1_510' title='bbox 1712 500 1767 529; x_wconf 78' lang='lat' dir='ltr'>cito</span> <span class='ocrx_word' id='word_1_511' title='bbox 1788 499 1971 528; x_wconf 78' lang='lat' dir='ltr'>subverletur</span> <span class='ocrx_word' id='word_1_512' title='bbox 1992 499 2041 527; x_wconf 81' lang='lat' dir='ltr'>tlo-</span> 
     </span>
     <span class='ocr_line' id='line_1_69' title="bbox 1193 546 2039 584; baseline -0.004 -7"><span class='ocrx_word' id='word_1_513' title='bbox 1193 558 1259 577; x_wconf 82' lang='lat' dir='ltr'>mus</span> <span class='ocrx_word' id='word_1_514' title='bbox 1282 552 1340 576; x_wconf 90' lang='lat' dir='ltr'>tua.</span> <span class='ocrx_word' id='word_1_515' title='bbox 1364 547 1512 575; x_wconf 85' lang='lat' dir='ltr'>Considera</span> <span class='ocrx_word' id='word_1_516' title='bbox 1534 547 1634 581; x_wconf 89' lang='lat' dir='ltr'>David,</span> <span class='ocrx_word' id='word_1_517' title='bbox 1663 547 1710 584; x_wconf 87' lang='lat' dir='ltr'>qui</span> <span class='ocrx_word' id='word_1_518' title='bbox 1739 547 1819 575; x_wconf 84' lang='lat' dir='ltr'>dicit:</span> <span class='ocrx_word' id='word_1_519' title='bbox 1847 546 1956 575; x_wconf 68' lang='lat' dir='ltr'>Serene</span> <span class='ocrx_word' id='word_1_520' title='bbox 1984 546 2039 574; x_wconf 90' lang='lat' dir='ltr'>Do-</span> 
     </span>
     <span class='ocr_line' id='line_1_70' title="bbox 1193 594 1940 624; baseline -0.004 0"><span class='ocrx_word' id='word_1_521' title='bbox 1193 597 1273 624; x_wconf 84' lang='lat' dir='ltr'>mino</span> <span class='ocrx_word' id='word_1_522' title='bbox 1295 596 1326 623; x_wconf 89' lang='lat' dir='ltr'>in</span> <span class='ocrx_word' id='word_1_523' title='bbox 1348 595 1450 623; x_wconf 85' lang='lat' dir='ltr'>timore</span> <span class='ocrx_word' id='word_1_524' title='bbox 1470 598 1494 622; x_wconf 90' lang='lat' dir='ltr'>el</span> <span class='ocrx_word' id='word_1_525' title='bbox 1515 594 1654 623; x_wconf 70' lang='lat' dir='ltr'>exsultate</span> <span class='ocrx_word' id='word_1_526' title='bbox 1675 595 1701 623; x_wconf 87' lang='lat' dir='ltr'>ei</span> <span class='ocrx_word' id='word_1_527' title='bbox 1721 603 1788 622; x_wconf 85' lang='lat' dir='ltr'>cum</span> <span class='ocrx_word' id='word_1_528' title='bbox 1811 598 1940 622; x_wconf 81' lang='lat' dir='ltr'>tremore.</span> 
     </span>
    </p>

    <p class='ocr_par' dir='ltr' id='par_1_12' title="bbox 1194 639 2168 1241">
     <span class='ocr_line' id='line_1_71' title="bbox 1278 639 2124 677; baseline -0.004 -7"><span class='ocrx_word' id='word_1_529' title='bbox 1278 644 1318 670; x_wconf 85' lang='lat'>17.</span> <span class='ocrx_word' id='word_1_530' title='bbox 1335 641 1428 669; x_wconf 84' lang='lat' dir='ltr'>Tertio</span> <span class='ocrx_word' id='word_1_531' title='bbox 1443 641 1514 669; x_wconf 88' lang='lat' dir='ltr'>valet</span> <span class='ocrx_word' id='word_1_532' title='bbox 1529 640 1611 669; x_wconf 84' lang='lat' dir='ltr'>timor</span> <span class='ocrx_word' id='word_1_533' title='bbox 1626 641 1673 670; x_wconf 85' lang='lat' dir='ltr'>Dei</span> <span class='ocrx_word' id='word_1_534' title='bbox 1689 641 1722 669; x_wconf 88' lang='lat' dir='ltr'>ad</span> <span class='ocrx_word' id='word_1_535' title='bbox 1736 640 1913 677; x_wconf 82' lang='lat' dir='ltr'>obtinendam</span> <span class='ocrx_word' id='word_1_536' title='bbox 1934 639 2042 668; x_wconf 88' lang='lat' dir='ltr'>divinae</span> <span class='ocrx_word' id='word_1_537' title='bbox 2055 644 2124 663; x_wconf 71' lang='lat' dir='ltr'>Tertia-</span> 
     </span>
     <span class='ocr_line' id='line_1_72' title="bbox 1194 686 2042 727; baseline -0.005 -9"><span class='ocrx_word' id='word_1_538' title='bbox 1194 689 1354 727; x_wconf 85' lang='lat' dir='ltr'>sapientiae</span> <span class='ocrx_word' id='word_1_539' title='bbox 1375 688 1616 722; x_wconf 79' lang='lat' dir='ltr'>illustrationem,</span> <span class='ocrx_word' id='word_1_540' title='bbox 1638 688 1703 725; x_wconf 88' lang='lat' dir='ltr'>quia</span> <span class='ocrx_word' id='word_1_541' title='bbox 1721 687 1907 725; x_wconf 77' lang='lat' dir='ltr'>principium</span> <span class='ocrx_word' id='word_1_542' title='bbox 1927 686 2042 724; x_wconf 84' lang='lat' dir='ltr'>sapien-</span> 
     </span>
     <span class='ocr_line' id='line_1_73' title="bbox 1196 733 2168 770; baseline -0.004 -5"><span class='ocrx_word' id='word_1_543' title='bbox 1196 737 1251 765; x_wconf 84' lang='lat' dir='ltr'>tiae</span> <span class='ocrx_word' id='word_1_544' title='bbox 1273 737 1360 765; x_wconf 83' lang='lat' dir='ltr'>timor</span> <span class='ocrx_word' id='word_1_545' title='bbox 1384 734 1501 763; x_wconf 88' lang='lat' dir='ltr'>Domini</span> <span class='ocrx_word' id='word_1_546' title='bbox 1512 735 1531 762; x_wconf 84' lang='lat'>⁷.</span> <span class='ocrx_word' id='word_1_547' title='bbox 1554 735 1600 763; x_wconf 90' lang='lat' dir='ltr'>Est</span> <span class='ocrx_word' id='word_1_548' title='bbox 1620 735 1691 763; x_wconf 86' lang='lat' dir='ltr'>enim</span> <span class='ocrx_word' id='word_1_549' title='bbox 1716 734 1798 768; x_wconf 86' lang='lat' dir='ltr'>timor</span> <span class='ocrx_word' id='word_1_550' title='bbox 1813 733 1920 762; x_wconf 91' lang='lat' dir='ltr'>Domini</span> <span class='ocrx_word' id='word_1_551' title='bbox 1936 733 2043 770; x_wconf 77' lang='lat' dir='ltr'>sapien·</span> <span class='ocrx_word' id='word_1_552' title='bbox 2056 737 2131 761; x_wconf 67' lang='lat' dir='ltr'>&#39;rrimex</span> <span class='ocrx_word' id='word_1_553' title='bbox 2145 738 2168 756; x_wconf 79' lang='lat' dir='ltr'>ti-</span> 
     </span>
     <span class='ocr_line' id='line_1_74' title="bbox 1196 766 2135 820; baseline -0.004 -8"><span class='ocrx_word' id='word_1_554' title='bbox 1196 784 1248 812; x_wconf 75' lang='lat' dir='ltr'>tiae</span> <span class='ocrx_word' id='word_1_555' title='bbox 1267 782 1451 820; x_wconf 81' lang='lat' dir='ltr'>principium</span> <span class='ocrx_word' id='word_1_556' title='bbox 1471 782 1664 810; x_wconf 66' lang='lat' dir='ltr'>extrinsecum</span> <span class='ocrx_word' id='word_1_557' title='bbox 1687 785 1714 810; x_wconf 90' lang='lat' dir='ltr'>et</span> <span class='ocrx_word' id='word_1_558' title='bbox 1731 781 1917 819; x_wconf 82' lang='lat' dir='ltr'>principium</span> <span class='ocrx_word' id='word_1_559' title='bbox 1938 780 2043 809; x_wconf 82' lang='lat' dir='ltr'>intrin-</span> <span class='ocrx_word' id='word_1_560' title='bbox 2088 766 2135 779; x_wconf 52' lang='lat' dir='ltr'>mor*</span> 
     </span>
     <span class='ocr_line' id='line_1_75' title="bbox 1194 822 2044 866; baseline -0.005 -7"><span class='ocrx_word' id='word_1_561' title='bbox 1194 839 1291 860; x_wconf 84' lang='lat' dir='ltr'>secum</span> <span class='ocrx_word' id='word_1_562' title='bbox 1319 832 1346 858; x_wconf 90' lang='lat' dir='ltr'>et</span> <span class='ocrx_word' id='word_1_563' title='bbox 1368 828 1517 866; x_wconf 84' lang='lat' dir='ltr'>sapientiae</span> <span class='ocrx_word' id='word_1_564' title='bbox 1548 822 1804 865; x_wconf 87' lang='lat' dir='ltr'>complementum‚·</span> <span class='ocrx_word' id='word_1_565' title='bbox 1825 828 1891 865; x_wconf 89' lang='lat' dir='ltr'>quia</span> <span class='ocrx_word' id='word_1_566' title='bbox 1905 830 1947 856; x_wconf 89' lang='lat' dir='ltr'>est</span> <span class='ocrx_word' id='word_1_567' title='bbox 1961 827 2044 855; x_wconf 89' lang='lat' dir='ltr'>timor</span> 
     </span>
     <span class='ocr_line' id='line_1_76' title="bbox 1194 873 2044 912; baseline -0.005 -6"><span class='ocrx_word' id='word_1_568' title='bbox 1194 877 1331 910; x_wconf 75' lang='lat' dir='ltr'>servilis,</span> <span class='ocrx_word' id='word_1_569' title='bbox 1363 879 1390 904; x_wconf 87' lang='lat' dir='ltr'>et</span> <span class='ocrx_word' id='word_1_570' title='bbox 1421 876 1472 904; x_wconf 84' lang='lat' dir='ltr'>iste</span> <span class='ocrx_word' id='word_1_571' title='bbox 1502 878 1544 904; x_wconf 89' lang='lat' dir='ltr'>est</span> <span class='ocrx_word' id='word_1_572' title='bbox 1575 875 1726 904; x_wconf 88' lang='lat' dir='ltr'>initiativus</span> <span class='ocrx_word' id='word_1_573' title='bbox 1761 874 1930 912; x_wconf 78' lang='lat' dir='ltr'>sapientiae,</span> <span class='ocrx_word' id='word_1_574' title='bbox 1963 873 2044 911; x_wconf 87' lang='lat' dir='ltr'>quia,</span> 
     </span>
     <span class='ocr_line' id='line_1_77' title="bbox 1196 921 2044 955; baseline -0.005 -2"><span class='ocrx_word' id='word_1_575' title='bbox 1196 925 1267 953; x_wconf 87' lang='lat' dir='ltr'>sicut</span> <span class='ocrx_word' id='word_1_576' title='bbox 1288 927 1346 952; x_wconf 86' lang='lat' dir='ltr'>seta</span> <span class='ocrx_word' id='word_1_577' title='bbox 1367 922 1518 951; x_wconf 88' lang='lat' dir='ltr'>introducit</span> <span class='ocrx_word' id='word_1_578' title='bbox 1538 922 1617 950; x_wconf 85' lang='lat' dir='ltr'>filum</span> <span class='ocrx_word' id='word_1_579' title='bbox 1638 925 1665 951; x_wconf 89' lang='lat' dir='ltr'>et</span> <span class='ocrx_word' id='word_1_580' title='bbox 1686 931 1740 951; x_wconf 91' lang='lat' dir='ltr'>non</span> <span class='ocrx_word' id='word_1_581' title='bbox 1762 924 1886 951; x_wconf 85' lang='lat' dir='ltr'>remanet</span> <span class='ocrx_word' id='word_1_582' title='bbox 1904 929 1967 950; x_wconf 89' lang='lat' dir='ltr'>cum</span> <span class='ocrx_word' id='word_1_583' title='bbox 1982 921 2044 955; x_wconf 86' lang='lat' dir='ltr'>filo,</span> 
     </span>
     <span class='ocr_line' id='line_1_78' title="bbox 1196 969 2045 1006; baseline -0.005 -6"><span class='ocrx_word' id='word_1_584' title='bbox 1196 972 1234 1000; x_wconf 85' lang='lat' dir='ltr'>ita</span> <span class='ocrx_word' id='word_1_585' title='bbox 1255 972 1337 999; x_wconf 91' lang='lat' dir='ltr'>timor</span> <span class='ocrx_word' id='word_1_586' title='bbox 1358 969 1466 999; x_wconf 86' lang='lat' dir='ltr'>servilis</span> <span class='ocrx_word' id='word_1_587' title='bbox 1487 969 1637 998; x_wconf 85' lang='lat' dir='ltr'>introducit</span> <span class='ocrx_word' id='word_1_588' title='bbox 1658 969 1818 1006; x_wconf 81' lang='lat' dir='ltr'>sapientiam</span> <span class='ocrx_word' id='word_1_589' title='bbox 1841 971 1868 997; x_wconf 89' lang='lat' dir='ltr'>et</span> <span class='ocrx_word' id='word_1_590' title='bbox 1886 976 1940 996; x_wconf 94' lang='lat' dir='ltr'>non</span> <span class='ocrx_word' id='word_1_591' title='bbox 1956 975 2045 996; x_wconf 86' lang='lat' dir='ltr'>rema-</span> 
     </span>
     <span class='ocr_line' id='line_1_79' title="bbox 1196 1014 2045 1054; baseline -0.005 -7"><span class='ocrx_word' id='word_1_592' title='bbox 1196 1021 1244 1047; x_wconf 88' lang='lat' dir='ltr'>net</span> <span class='ocrx_word' id='word_1_593' title='bbox 1264 1026 1327 1046; x_wconf 88' lang='lat' dir='ltr'>cum</span> <span class='ocrx_word' id='word_1_594' title='bbox 1350 1016 1482 1054; x_wconf 85' lang='lat' dir='ltr'>sapientia</span> <span class='ocrx_word' id='word_1_595' title='bbox 1493 1016 1512 1044; x_wconf 74' lang='lat'>⁸.</span> <span class='ocrx_word' id='word_1_596' title='bbox 1536 1016 1609 1044; x_wconf 73' lang='lat' dir='ltr'>Alius</span> <span class='ocrx_word' id='word_1_597' title='bbox 1630 1020 1670 1045; x_wconf 88' lang='lat' dir='ltr'>est</span> <span class='ocrx_word' id='word_1_598' title='bbox 1692 1016 1774 1044; x_wconf 90' lang='lat' dir='ltr'>timor</span> <span class='ocrx_word' id='word_1_599' title='bbox 1795 1015 1931 1043; x_wconf 88' lang='lat' dir='ltr'>vindictae</span> <span class='ocrx_word' id='word_1_600' title='bbox 1956 1017 1983 1043; x_wconf 89' lang='lat' dir='ltr'>et</span> <span class='ocrx_word' id='word_1_601' title='bbox 2007 1014 2045 1043; x_wconf 91' lang='lat' dir='ltr'>of-</span> 
     </span>
     <span class='ocr_line' id='line_1_80' title="bbox 1196 1062 2045 1100; baseline -0.006 -6"><span class='ocrx_word' id='word_1_602' title='bbox 1196 1065 1289 1094; x_wconf 74' lang='lat' dir='ltr'>fensae</span> <span class='ocrx_word' id='word_1_603' title='bbox 1310 1064 1356 1092; x_wconf 84' lang='lat' dir='ltr'>Dei</span> <span class='ocrx_word' id='word_1_604' title='bbox 1371 1075 1377 1097; x_wconf 89' lang='lat'>;</span> <span class='ocrx_word' id='word_1_605' title='bbox 1399 1067 1424 1092; x_wconf 84' lang='lat' dir='ltr'>el</span> <span class='ocrx_word' id='word_1_606' title='bbox 1447 1064 1498 1092; x_wconf 87' lang='lat' dir='ltr'>iste</span> <span class='ocrx_word' id='word_1_607' title='bbox 1512 1066 1554 1092; x_wconf 86' lang='lat' dir='ltr'>est</span> <span class='ocrx_word' id='word_1_608' title='bbox 1568 1063 1676 1091; x_wconf 91' lang='lat' dir='ltr'>initium</span> <span class='ocrx_word' id='word_1_609' title='bbox 1691 1062 1840 1100; x_wconf 87' lang='lat' dir='ltr'>sapientiae</span> <span class='ocrx_word' id='word_1_610' title='bbox 1856 1062 2045 1090; x_wconf 84' lang='lat' dir='ltr'>intrinsecum</span> 
     </span>
     <span class='ocr_line' id='line_1_81' title="bbox 1197 1108 2046 1148; baseline -0.005 -8"><span class='ocrx_word' id='word_1_611' title='bbox 1197 1115 1224 1141; x_wconf 91' lang='lat' dir='ltr'>et</span> <span class='ocrx_word' id='word_1_612' title='bbox 1246 1112 1336 1140; x_wconf 78' lang='lat' dir='ltr'>radia·</span> <span class='ocrx_word' id='word_1_613' title='bbox 1357 1111 1525 1148; x_wconf 80' lang='lat' dir='ltr'>sapientiae.</span> <span class='ocrx_word' id='word_1_614' title='bbox 1549 1110 1659 1139; x_wconf 85' lang='lat' dir='ltr'>Tertius</span> <span class='ocrx_word' id='word_1_615' title='bbox 1679 1113 1721 1139; x_wconf 90' lang='lat' dir='ltr'>est</span> <span class='ocrx_word' id='word_1_616' title='bbox 1746 1109 1828 1137; x_wconf 90' lang='lat' dir='ltr'>timor</span> <span class='ocrx_word' id='word_1_617' title='bbox 1857 1108 1948 1137; x_wconf 82' lang='lat' dir='ltr'>filialis</span> <span class='ocrx_word' id='word_1_618' title='bbox 1968 1116 2046 1137; x_wconf 88' lang='lat' dir='ltr'>reve-</span> 
     </span>
     <span class='ocr_line' id='line_1_82' title="bbox 1198 1155 2048 1194; baseline -0.005 -7"><span class='ocrx_word' id='word_1_619' title='bbox 1198 1159 1321 1192; x_wconf 88' lang='lat' dir='ltr'>rentiae;</span> <span class='ocrx_word' id='word_1_620' title='bbox 1351 1160 1378 1186; x_wconf 88' lang='lat' dir='ltr'>ct</span> <span class='ocrx_word' id='word_1_621' title='bbox 1403 1157 1453 1186; x_wconf 87' lang='lat' dir='ltr'>iste</span> <span class='ocrx_word' id='word_1_622' title='bbox 1474 1160 1515 1186; x_wconf 91' lang='lat' dir='ltr'>est</span> <span class='ocrx_word' id='word_1_623' title='bbox 1536 1157 1685 1194; x_wconf 83' lang='lat' dir='ltr'>sapientiae</span> <span class='ocrx_word' id='word_1_624' title='bbox 1706 1156 1960 1193; x_wconf 83' lang='lat' dir='ltr'>complementum,</span> <span class='ocrx_word' id='word_1_625' title='bbox 1982 1155 2048 1192; x_wconf 84' lang='lat' dir='ltr'>quia</span> 
     </span>
     <span class='ocr_line' id='line_1_83' title="bbox 1197 1203 1828 1241; baseline -0.003 -9"><span class='ocrx_word' id='word_1_626' title='bbox 1197 1204 1343 1241; x_wconf 81' lang='lat' dir='ltr'>plenitudo</span> <span class='ocrx_word' id='word_1_627' title='bbox 1365 1204 1525 1241; x_wconf 80' lang='lat' dir='ltr'>sapientiae</span> <span class='ocrx_word' id='word_1_628' title='bbox 1545 1207 1585 1232; x_wconf 84' lang='lat' dir='ltr'>est</span> <span class='ocrx_word' id='word_1_629' title='bbox 1607 1204 1706 1232; x_wconf 80' lang='lat' dir='ltr'>timere</span> <span class='ocrx_word' id='word_1_630' title='bbox 1728 1203 1828 1231; x_wconf 85' lang='lat' dir='ltr'>Deum.</span> 
     </span>
    </p>

    <p class='ocr_par' dir='ltr' id='par_1_13' title="bbox 1199 1248 2180 2365">
     <span class='ocr_line' id='line_1_84' title="bbox 1281 1248 2176 1296; baseline -0.003 -17"><span class='ocrx_word' id='word_1_631' title='bbox 1281 1252 1324 1279; x_wconf 87' lang='lat'>18.</span> <span class='ocrx_word' id='word_1_632' title='bbox 1348 1251 1400 1279; x_wconf 85' lang='lat' dir='ltr'>Ista</span> <span class='ocrx_word' id='word_1_633' title='bbox 1422 1251 1474 1279; x_wconf 83' lang='lat' dir='ltr'>tria</span> <span class='ocrx_word' id='word_1_634' title='bbox 1495 1250 1558 1279; x_wconf 83' lang='lat' dir='ltr'>tacit</span> <span class='ocrx_word' id='word_1_635' title='bbox 1581 1250 1661 1278; x_wconf 90' lang='lat' dir='ltr'>timor</span> <span class='ocrx_word' id='word_1_636' title='bbox 1682 1250 1708 1278; x_wconf 92' lang='lat' dir='ltr'>in</span> <span class='ocrx_word' id='word_1_637' title='bbox 1731 1249 1823 1283; x_wconf 85' lang='lat' dir='ltr'>nobis,</span> <span class='ocrx_word' id='word_1_638' title='bbox 1852 1249 1917 1285; x_wconf 87' lang='lat' dir='ltr'>quia</span> <span class='ocrx_word' id='word_1_639' title='bbox 1934 1248 2047 1286; x_wconf 84' lang='lat' dir='ltr'>princi—</span> <span class='ocrx_word' id='word_1_640' title='bbox 2061 1253 2130 1296; x_wconf 53' lang='lat' dir='ltr'>negas</span> <span class='ocrx_word' id='word_1_641' title='bbox 2144 1253 2176 1272; x_wconf 76' lang='lat' dir='ltr'>tri-</span> 
     </span>
     <span class='ocr_line' id='line_1_85' title="bbox 1199 1282 2140 1335; baseline -0.004 -9"><span class='ocrx_word' id='word_1_642' title='bbox 1199 1299 1283 1335; x_wconf 84' lang='lat' dir='ltr'>pium</span> <span class='ocrx_word' id='word_1_643' title='bbox 1304 1298 1464 1335; x_wconf 85' lang='lat' dir='ltr'>sapientiae</span> <span class='ocrx_word' id='word_1_644' title='bbox 1486 1298 1573 1325; x_wconf 83' lang='lat' dir='ltr'>timor</span> <span class='ocrx_word' id='word_1_645' title='bbox 1592 1297 1726 1329; x_wconf 72' lang='lat' dir='ltr'>Domini:</span> <span class='ocrx_word' id='word_1_646' title='bbox 1741 1299 1768 1325; x_wconf 86' lang='lat' dir='ltr'>et</span> <span class='ocrx_word' id='word_1_647' title='bbox 1783 1296 1873 1324; x_wconf 63' lang='lat' dir='ltr'>radix</span> <span class='ocrx_word' id='word_1_648' title='bbox 1887 1294 2048 1332; x_wconf 80' lang='lat' dir='ltr'>sapientiae</span> <span class='ocrx_word' id='word_1_649' title='bbox 2111 1282 2140 1296; x_wconf 68' lang='lat'>&#39;³⁵&#39;</span> 
     </span>
     <span class='ocr_line' id='line_1_86' title="bbox 1201 1342 2048 1381; baseline -0.005 -8"><span class='ocrx_word' id='word_1_650' title='bbox 1201 1345 1298 1374; x_wconf 82' lang='lat' dir='ltr'>timere</span> <span class='ocrx_word' id='word_1_651' title='bbox 1322 1345 1427 1378; x_wconf 80' lang='lat' dir='ltr'>Deum,</span> <span class='ocrx_word' id='word_1_652' title='bbox 1443 1347 1470 1372; x_wconf 87' lang='lat' dir='ltr'>et</span> <span class='ocrx_word' id='word_1_653' title='bbox 1488 1344 1636 1381; x_wconf 75' lang='lat' dir='ltr'>plenitudo</span> <span class='ocrx_word' id='word_1_654' title='bbox 1650 1343 1811 1380; x_wconf 78' lang='lat' dir='ltr'>sapientiae</span> <span class='ocrx_word' id='word_1_655' title='bbox 1827 1342 1926 1370; x_wconf 86' lang='lat' dir='ltr'>timere</span> <span class='ocrx_word' id='word_1_656' title='bbox 1942 1342 2048 1375; x_wconf 89' lang='lat' dir='ltr'>Deum;</span> 
     </span>
     <span class='ocr_line' id='line_1_87' title="bbox 1201 1388 2047 1427; baseline -0.006 -6"><span class='ocrx_word' id='word_1_657' title='bbox 1201 1392 1284 1421; x_wconf 59' lang='lat' dir='ltr'>lohss:</span> <span class='ocrx_word' id='word_1_658' title='bbox 1308 1393 1394 1425; x_wconf 76' lang='lat' dir='ltr'>Eece,</span> <span class='ocrx_word' id='word_1_659' title='bbox 1418 1391 1504 1419; x_wconf 83' lang='lat' dir='ltr'>timor</span> <span class='ocrx_word' id='word_1_660' title='bbox 1528 1390 1644 1419; x_wconf 83' lang='lat' dir='ltr'>Domini</span> <span class='ocrx_word' id='word_1_661' title='bbox 1665 1390 1731 1427; x_wconf 84' lang='lat' dir='ltr'>ipsa</span> <span class='ocrx_word' id='word_1_662' title='bbox 1755 1393 1795 1418; x_wconf 73' lang='lat' dir='ltr'>es!</span> <span class='ocrx_word' id='word_1_663' title='bbox 1820 1389 1974 1426; x_wconf 80' lang='lat' dir='ltr'>sapientia.</span> <span class='ocrx_word' id='word_1_664' title='bbox 1996 1388 2047 1425; x_wconf 86' lang='lat' dir='ltr'>Qui</span> 
     </span>
     <span class='ocr_line' id='line_1_88' title="bbox 1201 1435 2049 1473; baseline -0.006 -5"><span class='ocrx_word' id='word_1_665' title='bbox 1201 1448 1255 1468; x_wconf 91' lang='lat' dir='ltr'>non</span> <span class='ocrx_word' id='word_1_666' title='bbox 1280 1439 1356 1467; x_wconf 87' lang='lat' dir='ltr'>timet</span> <span class='ocrx_word' id='word_1_667' title='bbox 1377 1439 1480 1471; x_wconf 91' lang='lat' dir='ltr'>Deum,</span> <span class='ocrx_word' id='word_1_668' title='bbox 1502 1437 1571 1465; x_wconf 91' lang='lat' dir='ltr'>nihil</span> <span class='ocrx_word' id='word_1_669' title='bbox 1593 1437 1651 1465; x_wconf 88' lang='lat' dir='ltr'>scit.</span> <span class='ocrx_word' id='word_1_670' title='bbox 1676 1437 1706 1464; x_wconf 86' lang='lat' dir='ltr'>Et</span> <span class='ocrx_word' id='word_1_671' title='bbox 1731 1436 1797 1473; x_wconf 87' lang='lat' dir='ltr'>quia</span> <span class='ocrx_word' id='word_1_672' title='bbox 1830 1436 1912 1464; x_wconf 89' lang='lat' dir='ltr'>timor</span> <span class='ocrx_word' id='word_1_673' title='bbox 1941 1435 2049 1463; x_wconf 88' lang='lat' dir='ltr'>Domini</span> 
     </span>
     <span class='ocr_line' id='line_1_89' title="bbox 1201 1482 2050 1520; baseline -0.006 -5"><span class='ocrx_word' id='word_1_674' title='bbox 1201 1487 1274 1515; x_wconf 90' lang='lat' dir='ltr'>valet</span> <span class='ocrx_word' id='word_1_675' title='bbox 1294 1486 1328 1514; x_wconf 91' lang='lat' dir='ltr'>ad</span> <span class='ocrx_word' id='word_1_676' title='bbox 1358 1486 1410 1514; x_wconf 86' lang='lat' dir='ltr'>ista</span> <span class='ocrx_word' id='word_1_677' title='bbox 1441 1485 1509 1519; x_wconf 78' lang='lat' dir='ltr'>tria,</span> <span class='ocrx_word' id='word_1_678' title='bbox 1531 1484 1634 1513; x_wconf 81' lang='lat' dir='ltr'>scilicet</span> <span class='ocrx_word' id='word_1_679' title='bbox 1654 1484 1688 1512; x_wconf 83' lang='lat' dir='ltr'>ad</span> <span class='ocrx_word' id='word_1_680' title='bbox 1720 1483 1920 1520; x_wconf 84' lang='lat' dir='ltr'>impetrandam</span> <span class='ocrx_word' id='word_1_681' title='bbox 1942 1482 2050 1511; x_wconf 88' lang='lat' dir='ltr'>divinae</span> 
     </span>
     <span class='ocr_line' id='line_1_90' title="bbox 1202 1529 2050 1570; baseline -0.006 -8"><span class='ocrx_word' id='word_1_682' title='bbox 1202 1533 1351 1570; x_wconf 86' lang='lat' dir='ltr'>sapientiae</span> <span class='ocrx_word' id='word_1_683' title='bbox 1372 1531 1558 1565; x_wconf 83' lang='lat' dir='ltr'>influentiam,</span> <span class='ocrx_word' id='word_1_684' title='bbox 1580 1531 1613 1559; x_wconf 85' lang='lat' dir='ltr'>ad</span> <span class='ocrx_word' id='word_1_685' title='bbox 1636 1529 1864 1559; x_wconf 85' lang='lat' dir='ltr'>introducendam</span> <span class='ocrx_word' id='word_1_686' title='bbox 1885 1529 1994 1558; x_wconf 85' lang='lat' dir='ltr'>divinae</span> <span class='ocrx_word' id='word_1_687' title='bbox 2008 1529 2050 1557; x_wconf 91' lang='lat' dir='ltr'>iu-</span> 
     </span>
     <span class='ocr_line' id='line_1_91' title="bbox 1202 1577 2052 1608; baseline -0.005 0"><span class='ocrx_word' id='word_1_688' title='bbox 1202 1580 1291 1608; x_wconf 85' lang='lat' dir='ltr'>stitiae</span> <span class='ocrx_word' id='word_1_689' title='bbox 1323 1579 1515 1608; x_wconf 86' lang='lat' dir='ltr'>rectitudinem</span> <span class='ocrx_word' id='word_1_690' title='bbox 1548 1581 1575 1607; x_wconf 89' lang='lat' dir='ltr'>et</span> <span class='ocrx_word' id='word_1_691' title='bbox 1606 1578 1639 1606; x_wconf 88' lang='lat' dir='ltr'>ad</span> <span class='ocrx_word' id='word_1_692' title='bbox 1670 1577 1847 1606; x_wconf 90' lang='lat' dir='ltr'>obtinendam</span> <span class='ocrx_word' id='word_1_693' title='bbox 1879 1577 1987 1605; x_wconf 86' lang='lat' dir='ltr'>divinae</span> <span class='ocrx_word' id='word_1_694' title='bbox 2009 1584 2052 1605; x_wconf 90' lang='lat' dir='ltr'>sa-</span> 
     </span>
     <span class='ocr_line' id='line_1_92' title="bbox 1202 1624 2180 1664; baseline -0.004 -9"><span class='ocrx_word' id='word_1_695' title='bbox 1202 1627 1321 1664; x_wconf 88' lang='lat' dir='ltr'>pientiae</span> <span class='ocrx_word' id='word_1_696' title='bbox 1353 1625 1583 1659; x_wconf 82' lang='lat' dir='ltr'>illustrationem3</span> <span class='ocrx_word' id='word_1_697' title='bbox 1606 1625 1666 1653; x_wconf 88' lang='lat' dir='ltr'>ideo</span> <span class='ocrx_word' id='word_1_698' title='bbox 1697 1625 1762 1653; x_wconf 91' lang='lat' dir='ltr'>dicit</span> <span class='ocrx_word' id='word_1_699' title='bbox 1793 1624 2000 1653; x_wconf 84' lang='lat' dir='ltr'>Ecclesiasticus</span> <span class='ocrx_word' id='word_1_700' title='bbox 2012 1624 2180 1651; x_wconf 72' lang='lat' dir='ltr'>¹⁰:Exhortatio-</span> 
     </span>
     <span class='ocr_line' id='line_1_93' title="bbox 1210 1670 2052 1708; baseline -0.004 -7"><span class='ocrx_word' id='word_1_701' title='bbox 1210 1673 1310 1701; x_wconf 85' lang='lat' dir='ltr'>Timor</span> <span class='ocrx_word' id='word_1_702' title='bbox 1332 1672 1451 1701; x_wconf 84' lang='lat' dir='ltr'>Domini</span> <span class='ocrx_word' id='word_1_703' title='bbox 1479 1672 1557 1700; x_wconf 86' lang='lat' dir='ltr'>sicut</span> <span class='ocrx_word' id='word_1_704' title='bbox 1584 1671 1750 1708; x_wconf 76' lang='lat' dir='ltr'>paradisus</span> <span class='ocrx_word' id='word_1_705' title='bbox 1781 1671 1992 1700; x_wconf 81' lang='lat' dir='ltr'>benedictionis.</span> <span class='ocrx_word' id='word_1_706' title='bbox 2020 1670 2052 1698; x_wconf 83' lang='lat' dir='ltr'>Et</span> 
     </span>
     <span class='ocr_line' id='line_1_94' title="bbox 1203 1717 2049 1755; baseline -0.002 -8"><span class='ocrx_word' id='word_1_707' title='bbox 1203 1720 1331 1748; x_wconf 85' lang='lat' dir='ltr'>Salomon</span> <span class='ocrx_word' id='word_1_708' title='bbox 1353 1719 1380 1747; x_wconf 93' lang='lat' dir='ltr'>in</span> <span class='ocrx_word' id='word_1_709' title='bbox 1402 1718 1570 1747; x_wconf 85' lang='lat' dir='ltr'>Proverbiis:</span> <span class='ocrx_word' id='word_1_710' title='bbox 1600 1718 1699 1746; x_wconf 85' lang='lat' dir='ltr'>Timor</span> <span class='ocrx_word' id='word_1_711' title='bbox 1732 1718 1850 1746; x_wconf 85' lang='lat' dir='ltr'>Domini</span> <span class='ocrx_word' id='word_1_712' title='bbox 1868 1717 1936 1755; x_wconf 78' lang='lat' dir='ltr'>fons</span> <span class='ocrx_word' id='word_1_713' title='bbox 1956 1717 2049 1751; x_wconf 82' lang='lat' dir='ltr'>vitae,</span> 
     </span>
     <span class='ocr_line' id='line_1_95' title="bbox 1203 1765 2051 1805; baseline -0.002 -10"><span class='ocrx_word' id='word_1_714' title='bbox 1203 1770 1235 1795; x_wconf 89' lang='lat' dir='ltr'>ul</span> <span class='ocrx_word' id='word_1_715' title='bbox 1256 1766 1396 1805; x_wconf 81' lang='lat' dir='ltr'>declinent</span> <span class='ocrx_word' id='word_1_716' title='bbox 1423 1774 1443 1793; x_wconf 86' lang='lat' dir='ltr'>a</span> <span class='ocrx_word' id='word_1_717' title='bbox 1473 1765 1566 1793; x_wconf 83' lang='lat' dir='ltr'>ruina</span> <span class='ocrx_word' id='word_1_718' title='bbox 1596 1765 1717 1798; x_wconf 83' lang='lat' dir='ltr'>morlis;</span> <span class='ocrx_word' id='word_1_719' title='bbox 1749 1765 1890 1793; x_wconf 85' lang='lat' dir='ltr'>Ieremias:</span> <span class='ocrx_word' id='word_1_720' title='bbox 1920 1765 1996 1793; x_wconf 88' lang='lat' dir='ltr'>Scito</span> <span class='ocrx_word' id='word_1_721' title='bbox 2027 1768 2051 1793; x_wconf 88' lang='lat' dir='ltr'>et</span> 
     </span>
     <span class='ocr_line' id='line_1_96' title="bbox 1202 1811 2052 1851; baseline -0.002 -9"><span class='ocrx_word' id='word_1_722' title='bbox 1202 1814 1283 1847; x_wconf 75' lang='lat' dir='ltr'>vide,</span> <span class='ocrx_word' id='word_1_723' title='bbox 1308 1813 1380 1851; x_wconf 74' lang='lat' dir='ltr'>quia</span> <span class='ocrx_word' id='word_1_724' title='bbox 1394 1812 1508 1840; x_wconf 87' lang='lat' dir='ltr'>malum</span> <span class='ocrx_word' id='word_1_725' title='bbox 1528 1816 1553 1839; x_wconf 90' lang='lat' dir='ltr'>et</span> <span class='ocrx_word' id='word_1_726' title='bbox 1574 1820 1716 1840; x_wconf 78' lang='lat' dir='ltr'>amarum</span> <span class='ocrx_word' id='word_1_727' title='bbox 1740 1815 1796 1846; x_wconf 86' lang='lat' dir='ltr'>est,</span> <span class='ocrx_word' id='word_1_728' title='bbox 1819 1815 1843 1839; x_wconf 88' lang='lat' dir='ltr'>te</span> <span class='ocrx_word' id='word_1_729' title='bbox 1867 1811 2052 1850; x_wconf 78' lang='lat' dir='ltr'>dereliquisse</span> 
     </span>
     <span class='ocr_line' id='line_1_97' title="bbox 1205 1858 2053 1892; baseline -0.004 -3"><span class='ocrx_word' id='word_1_730' title='bbox 1205 1860 1365 1889; x_wconf 89' lang='lat' dir='ltr'>Dominum</span> <span class='ocrx_word' id='word_1_731' title='bbox 1388 1859 1480 1887; x_wconf 82' lang='lat' dir='ltr'>Deum</span> <span class='ocrx_word' id='word_1_732' title='bbox 1502 1862 1602 1892; x_wconf 70' lang='lat' dir='ltr'>tinem,</span> <span class='ocrx_word' id='word_1_733' title='bbox 1625 1862 1650 1886; x_wconf 86' lang='lat' dir='ltr'>et</span> <span class='ocrx_word' id='word_1_734' title='bbox 1677 1867 1736 1887; x_wconf 82' lang='lat' dir='ltr'>non</span> <span class='ocrx_word' id='word_1_735' title='bbox 1759 1867 1818 1886; x_wconf 92' lang='lat' dir='ltr'>esse</span> <span class='ocrx_word' id='word_1_736' title='bbox 1843 1860 1976 1887; x_wconf 83' lang='lat' dir='ltr'>timorem</span> <span class='ocrx_word' id='word_1_737' title='bbox 1996 1858 2053 1886; x_wconf 86' lang='lat' dir='ltr'>mei</span> 
     </span>
     <span class='ocr_line' id='line_1_98' title="bbox 1204 1905 2051 1945; baseline -0.004 -9"><span class='ocrx_word' id='word_1_738' title='bbox 1204 1907 1285 1945; x_wconf 85' lang='lat' dir='ltr'>apud</span> <span class='ocrx_word' id='word_1_739' title='bbox 1300 1911 1332 1935; x_wconf 88' lang='lat' dir='ltr'>te.</span> <span class='ocrx_word' id='word_1_740' title='bbox 1349 1906 1374 1934; x_wconf 90' lang='lat' dir='ltr'>Si</span> <span class='ocrx_word' id='word_1_741' title='bbox 1390 1914 1444 1934; x_wconf 93' lang='lat' dir='ltr'>non</span> <span class='ocrx_word' id='word_1_742' title='bbox 1466 1905 1547 1934; x_wconf 87' lang='lat' dir='ltr'>times</span> <span class='ocrx_word' id='word_1_743' title='bbox 1568 1905 1672 1939; x_wconf 85' lang='lat' dir='ltr'>Deum,</span> <span class='ocrx_word' id='word_1_744' title='bbox 1688 1905 1829 1942; x_wconf 84' lang='lat' dir='ltr'>perdidisti</span> <span class='ocrx_word' id='word_1_745' title='bbox 1845 1905 1975 1942; x_wconf 83' lang='lat' dir='ltr'>gratiam,</span> <span class='ocrx_word' id='word_1_746' title='bbox 1990 1913 2051 1942; x_wconf 89' lang='lat' dir='ltr'>per-</span> 
     </span>
     <span class='ocr_line' id='line_1_99' title="bbox 1204 1952 2053 1989; baseline -0.004 -6"><span class='ocrx_word' id='word_1_747' title='bbox 1204 1954 1295 1983; x_wconf 88' lang='lat' dir='ltr'>didisti</span> <span class='ocrx_word' id='word_1_748' title='bbox 1310 1953 1443 1982; x_wconf 86' lang='lat' dir='ltr'>iustitiam</span> <span class='ocrx_word' id='word_1_749' title='bbox 1464 1955 1491 1981; x_wconf 89' lang='lat' dir='ltr'>et</span> <span class='ocrx_word' id='word_1_750' title='bbox 1515 1952 1657 1989; x_wconf 88' lang='lat' dir='ltr'>perdidisti</span> <span class='ocrx_word' id='word_1_751' title='bbox 1679 1960 1772 1980; x_wconf 84' lang='lat' dir='ltr'>veram</span> <span class='ocrx_word' id='word_1_752' title='bbox 1794 1952 1963 1989; x_wconf 87' lang='lat' dir='ltr'>sapientiam.</span> <span class='ocrx_word' id='word_1_753' title='bbox 1986 1952 2053 1980; x_wconf 83' lang='lat' dir='ltr'>Vide</span> 
     </span>
     <span class='ocr_line' id='line_1_100' title="bbox 1204 1999 2053 2039; baseline -0.004 -9"><span class='ocrx_word' id='word_1_754' title='bbox 1204 2010 1286 2038; x_wconf 83' lang='lat' dir='ltr'>ergo,</span> <span class='ocrx_word' id='word_1_755' title='bbox 1302 2009 1392 2039; x_wconf 79' lang='lat' dir='ltr'>quam</span> <span class='ocrx_word' id='word_1_756' title='bbox 1412 1999 1526 2028; x_wconf 85' lang='lat' dir='ltr'>malum</span> <span class='ocrx_word' id='word_1_757' title='bbox 1547 2002 1573 2027; x_wconf 84' lang='lat' dir='ltr'>et</span> <span class='ocrx_word' id='word_1_758' title='bbox 1593 2007 1734 2027; x_wconf 81' lang='lat' dir='ltr'>amarum</span> <span class='ocrx_word' id='word_1_759' title='bbox 1755 2002 1808 2032; x_wconf 80' lang='lat' dir='ltr'>est,</span> <span class='ocrx_word' id='word_1_760' title='bbox 1831 2003 1855 2027; x_wconf 88' lang='lat' dir='ltr'>te</span> <span class='ocrx_word' id='word_1_761' title='bbox 1869 1999 2053 2037; x_wconf 77' lang='lat' dir='ltr'>dereliquisse</span> 
     </span>
     <span class='ocr_line' id='line_1_101' title="bbox 1206 2046 2052 2079; baseline -0.004 -2"><span class='ocrx_word' id='word_1_762' title='bbox 1206 2049 1364 2077; x_wconf 83' lang='lat' dir='ltr'>Dominum</span> <span class='ocrx_word' id='word_1_763' title='bbox 1389 2048 1478 2076; x_wconf 85' lang='lat' dir='ltr'>Deum</span> <span class='ocrx_word' id='word_1_764' title='bbox 1500 2050 1592 2075; x_wconf 84' lang='lat' dir='ltr'>tuum.</span> <span class='ocrx_word' id='word_1_765' title='bbox 1609 2046 1658 2075; x_wconf 90' lang='lat' dir='ltr'>Ubi</span> <span class='ocrx_word' id='word_1_766' title='bbox 1680 2054 1733 2074; x_wconf 90' lang='lat' dir='ltr'>non</span> <span class='ocrx_word' id='word_1_767' title='bbox 1756 2049 1797 2074; x_wconf 83' lang='lat' dir='ltr'>cst</span> <span class='ocrx_word' id='word_1_768' title='bbox 1819 2046 1916 2079; x_wconf 87' lang='lat' dir='ltr'>timor,</span> <span class='ocrx_word' id='word_1_769' title='bbox 1939 2046 1976 2074; x_wconf 89' lang='lat' dir='ltr'>ibi</span> <span class='ocrx_word' id='word_1_770' title='bbox 1997 2054 2052 2074; x_wconf 89' lang='lat' dir='ltr'>non</span> 
     </span>
     <span class='ocr_line' id='line_1_102' title="bbox 1205 2092 2052 2132; baseline -0.006 -7"><span class='ocrx_word' id='word_1_771' title='bbox 1205 2099 1247 2125; x_wconf 86' lang='lat' dir='ltr'>est</span> <span class='ocrx_word' id='word_1_772' title='bbox 1268 2095 1401 2132; x_wconf 88' lang='lat' dir='ltr'>sapientia</span> <span class='ocrx_word' id='word_1_773' title='bbox 1422 2102 1471 2123; x_wconf 91' lang='lat' dir='ltr'>nec</span> <span class='ocrx_word' id='word_1_774' title='bbox 1493 2093 1597 2122; x_wconf 82' lang='lat' dir='ltr'>iustitia</span> <span class='ocrx_word' id='word_1_775' title='bbox 1618 2101 1668 2122; x_wconf 89' lang='lat' dir='ltr'>nec</span> <span class='ocrx_word' id='word_1_776' title='bbox 1689 2093 1785 2129; x_wconf 86' lang='lat' dir='ltr'>gratia.</span> <span class='ocrx_word' id='word_1_777' title='bbox 1809 2092 1982 2121; x_wconf 84' lang='lat' dir='ltr'>Psalmus¹¹:</span> <span class='ocrx_word' id='word_1_778' title='bbox 2005 2092 2052 2121; x_wconf 88' lang='lat' dir='ltr'>Se-</span> 
     </span>
     <span class='ocr_line' id='line_1_103' title="bbox 1202 2139 2053 2180; baseline -0.005 -9"><span class='ocrx_word' id='word_1_779' title='bbox 1202 2143 1343 2180; x_wconf 80' lang='lat' dir='ltr'>pulcrum</span> <span class='ocrx_word' id='word_1_780' title='bbox 1364 2145 1466 2178; x_wconf 77' lang='lat' dir='ltr'>patens</span> <span class='ocrx_word' id='word_1_781' title='bbox 1487 2144 1526 2169; x_wconf 84' lang='lat' dir='ltr'>est</span> <span class='ocrx_word' id='word_1_782' title='bbox 1545 2144 1651 2178; x_wconf 68' lang='lat' dir='ltr'>quitur</span> <span class='ocrx_word' id='word_1_783' title='bbox 1672 2148 1786 2174; x_wconf 82' lang='lat' dir='ltr'>eorum,</span> <span class='ocrx_word' id='word_1_784' title='bbox 1808 2148 1949 2168; x_wconf 80' lang='lat' dir='ltr'>venenum</span> <span class='ocrx_word' id='word_1_785' title='bbox 1973 2139 2053 2176; x_wconf 74' lang='lat' dir='ltr'>aspi-</span> 
     </span>
     <span class='ocr_line' id='line_1_104' title="bbox 1206 2186 2052 2224; baseline -0.005 -6"><span class='ocrx_word' id='word_1_786' title='bbox 1206 2190 1278 2218; x_wconf 85' lang='lat' dir='ltr'>dum</span> <span class='ocrx_word' id='word_1_787' title='bbox 1298 2189 1352 2217; x_wconf 79' lang='lat' dir='ltr'>sub</span> <span class='ocrx_word' id='word_1_788' title='bbox 1374 2189 1460 2217; x_wconf 78' lang='lat' dir='ltr'>labiis</span> <span class='ocrx_word' id='word_1_789' title='bbox 1474 2197 1573 2216; x_wconf 79' lang='lat' dir='ltr'>eornm</span> <span class='ocrx_word' id='word_1_790' title='bbox 1584 2210 1592 2221; x_wconf 86' lang='lat'>,</span> <span class='ocrx_word' id='word_1_791' title='bbox 1609 2187 1718 2224; x_wconf 72' lang='lat' dir='ltr'>tinyuis</span> <span class='ocrx_word' id='word_1_792' title='bbox 1732 2187 1795 2215; x_wconf 89' lang='lat' dir='ltr'>suis</span> <span class='ocrx_word' id='word_1_793' title='bbox 1810 2186 1904 2215; x_wconf 84' lang='lat' dir='ltr'>dolose</span> <span class='ocrx_word' id='word_1_794' title='bbox 1919 2186 2052 2222; x_wconf 68' lang='lat' dir='ltr'>aqebant,</span> 
     </span>
     <span class='ocr_line' id='line_1_105' title="bbox 1206 2233 2053 2273; baseline -0.005 -8"><span class='ocrx_word' id='word_1_795' title='bbox 1206 2237 1311 2265; x_wconf 76' lang='lat' dir='ltr'>veloces</span> <span class='ocrx_word' id='word_1_796' title='bbox 1330 2236 1415 2273; x_wconf 75' lang='lat' dir='ltr'>pedes</span> <span class='ocrx_word' id='word_1_797' title='bbox 1435 2244 1534 2264; x_wconf 86' lang='lat' dir='ltr'>eorum</span> <span class='ocrx_word' id='word_1_798' title='bbox 1565 2235 1605 2264; x_wconf 81' lang='lat' dir='ltr'>ad</span> <span class='ocrx_word' id='word_1_799' title='bbox 1636 2233 1841 2272; x_wconf 78' lang='lat' dir='ltr'>effundendum</span> <span class='ocrx_word' id='word_1_800' title='bbox 1861 2233 2053 2271; x_wconf 63' lang='lat' dir='ltr'>sanquinem,-</span> 
     </span>
     <span class='ocr_line' id='line_1_106' title="bbox 1207 2279 2053 2321; baseline -0.005 -10"><span class='ocrx_word' id='word_1_801' title='bbox 1207 2291 1334 2321; x_wconf 80' lang='lat' dir='ltr'>quorum</span> <span class='ocrx_word' id='word_1_802' title='bbox 1356 2291 1386 2310; x_wconf 81' lang='lat' dir='ltr'>os</span> <span class='ocrx_word' id='word_1_803' title='bbox 1402 2281 1600 2310; x_wconf 70' lang='lat' dir='ltr'>maledictione</span> <span class='ocrx_word' id='word_1_804' title='bbox 1614 2284 1639 2309; x_wconf 91' lang='lat' dir='ltr'>et</span> <span class='ocrx_word' id='word_1_805' title='bbox 1653 2280 1855 2309; x_wconf 84' lang='lat' dir='ltr'>amaritudine</span> <span class='ocrx_word' id='word_1_806' title='bbox 1866 2279 1984 2316; x_wconf 84' lang='lat' dir='ltr'>plenum</span> <span class='ocrx_word' id='word_1_807' title='bbox 1999 2283 2053 2313; x_wconf 78' lang='lat' dir='ltr'>est,</span> 
     </span>
     <span class='ocr_line' id='line_1_107' title="bbox 1209 2327 2056 2365; baseline -0.005 -7"><span class='ocrx_word' id='word_1_808' title='bbox 1209 2329 1343 2358; x_wconf 87' lang='lat' dir='ltr'>contritio</span> <span class='ocrx_word' id='word_1_809' title='bbox 1364 2332 1389 2357; x_wconf 88' lang='lat' dir='ltr'>et</span> <span class='ocrx_word' id='word_1_810' title='bbox 1410 2327 1568 2365; x_wconf 82' lang='lat' dir='ltr'>infelicitas</span> <span class='ocrx_word' id='word_1_811' title='bbox 1589 2328 1620 2356; x_wconf 88' lang='lat' dir='ltr'>in</span> <span class='ocrx_word' id='word_1_812' title='bbox 1640 2327 1697 2356; x_wconf 83' lang='lat' dir='ltr'>viis</span> <span class='ocrx_word' id='word_1_813' title='bbox 1717 2335 1818 2356; x_wconf 82' lang='lat' dir='ltr'>eorum</span> <span class='ocrx_word' id='word_1_814' title='bbox 1840 2329 1907 2360; x_wconf 76' lang='lat' dir='ltr'>ct‹·.;</span> <span class='ocrx_word' id='word_1_815' title='bbox 1935 2335 1994 2354; x_wconf 63' lang='lat' dir='ltr'>‘non</span> <span class='ocrx_word' id='word_1_816' title='bbox 2015 2330 2056 2355; x_wconf 85' lang='lat' dir='ltr'>est</span> 
     </span>
    </p>
   </div>
   <div class='ocr_carea' id='block_1_7' title="bbox 1209 2507 2057 2968">
    <p class='ocr_par' dir='ltr' id='par_1_14' title="bbox 1211 2507 2054 2578">
     <span class='ocr_line' id='line_1_108' title="bbox 1240 2507 2054 2539; baseline -0.005 -7"><span class='ocrx_word' id='word_1_817' title='bbox 1240 2529 1242 2532; x_wconf 91' lang='lat'>.</span> <span class='ocrx_word' id='word_1_818' title='bbox 1270 2510 1279 2523; x_wconf 85' lang='lat'><em>⁷</em></span> <span class='ocrx_word' id='word_1_819' title='bbox 1298 2507 2054 2539; x_wconf 59' lang='lat' dir='ltr'>Prox.9‚110.Cf1·.il›id.1,10;Ps.=110,10.ctEccli.11,</span> 
     </span>
     <span class='ocr_line' id='line_1_109' title="bbox 1211 2547 1757 2578; baseline -0.007 -5"><span class='ocrx_word' id='word_1_820' title='bbox 1211 2551 1251 2578; x_wconf 86' lang='grc'>16,</span> <span class='ocrx_word' id='word_1_821' title='bbox 1269 2551 1308 2573; x_wconf 87' lang='lat' dir='ltr'>ubi</span> <span class='ocrx_word' id='word_1_822' title='bbox 1326 2551 1436 2578; x_wconf 79' lang='lat' dir='ltr'>Vulgata:</span> <span class='ocrx_word' id='word_1_823' title='bbox 1455 2548 1552 2572; x_wconf 85' lang='lat' dir='ltr'>Initium</span> <span class='ocrx_word' id='word_1_824' title='bbox 1569 2547 1697 2578; x_wconf 77' lang='lat' dir='ltr'>sapientiae</span> <span class='ocrx_word' id='word_1_825' title='bbox 1714 2550 1757 2569; x_wconf 83' lang='lat' dir='ltr'>etc.</span> 
     </span>
    </p>

    <p class='ocr_par' dir='ltr' id='par_1_15' title="bbox 1209 2585 2057 2850">
     <span class='ocr_line' id='line_1_110' title="bbox 1271 2585 2055 2616; baseline -0.009 -3"><span class='ocrx_word' id='word_1_826' title='bbox 1271 2588 1281 2602; x_wconf 61' lang='grc' dir='ltr'><strong>Β</strong></span> <span class='ocrx_word' id='word_1_827' title='bbox 1298 2590 1344 2613; x_wconf 85' lang='lat' dir='ltr'>Csr.</span> <span class='ocrx_word' id='word_1_828' title='bbox 1360 2590 1393 2612; x_wconf 91' lang='grc' dir='ltr'><strong>ΙΙΙ.</strong></span> <span class='ocrx_word' id='word_1_829' title='bbox 1411 2590 1472 2611; x_wconf 87' lang='lat' dir='ltr'>Sent.</span> <span class='ocrx_word' id='word_1_830' title='bbox 1496 2589 1527 2611; x_wconf 89' lang='lat' dir='ltr'>lit.</span> <span class='ocrx_word' id='word_1_831' title='bbox 1552 2588 1664 2616; x_wconf 80' lang='lat' dir='ltr'>Magistri,</span> <span class='ocrx_word' id='word_1_832' title='bbox 1690 2588 1712 2610; x_wconf 88' lang='lat' dir='ltr'>d.</span> <span class='ocrx_word' id='word_1_833' title='bbox 1738 2586 1845 2609; x_wconf 82' lang='lat' dir='ltr'>XXXIV.</span> <span class='ocrx_word' id='word_1_834' title='bbox 1861 2591 1880 2607; x_wconf 83' lang='lat' dir='ltr'>c.</span> <span class='ocrx_word' id='word_1_835' title='bbox 1907 2585 1934 2612; x_wconf 84' lang='lat'>5,</span> <span class='ocrx_word' id='word_1_836' title='bbox 1960 2588 1982 2607; x_wconf 83' lang='lat' dir='ltr'>et</span> <span class='ocrx_word' id='word_1_837' title='bbox 1999 2585 2055 2607; x_wconf 91' lang='lat' dir='ltr'>ibid.</span> 
     </span>
     <span class='ocr_line' id='line_1_111' title="bbox 1209 2623 2055 2656; baseline -0.007 -5"><span class='ocrx_word' id='word_1_838' title='bbox 1209 2629 1339 2652; x_wconf 84' lang='lat' dir='ltr'>Comment.</span> <span class='ocrx_word' id='word_1_839' title='bbox 1356 2635 1380 2656; x_wconf 88' lang='lat' dir='ltr'>p.</span> <span class='ocrx_word' id='word_1_840' title='bbox 1397 2628 1421 2650; x_wconf 88' lang='lat' dir='ltr'>ll.</span> <span class='ocrx_word' id='word_1_841' title='bbox 1438 2634 1459 2650; x_wconf 88' lang='lat' dir='ltr'>a.</span> <span class='ocrx_word' id='word_1_842' title='bbox 1478 2628 1498 2649; x_wconf 88' lang='grc'>1.</span> <span class='ocrx_word' id='word_1_843' title='bbox 1515 2633 1538 2656; x_wconf 84' lang='lat' dir='ltr'>q.</span> <span class='ocrx_word' id='word_1_844' title='bbox 1557 2628 1583 2654; x_wconf 85' lang='lat'>3,</span> <span class='ocrx_word' id='word_1_845' title='bbox 1601 2626 1639 2649; x_wconf 90' lang='lat' dir='ltr'>ubi</span> <span class='ocrx_word' id='word_1_846' title='bbox 1657 2627 1726 2648; x_wconf 65' lang='lat' dir='ltr'>etiam</span> <span class='ocrx_word' id='word_1_847' title='bbox 1739 2625 1801 2648; x_wconf 90' lang='lat' dir='ltr'>idem</span> <span class='ocrx_word' id='word_1_848' title='bbox 1813 2624 1945 2651; x_wconf 84' lang='lat' dir='ltr'>exemplum</span> <span class='ocrx_word' id='word_1_849' title='bbox 1961 2623 1991 2645; x_wconf 86' lang='lat' dir='ltr'>de</span> <span class='ocrx_word' id='word_1_850' title='bbox 2007 2624 2055 2646; x_wconf 78' lang='lat' dir='ltr'>sela</span> 
     </span>
     <span class='ocr_line' id='line_1_112' title="bbox 1210 2661 2056 2695; baseline -0.008 -5"><span class='ocrx_word' id='word_1_851' title='bbox 1210 2674 1237 2691; x_wconf 85' lang='lat' dir='ltr'>ex</span> <span class='ocrx_word' id='word_1_852' title='bbox 1254 2669 1352 2695; x_wconf 79' lang='lat' dir='ltr'>August.</span> <span class='ocrx_word' id='word_1_853' title='bbox 1370 2666 1403 2695; x_wconf 89' lang='lat' dir='ltr'>(in</span> <span class='ocrx_word' id='word_1_854' title='bbox 1420 2667 1435 2688; x_wconf 90' lang='lat' dir='ltr'>l.</span> <span class='ocrx_word' id='word_1_855' title='bbox 1452 2666 1523 2694; x_wconf 86' lang='lat' dir='ltr'>Epist.</span> <span class='ocrx_word' id='word_1_856' title='bbox 1540 2667 1601 2688; x_wconf 87' lang='lat' dir='ltr'>loan.</span> <span class='ocrx_word' id='word_1_857' title='bbox 1618 2668 1646 2688; x_wconf 90' lang='lat' dir='ltr'>tr.</span> <span class='ocrx_word' id='word_1_858' title='bbox 1663 2666 1685 2687; x_wconf 76' lang='lat'>9.</span> <span class='ocrx_word' id='word_1_859' title='bbox 1703 2671 1725 2687; x_wconf 92' lang='lat' dir='ltr'>n.</span> <span class='ocrx_word' id='word_1_860' title='bbox 1743 2663 1773 2692; x_wconf 80' lang='lat'>4.)</span> <span class='ocrx_word' id='word_1_861' title='bbox 1790 2663 1920 2686; x_wconf 85' lang='lat' dir='ltr'>adducitur.</span> <span class='ocrx_word' id='word_1_862' title='bbox 1932 2661 1989 2684; x_wconf 87' lang='lat' dir='ltr'>lbid.</span> <span class='ocrx_word' id='word_1_863' title='bbox 2002 2668 2022 2684; x_wconf 89' lang='lat' dir='ltr'>a.</span> <span class='ocrx_word' id='word_1_864' title='bbox 2034 2662 2056 2684; x_wconf 84' lang='lat'>2.</span> 
     </span>
     <span class='ocr_line' id='line_1_113' title="bbox 1210 2702 2057 2737; baseline -0.007 -8"><span class='ocrx_word' id='word_1_865' title='bbox 1210 2714 1233 2737; x_wconf 87' lang='lat' dir='ltr'>q.</span> <span class='ocrx_word' id='word_1_866' title='bbox 1252 2708 1272 2730; x_wconf 87' lang='lat'>1.</span> <span class='ocrx_word' id='word_1_867' title='bbox 1290 2707 1319 2730; x_wconf 87' lang='lat' dir='ltr'>de</span> <span class='ocrx_word' id='word_1_868' title='bbox 1336 2707 1418 2729; x_wconf 73' lang='lat' dir='ltr'>timore.</span> <span class='ocrx_word' id='word_1_869' title='bbox 1436 2705 1522 2728; x_wconf 78' lang='lat' dir='ltr'>initiali</span> <span class='ocrx_word' id='word_1_870' title='bbox 1537 2708 1559 2727; x_wconf 84' lang='lat' dir='ltr'>et</span> <span class='ocrx_word' id='word_1_871' title='bbox 1574 2704 1657 2735; x_wconf 84' lang='lat' dir='ltr'>filiali,</span> <span class='ocrx_word' id='word_1_872' title='bbox 1675 2707 1697 2726; x_wconf 90' lang='lat' dir='ltr'>et</span> <span class='ocrx_word' id='word_1_873' title='bbox 1717 2703 1774 2726; x_wconf 87' lang='lat' dir='ltr'>dub.</span> <span class='ocrx_word' id='word_1_874' title='bbox 1791 2703 1812 2725; x_wconf 82' lang='lat'>5.</span> <span class='ocrx_word' id='word_1_875' title='bbox 1824 2702 1853 2725; x_wconf 86' lang='lat' dir='ltr'>de</span> <span class='ocrx_word' id='word_1_876' title='bbox 1870 2703 1964 2731; x_wconf 80' lang='lat' dir='ltr'>timore,</span> <span class='ocrx_word' id='word_1_877' title='bbox 1982 2704 2006 2724; x_wconf 82' lang='lat' dir='ltr'>ut</span> <span class='ocrx_word' id='word_1_878' title='bbox 2023 2704 2057 2724; x_wconf 87' lang='lat' dir='ltr'>est</span> 
     </span>
     <span class='ocr_line' id='line_1_114' title="bbox 1211 2740 2057 2774; baseline -0.008 -5"><span class='ocrx_word' id='word_1_879' title='bbox 1211 2747 1299 2769; x_wconf 88' lang='lat' dir='ltr'>initium</span> <span class='ocrx_word' id='word_1_880' title='bbox 1317 2745 1451 2774; x_wconf 72' lang='lat' dir='ltr'>sapientiae.</span> <span class='ocrx_word' id='word_1_881' title='bbox 1466 2756 1498 2761; x_wconf 93' lang='lat'>-—</span> <span class='ocrx_word' id='word_1_882' title='bbox 1518 2744 1585 2766; x_wconf 86' lang='lat' dir='ltr'>Eceli.</span> <span class='ocrx_word' id='word_1_883' title='bbox 1607 2744 1628 2771; x_wconf 83' lang='lat' dir='ltr'>l,</span> <span class='ocrx_word' id='word_1_884' title='bbox 1655 2744 1697 2765; x_wconf 82' lang='lat'>16:</span> <span class='ocrx_word' id='word_1_885' title='bbox 1722 2742 1813 2765; x_wconf 89' lang='lat' dir='ltr'>Initium</span> <span class='ocrx_word' id='word_1_886' title='bbox 1839 2741 1964 2769; x_wconf 83' lang='lat' dir='ltr'>sapientiae</span> <span class='ocrx_word' id='word_1_887' title='bbox 1989 2740 2057 2763; x_wconf 89' lang='lat' dir='ltr'>timor</span> 
     </span>
     <span class='ocr_line' id='line_1_115' title="bbox 1211 2780 2057 2811; baseline -0.008 -3"><span class='ocrx_word' id='word_1_888' title='bbox 1211 2785 1312 2809; x_wconf 91' lang='lat' dir='ltr'>Domini.</span> <span class='ocrx_word' id='word_1_889' title='bbox 1329 2784 1386 2807; x_wconf 84' lang='lat' dir='ltr'>lbid.</span> <span class='ocrx_word' id='word_1_890' title='bbox 1405 2791 1428 2806; x_wconf 77' lang='lat' dir='ltr'>v.</span> <span class='ocrx_word' id='word_1_891' title='bbox 1453 2784 1495 2806; x_wconf 77' lang='lat'>25:</span> <span class='ocrx_word' id='word_1_892' title='bbox 1512 2783 1585 2806; x_wconf 85' lang='lat' dir='ltr'>Radix</span> <span class='ocrx_word' id='word_1_893' title='bbox 1610 2782 1736 2811; x_wconf 81' lang='lat' dir='ltr'>sapientiae</span> <span class='ocrx_word' id='word_1_894' title='bbox 1760 2783 1795 2803; x_wconf 87' lang='lat' dir='ltr'>est</span> <span class='ocrx_word' id='word_1_895' title='bbox 1819 2780 1899 2803; x_wconf 88' lang='lat' dir='ltr'>timere</span> <span class='ocrx_word' id='word_1_896' title='bbox 1923 2780 2057 2803; x_wconf 87' lang='lat' dir='ltr'>Dominum.</span> 
     </span>
     <span class='ocr_line' id='line_1_116' title="bbox 1212 2814 1711 2850; baseline -0.008 -3"><span class='ocrx_word' id='word_1_897' title='bbox 1212 2825 1269 2847; x_wconf 87' lang='lat' dir='ltr'>lbid.</span> <span class='ocrx_word' id='word_1_898' title='bbox 1286 2831 1310 2846; x_wconf 95' lang='lat' dir='ltr'>v.</span> <span class='ocrx_word' id='word_1_899' title='bbox 1328 2824 1372 2846; x_wconf 85' lang='lat'>20:</span> <span class='ocrx_word' id='word_1_900' title='bbox 1390 2823 1509 2845; x_wconf 70' lang='lat' dir='ltr'>Plenitudo</span> <span class='ocrx_word' id='word_1_901' title='bbox 1527 2822 1652 2850; x_wconf 83' lang='lat' dir='ltr'>sapientiae</span> <span class='ocrx_word' id='word_1_902' title='bbox 1668 2814 1711 2843; x_wconf 70' lang='lat' dir='ltr'>esc.</span> 
     </span>
    </p>

    <p class='ocr_par' dir='ltr' id='par_1_16' title="bbox 1274 2862 1470 2891">
     <span class='ocr_line' id='line_1_117' title="bbox 1274 2862 1470 2891; baseline -0.01 -5"><span class='ocrx_word' id='word_1_903' title='bbox 1274 2862 1284 2875; x_wconf 80' lang='lat'>⁹</span> <span class='ocrx_word' id='word_1_904' title='bbox 1301 2863 1358 2891; x_wconf 89' lang='lat' dir='ltr'>Cap.</span> <span class='ocrx_word' id='word_1_905' title='bbox 1374 2863 1416 2889; x_wconf 81' lang='lat'>28,</span> <span class='ocrx_word' id='word_1_906' title='bbox 1433 2862 1470 2884; x_wconf 78' lang='lat'>28.</span> 
     </span>
    </p>

    <p class='ocr_par' dir='ltr' id='par_1_17' title="bbox 1212 2896 2057 2968">
     <span class='ocr_line' id='line_1_118' title="bbox 1276 2896 2057 2930; baseline -0.008 -6"><span class='ocrx_word' id='word_1_907' title='bbox 1276 2901 1295 2915; x_wconf 85' lang='lat'>¹⁰</span> <span class='ocrx_word' id='word_1_908' title='bbox 1311 2901 1368 2930; x_wconf 90' lang='lat' dir='ltr'>Cap.</span> <span class='ocrx_word' id='word_1_909' title='bbox 1386 2901 1428 2928; x_wconf 76' lang='lat'>40,</span> <span class='ocrx_word' id='word_1_910' title='bbox 1445 2901 1483 2923; x_wconf 84' lang='lat'>28.</span> <span class='ocrx_word' id='word_1_911' title='bbox 1499 2912 1531 2917; x_wconf 98' lang='lat'><strong>—</strong></span> <span class='ocrx_word' id='word_1_912' title='bbox 1548 2901 1602 2929; x_wconf 82' lang='lat' dir='ltr'>Seq.</span> <span class='ocrx_word' id='word_1_913' title='bbox 1618 2901 1682 2923; x_wconf 87' lang='lat' dir='ltr'>locus</span> <span class='ocrx_word' id='word_1_914' title='bbox 1704 2901 1739 2921; x_wconf 88' lang='lat' dir='ltr'>est</span> <span class='ocrx_word' id='word_1_915' title='bbox 1763 2898 1831 2921; x_wconf 85' lang='lat' dir='ltr'>Prov.</span> <span class='ocrx_word' id='word_1_916' title='bbox 1849 2897 1890 2925; x_wconf 73' lang='lat'>14,</span> <span class='ocrx_word' id='word_1_917' title='bbox 1913 2897 1958 2925; x_wconf 84' lang='lat'>27;</span> <span class='ocrx_word' id='word_1_918' title='bbox 1978 2896 2057 2919; x_wconf 86' lang='lat' dir='ltr'>tertius</span> 
     </span>
     <span class='ocr_line' id='line_1_119' title="bbox 1212 2935 2056 2968; baseline -0.008 -4"><span class='ocrx_word' id='word_1_919' title='bbox 1212 2942 1253 2964; x_wconf 83' lang='lat' dir='ltr'>ler.</span> <span class='ocrx_word' id='word_1_920' title='bbox 1271 2942 1297 2968; x_wconf 80' lang='grc'>2,</span> <span class='ocrx_word' id='word_1_921' title='bbox 1317 2941 1353 2963; x_wconf 81' lang='grc'>19.</span> <span class='ocrx_word' id='word_1_922' title='bbox 1775 2937 1778 2939; x_wconf 62' lang='grc'><strong>“</strong></span> <span class='ocrx_word' id='word_1_923' title='bbox 1845 2935 1863 2949; x_wconf 86' lang='lat'>¹¹</span> <span class='ocrx_word' id='word_1_924' title='bbox 1881 2937 1964 2959; x_wconf 86' lang='lat' dir='ltr'>Psalm.</span> <span class='ocrx_word' id='word_1_925' title='bbox 1981 2936 2018 2963; x_wconf 83' lang='grc'>13,</span> <span class='ocrx_word' id='word_1_926' title='bbox 2035 2936 2056 2957; x_wconf 85' lang='grc'>3.</span> 
     </span>
    </p>
   </div>
  </div>
 </body>
</html>
