2285 3398
617 131 659 159 DE
683 131 903 161 t‘litlFtici'loNli
925 132 1126 161 l-:vixNGlililCA
1148 131 1281 169 QUAEsT.
1307 136 1333 163 ll.
1357 137 1427 164 All‘l'.
1453 138 1478 165 ll.

173 255 281 291 pusculi
304 255 509 285 sustentandam
531 259 558 284 et
579 256 666 292 frigus
687 260 769 294 atque
791 258 907 286 inediam
935 258 1017 287 decli-

172 301 306 336 nandam,
322 302 372 330 hac
395 302 420 330 in
437 302 534 331 11111303
549 311 637 340 usque
652 304 731 333 hodic
747 308 939 341 perseverante
954 314 1004 333 con

173 349 333 383 suetudine,
356 358 409 378 non
432 350 520 378 solum
542 351 615 387 apud
637 359 701 385 nos,
724 352 770 380 sed
785 352 866 381 etiam
881 352 954 389 apud
969 352 1017 381 lle-

172 396 284 430 braeos,
307 400 337 425 ut
359 397 412 431 illi,
434 398 480 434 qui
504 398 530 426 in
554 398 610 435 teqe
633 399 749 427 Domini
770 400 947 428 meditantur
972 399 1017 427 (lie

171 452 207 472 ae
228 448 307 473 nocte
328 448 354 473 et
377 448 483 481 partem
506 454 559 474 non
582 446 683 475 habent
705 446 730 474 in
754 449 827 475 terra
849 447 899 476 nisi
928 447 1016 475 solum

173 491 275 525 Deum,
297 500 498 529 synagogarum
520 496 547 521 et
569 493 652 522 totius
673 493 747 521 orbis
768 494 913 522 foveantur
938 494 1016 522 mini-

170 539 275 573 steriis,
298 547 333 568 ex
355 540 520 577 aequalitate
540 541 702 574 dumtaxat,
721 550 779 569 non
793 544 826 569 111
840 541 908 569 (iliis
921 541 959 569 sit
974 550 1016 570 re-

170 586 314 623 frigerium
337 591 362 615 ct
383 587 451 615 titiis
473 587 639 621 tribulatio,
662 588 709 616 sed
730 591 761 617 ut
785 588 902 617 aliorum
924 589 1016 617 ‹ibun-

170 632 274 662 dantia
294 634 412 662 aliorum
433 638 567 663 sits-tentet
589 634 756 671 inopium».
786 635 830 663 llis
852 636 929 671 visis,
951 637 1016 665 satis

169 680 250 716 plana
270 684 312 710 est
333 682 474 719 responsio
495 682 528 710 ad
550 681 696 718 praedicta.

0 199 2 239 l
173 208 207 236 ad
227 207 335 237 divitias
356 209 576 245 congregandas,
597 209 644 238 sed
665 210 698 238 ad
720 210 932 240 imbecillitatem
957 219 1017 239 cor-

0 250 2 261 l

0 267 1 289 l

0 304 2 327 l

0 334 1 346 l

203 782 362 803 REPLICATlO
383 783 524 804 ADVERSUS
545 784 719 806 OBlECTIONES
741 785 842 817 POS'rEA
865 786 976 807 FACTAS.

248 868 292 897 His
313 872 405 897 autem
420 870 444 903 ¹,
471 878 542 907 quae
570 871 710 908 praedicta
737 875 817 906 sunt,
839 875 953 901 conatus
974 876 1015 901 est

48 920 157 948 advers-mi
166 914 266 952 aliquis
286 916 475 953 multipliciter
496 918 652 952 adversari,
674 919 809 956 quaedam
829 928 866 948 ex
880 919 919 948 eis
934 919 1014 948 resel—

26 949 158 1005 ffiggiwcsn-
167 962 224 991 lere
238 963 333 992 volens
349 967 479 1001 tanquam
492 965 721 1002 impertinentia,
734 967 867 1003 quaedam
880 970 910 995 ut
921 966 1012 1003 falsa,

166 1010 300 1047 quaedam
322 1014 353 1039 ut
369 1009 617 1050 inconsequentia,
633 1013 768 1049 quaedam
783 1016 814 1041 ut
828 1013 936 1047 (lubia,
951 1013 1013 1049 plu-

166 1057 238 1086 rima
258 1060 350 1086 autem
376 1066 411 1087 ex
440 1059 479 1087 eis
508 1063 637 1096 tanquam
663 1059 813 1088 doctrinae
839 1059 1013 1096 apostoticae

36 1109 151 1129 Notandum-
165 1104 294 1133 inimica.
318 1105 371 1133 Hoc
391 1109 484 1134 autem
506 1106 569 1134 facit
590 1106 780 1143 respondendo
801 1106 909 1135 cuidam
928 1114 1012 1143 quae-

164 1151 244 1180 stioni
261 1152 353 1180 minus
367 1152 536 1181 sufficienter
552 1156 612 1189 post
626 1153 755 1182 collectae
770 1153 796 1182 in
812 1153 925 1187 scholis,
937 1153 1012 1182 salva

163 1198 252 1235 gratia
265 1199 432 1236 colligentis,
448 1199 519 1228 sicut
533 1200 633 1229 melius
648 1203 881 1238 potest¹apparere
893 1200 919 1229 in
932 1208 1011 1238 prae-

164 1246 304 1274 nominata
325 1246 493 1283 quaestione

243 1293 260 1321 I.
271 1293 399 1322 Primum
411 1294 496 1331 igitur
507 1293 722 1331 impertinentia
735 1297 845 1331 reputat
860 1302 1011 1332 quaecum-

22 1344 105 1388 ceusffia
117 1345 155 1370 pri·
164 1348 218 1378 que
239 1341 396 1370 inducimus
416 1342 450 1370 de
470 1341 612 1379 discipulis
632 1342 733 1370 Christi
748 1342 782 1370 ad
797 1342 1010 1379 praedicandum

102 1383 106 1388 '
163 1388 269 1421 missis,
291 1388 356 1425 quia
377 1388 430 1417 illis
450 1389 513 1417 data
534 1392 594 1418 erat
614 1389 778 1417 auctoritas
798 1389 953 1418 necessaria
966 1397 1011 1418 ac-

164 1435 279 1472 cipiendi
308 1444 362 1464 non
382 1443 417 1464 ex
440 1435 637 1470 memlicitate,
660 1436 707 1465 sed
728 1444 764 1464 ex
783 1440 928 1473 potestate.
958 1436 1011 1473 Qui

161 1486 254 1511 autem
276 1483 435 1519 praedicant
455 1483 559 1520 absque
590 1483 754 1512 auctoritate
786 1484 1011 1522 pseudoprophe-

162 1533 204 1558 tae
225 1533 305 1563 sunt,
328 1533 355 1559 et
375 1530 435 1558 ideo
456 1533 556 1558 neutro
578 1530 674 1564 modo,
697 1538 747 1559 nec
772 1539 808 1559 ex
837 1532 1012 1561 auctoritate

159 1584 208 1605 nec
223 1584 259 1605 ex
275 1577 471 1611 mendicitate,
494 1580 587 1614 petere
608 1577 717 1607 debent.
738 1595 774 1599 —
790 1579 862 1607 Etsi
875 1580 1010 1614 dicator,

162 1623 235 1660 quod
257 1624 325 1652 tales
345 1632 361 1652 a
382 1624 452 1661 Papa
473 1627 500 1653 et
520 1624 555 1652 ab
576 1624 712 1662 episcopis
732 1626 807 1655 missi
830 1630 910 1662 sunt;
932 1627 1011 1662 dicit,

160 1671 234 1708 quod
255 1671 290 1700 ab
310 1671 445 1708 episcopis
466 1674 531 1701 sunt
552 1672 696 1708 pascendi,
711 1673 864 1702 secundum
882 1674 957 1711 quod
971 1675 1011 1703 di-

161 1719 233 1748 citur
255 1719 341 1748 Extra
355 1719 389 1748 de
404 1719 501 1748 Officio
516 1719 614 1748 iudicis
627 1720 775 1755 ordinarii,
792 1721 870 1750 Inter
884 1725 978 1750 cetera
990 1722 1009 1751 2.

20 1769 102 1791 Amrit,
123 1766 220 1795 sor-Fuit
241 1766 326 1804 igitur
357 1766 421 1795 data
450 1766 540 1795 forma
570 1766 794 1804 praedicantibus
815 1776 851 1797 ex
873 1769 963 1797 officio
984 1772 1011 1798 et

24 1796 338 1859 1323¹3³R1522⁶5auct0ritate
361 1814 408 1843 sed
429 1814 469 1843 ad
490 1818 617 1852 tempiw,
640 1817 671 1843 ut
692 1815 887 1852 impedimenta
900 1824 1009 1846 amove-

24 1845 35 1859 3
61 1843 142 1866 ἠψπ
160 1864 267 1890 rentur.
290 1862 322 1890 Et
343 1861 403 1890 ideo
423 1861 603 1891 auctoritates
623 1864 678 1890 tani
693 1865 789 1891 textus
803 1871 887 1900 quam
902 1863 1009 1893 Glossa-

160 1913 224 1937 rum
245 1908 273 1936 in
295 1909 347 1937 boc
368 1917 434 1938 casu
455 1909 664 1946 impertinentes
685 1909 814 1939 videntur
835 1910 869 1939 ad
883 1907 1009 1948 proposi*-

161 1958 237 1989 tum,
259 1955 411 1984 secundum
433 1963 498 1984 eum
519 1956 567 1993 qui
589 1957 742 1994 quaestioni
764 1957 920 1994 praedictae
934 1958 1008 1987 vide-

160 2005 206 2031 tur
228 2002 377 2031 adversari.

237 2049 324 2078 Huius
338 2052 431 2077 autem
447 2049 610 2078 obviationis
624 2052 813 2087 apparentiam
828 2052 1005 2089 sophisticam

29 2100 143 2125 Responsio·
157 2097 235 2126 facile
256 2100 298 2126 est
317 2096 461 2133 detegere,
484 2096 504 2124 si
531 2096 594 2133 quis
621 2097 753 2134 intelligat
781 2099 901 2128 radicem
929 2104 1005 2137 pote-

158 2145 251 2179 statis,
273 2152 345 2182 quae
365 2146 407 2172 est
428 2143 454 2171 in
476 2143 609 2180 Apostolis
634 2147 661 2172 et
688 2145 817 2181 praelatis
845 2150 872 2175 et
899 2148 1004 2177 nuntiis

15 2194 144 2238 zfflssessssi&
154 2193 297 2223 destinatis
317 2192 352 2221 ab
372 2190 513 2228 Apostolis.
535 2190 646 2219 Certum
669 2195 710 2220 est
730 2193 817 2227 enim,
840 2194 914 2231 quod
935 2194 1003 2224 haec

23 2242 117 2262 viatim·
156 2240 313 2269 radicaliter
334 2239 386 2268 suit
406 2238 433 2266 in
455 2237 578 2271 Christ0‚
594 2237 747 2266 secundum
766 2239 839 2276 quod
854 2240 919 2269 dicit
933 2242 1001 2277 Apo-

157 2287 245 2316 stolus
265 2287 299 2316 ad
320 2286 428 2315 Galatas
448 2284 574 2322 primo³‚
597 2284 671 2321 quod
691 2288 751 2314 erat
775 2287 930 2324 Apostolus
946 2296 1001 2325 per

156 2334 254 2363 lesum
277 2333 443 2367 Clo·z‘stum;
464 2336 491 2362 et
512 2331 617 2360 loannis
638 2332 783 2369 vigesimo:
812 2334 895 2363 Sicut
921 2335 1001 2363 misit

156 2390 201 2410 me
221 2382 312 2410 Pater
333 2384 384 2410 etc.
406 2380 485 2409 Dedit
515 2381 609 2408 autem
639 2378 766 2408 Christus
796 2381 929 2417 Apostolis
954 2389 1000 2411 eos

26 2433 143 2477 Dssgsssssp‘*
154 2428 288 2457 mittendo
307 2428 447 2466 duplicem
472 2429 649 2464 potestatem,
678 2425 780 2455 scilicet
804 2427 1001 2464 praedicandi

219 2626 227 2639 ¹
245 2628 309 2657 Quae
327 2632 456 2658 sequuntur
473 2627 581 2651 exhibent
597 2627 672 2650 solum
689 2626 753 2649 DlM
770 2629 792 2649 et
809 2627 875 2655 edd.,
892 2628 936 2651 ΕΚ
953 2629 1003 2658 ipsa

156 2666 273 2690 omittunt.
291 2668 350 2691 Vide
368 2668 428 2691 dicta
446 2668 469 2690 in
492 2668 538 2690 fine
560 2669 627 2690 notae
650 2666 816 2695 praecedentis.
833 2679 864 2684 —
880 2668 1003 2698 Aliquanto

157 2705 252 2729 inferius
268 2706 367 2731 vocibus
380 2709 437 2738 post
452 2704 562 2731 collectae
569 2707 597 2739 „M
616 2705 728 2729 interserit
742 2712 787 2729 me.

217 2744 226 2758 ²
244 2746 301 2775 Cap.
320 2747 356 2770 115.
375 2748 404 2770 X.
421 2747 461 2770 lib.
477 2747 493 2770 1.
510 2747 542 2769 tit.
559 2746 600 2769 31:
623 2744 711 2774 Quibus
734 2744 954 2776 [praedicatoribtis,
970 2750 1003 2772 vi-

155 2784 301 2814 sitatoribus,
318 2787 463 2809 confessariis
480 2785 510 2809 ab
531 2785 646 2814 episcopis
667 2784 803 2815 constitutis]
826 2785 882 2814 ipsi,
899 2793 953 2811 cum
971 2789 1003 2812 in.

157 2820 286 2852 diguerint,
303 2831 407 2853 congrue
429 2825 558 2848 necessaria
580 2824 767 2851 subministrent,
783 2830 812 2847 ne
837 2828 1002 2854 pro'necessa-
1040 2849 1042 2851 ,

154 2863 244 2885 riorum
264 2863 354 2887 defectu
373 2865 541 2892 compellantur
559 2864 669 2887 desistere
685 2862 715 2886 ab
732 2863 831 2891 incepto.
846 2876 878 2882 ·—
890 2865 1002 2895 Superius

155 2908 183 2925 ex
203 2903 221 2925 Μ
241 2902 402 2926 substituimus
416 2903 636 2934 pseudoprophetae,
650 2909 692 2932 pro
706 2902 804 2933 pseudo.

215 2940 225 2954 ⁸
244 2943 310 2966 Vers.
328 2943 353 2965 t:
371 2943 454 2966 Paulus
471 2943 594 2972 Apostolus
611 2949 658 2965 non
675 2941 705 2964 ab
722 2943 854 2967 hominibus
871 2951 947 2975 neque
959 2953 1001 2975 per

1869 143 1920 171 llis)

1074 214 1101 240 et
1121 211 1254 249 cxiycnili
1274 215 1505 244 .s·11.s·cent‹.tti'0ntmz
1529 226 1616 245 suani.
1640 219 1670 247 Et
1697 220 1745 247 has
1774 223 1920 256 imtostates

1074 261 1180 287 constat
1201 268 1259 287 esst*
1280 260 1435 295 distinctas,
1462 263 1541 299 quia,
1571 272 1632 293 cuin
1662 266 1806 303 episcopus
1835 268 1919 304 possit

1074 306 1157 334 semct
1178 306 1203 334 in
1226 315 1297 335 anno
1318 310 1526 344 prorurationes
1548 320 1612 340 suas
1635 312 1660 340 in
1692 321 1746 341 uno
1776 314 1834 342 loro
1859 315 1918 342 exi-

1074 360 1153 389 gere,
1176 356 1263 390 potest
1285 357 1390 389 tamen,
1412 364 1474 385 (tuin
1498 358 1630 393 volucrit,
1647 361 1818 396 praedicare:
1835 361 1918 398 igitur
1934 368 2047 389 somnium.

1073 407 1200 429 summus
1223 401 1362 435 Pontifex,
1383 403 1430 439 qui
1452 404 1552 433 Christi
1577 406 1666 435 locum
1690 410 1763 435 teni-t
1779 408 1804 436 in
1821 408 1917 442 terris,

1074 450 1163 485 potest
1183 451 1331 486 utramque
1352 450 1434 478 simul
1456 451 1537 485 dare,
1560 457 1648 489 potest
1669 458 1695 482 et
1717 463 1798 483 unani
1818 455 1852 483 ab
1866 455 1918 484 alia

1073 503 1209 531 separare.
1232 496 1366 532 Quoniam
1388 506 1454 534 ergo
1475 506 1602 528 suminus
1625 501 1746 530 Pontifex
1763 505 1789 531 et
1805 503 1916 539 111-3111311

1072 550 1126 570 11011
1148 547 1263 579 possunt
1284 544 1391 578 omnia,
1413 553 1483 582 quac
1505 546 1537 574 ad
1559 556 1606 575 eos
1626 552 1764 584 spectant,
1786 558 1918 578 excipere

1071 589 1253 626 personaliter
1274 599 1323 627 per
1344 600 1373 620 se
1395 592 1468 628 ipsos
1483 597 1594 630 propter
1609 594 1722 623 diffusos
1737 597 1851 633 populos
1866 597 1915 625 sihi

1071 636 1223 671 subiectos;
1245 638 1382 667 ordinavit
1403 639 1521 677 Spiritus
1542 644 1653 670 sanctus
1674 642 1700 670 in
1723 643 1853 679 regimini·
1870 644 1917 671 Ec-
1931 652 2057 678 rripiaxnmo-

1071 684 1184 718 etesiae,
1201 688 1231 713 ut
1246 685 1303 722 ipse
1318 686 1439 715 mitteret
1454 678 1601 724 aliquando
1617 689 1733 726 legatos,
1749 691 1795 727 qui
1812 694 1916 719 utram·
1942 675 2058 717 ffi'ssmm

1071 739 1125 768 que
1148 732 1280 761 haberent
1302 737 1472 770 potestatem.
1496 736 1526 764 Et
1547 744 1672 771 rursus,
1688 745 1722 765 ne
1738 738 1916 772 particulares

1071 778 1205 808 Ecclesiae
1227 784 1426 816 gravarentur,
1448 782 1599 817 ordinavit,
1627 787 1657 812 ut
1678 784 1796 821 episcopi
1826 785 1915 814 mitte-

1072 828 1133 854 rent
1154 834 1285 862 personas
1306 827 1416 857 idoneas
1437 829 1469 857 ad
1492 830 1705 866 praedicandum
1727 834 1753 859 et
1772 832 1918 860 contessio-

1071 880 1119 901 nes
1139 873 1321 908 audiendum,
1344 875 1446 912 quibus
1461 876 1542 905 etiam
1558 876 1608 913 ipsi
1624 878 1815 914 providerent,
1832 879 1917 907 Extra

1070 918 1103 947 de
1125 920 1221 948 Officio
1242 921 1339 950 iudicis
1360 922 1506 957 ordinarii,
1529 924 1606 952 Inter
1628 928 1721 953 cetera
1732 926 1751 953 ⁴.
1774 925 1916 954 Ordinavit

1071 965 1168 998 etiam,
1191 970 1222 995 ut
1243 967 1300 1003 ipse
1322 976 1384 997 cum
1407 970 1536 1006 praelatis
1564 971 1685 1000 mitteret
1713 980 1848 1009 pauperes
1870 981 1916 1001 vo-

1070 1012 1204 1040 luntarios
1225 1017 1252 1041 et
1274 1015 1391 1050 peritos,
1414 1016 1516 1052 quihus
1530 1025 1579 1046 nec
1595 1018 1713 1055 episcopi
1730 1023 1820 1047 essent
1835 1020 1915 1048 astri-

1069 1058 1104 1086 cti
1127 1059 1159 1087 ad
1182 1060 1386 1095 exhibendum,
1403 1071 1435 1091 ne
1450 1068 1634 1100 gravarentur
1650 1066 1826 1095 multitudine
1841 1075 1915 1095 silm-

1069 1108 1165 1139 tuum,
1188 1114 1235 1135 nec
1258 1111 1419 1144 potestatem
1444 1110 1577 1139 haberent
1597 1112 1630 1139 ad
1652 1113 1823 1141 exactionem
1853 1122 1915 1150 pro-

1069 1153 1257 1188 curationum,
1273 1159 1386 1192 propter
1403 1157 1552 1186 tollendum
1566 1166 1713 1195 gravamen
1727 1160 1914 1195 suhditorum3

1068 1202 1095 1228 et
1116 1200 1153 1228 ita
1174 1200 1220 1237 qui
1244 1201 1385 1231 humiliter
1407 1202 1565 1232 incederent
1586 1207 1717 1241 tanquam
1739 1214 1874 1243 pauperes
1889 1210 1916 1236 et

1068 1247 1186 1275 contenti
1209 1247 1322 1277 modicis
1338 1252 1365 1277 et
1380 1249 1437 1278 sola
1451 1251 1605 1279 necessaria
1619 1252 1799 1288 suscipientes
1818 1257 1845 1282 et
1870 1262 1915 1282 ne-

1067 1294 1221 1323 cessitatem
1242 1303 1337 1330 suam,
1353 1304 1415 1325 cum
1431 1305 1501 1334 opus
1515 1300 1601 1332 esset,
1617 1298 1760 1328 humiliter
1775 1300 1916 1330 insinuan-

1067 1343 1108 1370 tes
1130 1341 1172 1370 his
1193 1343 1240 1379 qui
1262 1343 1417 1373 voluntarie
1438 1348 1464 1373 et
1486 1345 1544 1374 sine
1565 1347 1723 1383 gravamine
1745 1352 1771 1377 et
1793 1356 1855 1377 curn
1876 1349 1916 1377 hi-

1068 1389 1176 1418 laritate
1197 1393 1362 1427 supportare
1383 1395 1410 1421 et
1432 1393 1554 1422 relevare
1575 1397 1602 1423 et
1623 1398 1734 1431 possent
1755 1399 1781 1424 et
1807 1396 1915 1425 vellent.

1068 1437 1143 1466 Unde
1164 1437 1235 1467 sicut
1256 1438 1400 1468 decretalis
1430 1440 1464 1469 de
1490 1440 1586 1470 Officio
1617 1442 1715 1472 iudicis
1746 1443 1876 1472 ordinarii
1898 1452 1914 1473 a

1068 1485 1135 1514 Sede
1156 1486 1304 1522 apostolica
1326 1487 1478 1522 emanavit,
1500 1488 1538 1517 sic
1559 1492 1586 1517 et
1612 1490 1784 1519 confirmatio
1811 1491 1915 1520 ordinis

1068 1535 1095 1560 et
1116 1533 1227 1569 regulae
1250 1533 1406 1562 huiusmodi
1428 1543 1582 1572 pauperum
1604 1536 1821 1573 praedicantium
1843 1537 1914 1566 veri-

1069 1582 1167 1613 tatem,
1202 1580 1287 1609 Extra
1318 1581 1351 1610 de
1385 1582 1548 1611 Excessilius
1579 1584 1786 1620 praelatorum,
1820 1584 1914 1613 Nimis

1064 1636 1181 1664 praua,
1204 1631 1234 1656 111
1255 1628 1379 1657 habitum
1402 1632 1443 1657 est
1464 1637 1549 1666 supra
1560 1630 1579 1658 ⁵.
1603 1646 1638 1651 —-
1660 1631 1713 1660 Nec
1734 1632 1786 1660 hoc
1812 1632 1914 1661 factum
1928 1637 2042 1659 Notandum.

1067 1678 1108 1704 est
1130 1675 1156 1703 in
1178 1675 1393 1712 praeiudicium,
1415 1676 1460 1705 sed
1483 1677 1575 1713 potius
1595 1677 1622 1706 in
1643 1678 1811 1707 adiutorium
1833 1688 1913 1716 paro-

1067 1722 1198 1751 chialium
1220 1722 1409 1757 sacerdotum,
1432 1731 1481 1752 nec
1503 1731 1538 1752 ex
1561 1720 1612 1753 hoc
1634 1725 1751 1754 Ecclesia
1772 1727 1914 1763 prostitui-

1068 1772 1129 1803 tur,
1152 1769 1173 1798 si
1196 1769 1299 1798 curatis
1320 1770 1393 1799 Deus
1414 1771 1541 1807 providet
1561 1771 1746 1806 adiutorium,
1762 1776 1793 1801 ut
1808 1773 1915 1803 animas

1067 1816 1116 1845 sibi
1139 1817 1314 1850 commissas,
1337 1825 1456 1854 quarum
1473 1817 1575 1852 liabent
1590 1826 1698 1853 curam,
1714 1819 1749 1847 ab
1763 1819 1837 1848 omni
1853 1828 1914 1849 cor-

1067 1864 1195 1900 ruptione
1220 1864 1323 1901 peccati
1356 1864 1504 1901 perfectius
1535 1865 1690 1894 custodiant
1721 1866 1913 1904 incorruptas,

1066 1910 1326 1939 adminiculantibus
1347 1910 1397 1939 sibi
1420 1911 1486 1939 viris
1508 1911 1714 1948 spiritualibus,
1736 1922 1790 1942 non
1812 1917 1843 1943 ut
1865 1915 1915 1944 do-

1065 1957 1161 1992 minis,
1184 1957 1225 1986 vel
1247 1965 1341 1986 curam
1364 1957 1544 1992 habentibus,
1566 1959 1614 1988 sed
1628 1960 1720 1996 potius
1734 1962 1810 1991 velut
1825 1963 1914 1993 servis

1064 2013 1114 2041 per
1136 2005 1277 2033 caritatem
1299 2004 1408 2034 Christi.

1140 2053 1218 2081 Tales
1239 2052 1339 2089 igitur,
1361 2052 1426 2090 quia
1447 2053 1521 2082 missi
1538 2055 1698 2091 praedicant
1712 2056 1739 2085 in
1755 2058 1911 2088 humilitate

1061 2102 1088 2128 et
1103 2103 1279 2136 paupertate,
1295 2099 1398 2129 similes
1413 2104 1477 2129 sunt
1492 2101 1559 2130 viris
1573 2103 1744 2140 apostolicis,
1759 2114 1813 2134 non
1828 2114 1909 2143 pseu·
1921 2111 2053 2153 hDepordini-

1059 2146 1245 2183 doprophetis.
1268 2146 1338 2183 Quia
1359 2155 1425 2176 vero
1446 2156 1499 2177 non
1529 2149 1632 2179 habent
1659 2151 1734 2181 illam
1763 2135 2050 2190 plenitudi-effissgffedw'

1059 2201 1120 2222 nem
1142 2193 1330 2229 auctoritatis,
1351 2203 1435 2232 quam
1464 2196 1566 2226 habent
1594 2199 1724 2235 praelati,
1750 2204 1777 2229 et
1805 2201 1909 2230 habue-

1057 2243 1123 2269 runt
1148 2241 1281 2277 Apostoli3
1313 2241 1373 2271 ideo
1403 2243 1475 2272 inter
1506 2245 1707 2282 opitulationes
1737 2248 1901 2276 numerandi
1918 2252 2032 2272 Notandum-

1056 2290 1135 2322 sunt,
1150 2288 1255 2325 primae
1270 2288 1303 2317 ad
1317 2289 1474 2320 Corinthios
1487 2291 1649 2322 duodecimo
1660 2294 1686 2322 ⁶:
1702 2294 1806 2323 Posuit
1824 2296 1910 2324 Deus›

1056 2334 1087 2363 in
1113 2335 1241 2364 Ecclesia
1259 2337 1394 2373 primuni
1416 2339 1583 2376 Apostolos,
1600 2342 1725 2370 secundo
1737 2341 1893 2379 prophetas

1056 2383 1138 2411 tertio
1159 2383 1305 2419 doctores,
1328 2386 1429 2416 deinde
1450 2387 1586 2422 virtutes,
1613 2388 1715 2417 exinde
1742 2389 1906 2426 opitulatio-

1055 2427 1105 2458 nes
1120 2434 1187 2465 etc.;
1204 2431 1314 2461 Glossa:
1341 2445 1354 2458 «
1369 2433 1595 2472 Opitnlationcs,
1618 2435 1644 2464 id
1658 2438 1711 2470 est,
1726 2444 1772 2464 eos
1787 2436 1834 2473 qui
1850 2444 1907 2464 ina—

1060 2633 1178 2656 liominem
1186 2651 1192 2661 ‚
1204 2635 1245 2657 sed
1257 2641 1298 2663 per
1311 2635 1384 2657 lesum
1397 2635 1511 2658 Christum
1525 2638 1568 2657 etc.
1577 2646 1608 2651 -—
1617 2635 1670 2663 Seq.
1679 2634 1743 2656 locus
1752 2636 1785 2656 est
1794 2634 1854 2656 ioan.
1864 2635 1905 2662 20,

1060 2672 1098 2694 21.
1113 2684 1145 2689 -
1162 2673 1273 2701 Superius
1290 2680 1332 2702 pro
1349 2674 1514 2704 apparentiam
1530 2672 1681 2703 sophisticam
1698 2673 1705 2695 l
1722 2672 1857 2702 falsitatem.

1121 2711 1131 2725 ⁴
1150 2713 1208 2736 Vide
1225 2716 1304 2736 notam
1321 2714 1480 2741 penultimam.

1121 2750 1131 2763 ⁶
1148 2752 1171 2774 ln
1189 2753 1256 2775 solut.
1273 2752 1302 2775 ad
1321 2752 1356 2774 ll.
1374 2764 1405 2769 —
1422 2752 1529 2779 interius,
1551 2754 1603 2779 post
1626 2750 1714 2775 Christi
1728 2752 1747 2774 M
1765 2752 1843 2774 addito
1861 2752 1905 2775 cle—

1059 2790 1115 2819 ctis,
1132 2791 1280 2820 prosequitur
1297 2791 1328 2814 Et
1343 2790 1399 2821 quia
1416 2790 1484 2814 missi
1499 2793 1541 2813 etc.

1120 2828 1130 2842 ⁰
1149 2830 1214 2852 Vers.
1231 2830 1272 2852 28:
1290 2831 1316 2852 Et
1333 2830 1448 2859 quosdam
1465 2830 1560 2859 quidem
1578 2830 1677 2858 posuit...
1694 2830 1778 2853 deinde
1795 2831 1903 2859 virtutes,

1058 2869 1140 2892 exinde
1158 2870 1241 2897 gratias
1258 2870 1416 2897 curationum,
1434 2870 1595 2898 opitulationes
1612 2872 1655 2892 etc.
1671 2882 1702 2887 -
1723 2870 1826 2893 Glossam
1844 2871 1904 2893 exhi-

1058 2908 1097 2931 bet
1113 2909 1172 2931 Petr.
1188 2907 1312 2931 Lombard.
1330 2908 1363 2937 (in
1380 2910 1441 2931 hunc
1459 2910 1523 2938 locu),
1541 2916 1601 2938 quae
1613 2913 1646 2932 est
1658 2909 1720 2938 apud
1737 2910 1853 2938 Lyranum
1871 2910 1904 2933 in-

1058 2947 1201 2971 ter-lineare.
