2285 3398
704 325 1048 369 QUAESTIONES
1082 326 1401 365 DISPUTATAE

397 472 532 536 DE
594 474 1085 540 MYSTERIO
1149 478 1700 546 TRINITATIS

824 644 1277 662 ——ss‘xsxsrsNffl

247 1030 374 1059 Volentes
395 1031 468 1059 circa
488 1033 650 1069 mysterium
678 1034 819 1063 Trinitatis
848 1035 952 1072 aliquid
974 1036 1014 1064 in-

167 1076 284 1114 dagare,
306 1077 398 1106 divina
419 1079 530 1115 praevia
551 1080 654 1117 gratia,
669 1081 724 1110 duo
739 1081 940 1118 praemittimus
955 1085 1014 1111 tan-

168 1131 252 1160 quam
274 1124 467 1160 praeambula;
489 1134 610 1162 quorum
638 1127 759 1163 primum
787 1130 828 1156 est
852 1128 1014 1157 fundamen-

168 1172 228 1198 tum
249 1171 338 1199 omnis
369 1171 531 1208 cognitionis
561 1173 773 1209 certitudinalis;
795 1169 948 1203 secundum
973 1178 1014 1204 est

166 1215 376 1246 ftmdamentum
397 1219 487 1247 omnis
508 1220 670 1257 cognitionis
691 1221 786 1250 fidelis.

1151 1038 1272 1067 Primum
1293 1043 1349 1073 est,
1372 1043 1467 1069 utrum
1489 1041 1575 1070 Deum
1597 1050 1656 1071 esse
1677 1043 1711 1071 sit
1727 1052 1824 1072 verum
1839 1045 1905 1075 indu

1071 1083 1189 1111 bitabile.

1147 1129 1304 1157 Secundum
1329 1133 1384 1163 est,
1413 1134 1508 1159 utrum
1541 1132 1627 1160 Deum
1658 1141 1717 1162 esse
1748 1135 1852 1163 trinum
1879 1136 1914 1165 sit

1070 1182 1166 1202 verum
1189 1174 1326 1203 credibile.

878 1329 1141 1370 QUAESTIO
1173 1331 1196 1363 I.

267 1448 308 1477 De
328 1449 514 1484 certitudine,
537 1459 597 1488 qua
616 1449 767 1478 existentia
791 1448 842 1476 Dei
862 1448 1062 1484 coynoscz'tur,
1085 1452 1109 1477 et
1130 1449 1164 1477 (Ie
1184 1449 1253 1486 fide,
1276 1459 1336 1489 qua
1356 1451 1485 1481 eiusdem
1513 1453 1645 1483 'l'rz'm'tas
1666 1456 1805 1485 ereditur.

928 1571 1108 1601 ARTICULUS
1130 1572 1147 1601 l.

689 1669 794 1697 Utrum
816 1670 907 1698 Deum
929 1679 988 1699 esse
1007 1671 1046 1699 sit
1066 1680 1169 1699 verum
1190 1671 1388 1700 indubitabile.

234 1792 384 1829 Quaeritur
404 1799 471 1827 ergo
491 1790 596 1827 primo,
618 1794 714 1820 utrum
729 1792 816 1821 Deum
835 1799 894 1820 esse
909 1791 944 1819 sit
959 1799 1004 1819 ve—

157 1848 219 1868 rum
246 1838 447 1867 indubitabile?
469 1837 500 1865 Et
530 1838 605 1874 quod
631 1839 686 1872 sie,
717 1838 872 1867 ostenditur
903 1837 1003 1874 triplici

18 1888 94 1913 ‘fflrlex
106 1888 142 1907 *³³-
156 1887 207 1915 via.
231 1886 321 1914 Prima
341 1887 382 1913 est
403 1884 469 1912 ista:
491 1892 572 1913 omne
592 1893 691 1914 verum
712 1885 840 1913 omnibus
864 1884 1003 1913 mentibus

156 1934 323 1973 impressum
345 1934 386 1960 est
417 1938 515 1959 verum
548 1931 735 1960 indubitabile.
757 1947 795 1951 -—
817 1931 942 1960 Secunda
962 1934 1003 1960 est

155 1981 222 2009 ista:
244 1987 325 2008 omne
347 1986 461 2012 verum,
483 1977 557 2015 quod
578 1978 667 2006 omnis
687 1981 815 2007 creatura
836 1979 1002 2015 proclamat,

154 2030 196 2056 est
217 2034 315 2055 verum
337 2024 525 2054 indubitabile.
549 2041 585 2045 —
606 2023 698 2053 Tertia
718 2028 760 2054 est
780 2025 846 2054 ista:
861 2034 942 2055 omne
957 2034 1003 2055 ve-

156 2082 220 2103 rum
241 2073 269 2101 in
291 2080 320 2101 se
342 2072 400 2109 ipso
432 2071 617 2100 certissimum
648 2074 675 2100 et
706 2072 941 2102 evidentissimum
961 2072 1003 2102 est

153 2129 251 2150 verum
273 2119 453 2149 indubitabile
465 2118 484 2146 ¹.

232 2167 311 2196 Circa
332 2167 417 2204 igitur
445 2167 578 2204 primam
608 2166 689 2195 viam
716 2166 754 2195 sie
785 2167 945 2203 proceditur
976 2170 1003 2196 et

24 2215 61 2234 Vb
73 2216 140 2241 prim.
154 2215 309 2245 ostenditur
324 2218 379 2243 tam
394 2213 619 2243 auetoritatibus
633 2222 716 2251 quam
731 2214 913 2249 rationjbus,
929 2215 1002 2252 quod

154 2264 243 2292 Deum
271 2270 331 2291 esse
359 2259 399 2291 sit*
418 2261 547 2290 omnibus
572 2261 711 2290 mentibus
741 2261 922 2291 rationalibus
952 2262 1002 2291 im-

174 2318 290 2340 rossum.

154 2319 172 2347 p
236 2358 259 2385 1.
283 2357 484 2389 Damascenus,
513 2356 539 2383 in
562 2355 633 2384 libro
653 2355 781 2392 prim02,
802 2357 923 2394 capitulo
948 2361 1003 2386 ter-

12 2402 207 2432 Fundamel²¹⁴21-tio:
235 2415 248 2429 α
263 2404 387 2441 Cognitio
408 2403 542 2432 existendi
564 2403 652 2431 Deum
676 2403 841 2432 naturaliter
861 2404 941 2433 nobis
961 2404 1002 2433 in-
1024 2407 1032 2411 “

154 2454 228 2479 serta
248 2454 326 2480 est».

232 2499 259 2527 2.
283 2499 363 2531 Item,
392 2498 509 2534 Hugo⁸:
537 2508 550 2522 α
565 2497 639 2526 Deus
666 2497 705 2525 sic
729 2497 853 2525 notitiam
874 2505 952 2525 suam
974 2497 1000 2525 in

151 2544 263 2573 homine
285 2544 465 2580 temperavit,
486 2546 518 2572 ut
539 2543 610 2572 sicut
630 2550 773 2579 nunquam
792 2542 864 2580 quid
876 2546 947 2571 esset
960 2546 1000 2571 to-

151 2594 211 2619 tum
238 2593 347 2627 poterat
372 2589 584 2626 comprehendi,
608 2589 647 2617 ita
670 2596 813 2625 nunquam
839 2588 911 2626 quia
931 2592 1000 2616 esset

151 2645 268 2674 prorsus
289 2639 380 2673 posset
401 2635 563 2672 ignorari».

214 2785 222 2798 ¹
241 2785 325 2808 Similis
342 2785 447 2814 quaestio
465 2782 561 2805 solvitur
578 2783 593 2805 I.
611 2782 673 2805 Sent.
690 2783 713 2806 d.
731 2783 753 2806 8.
770 2789 794 2811 p.
811 2784 826 2806 1.
842 2790 863 2807 a.
881 2785 902 2807 ¹l.
919 2791 944 2814 q.
960 2786 982 2807 2.

213 2823 223 2837 ⁹
240 2824 274 2847 De
290 2824 345 2847 Fide
362 2823 453 2846 orthod.
470 2821 516 2845 Cir.
533 2821 589 2844 ibid.
605 2827 626 2844 c.
644 2822 665 2844 l.

212 2862 222 2875 θ
241 2863 303 2886 Libr.
320 2864 336 2885 1.
353 2863 382 2886 de
401 2863 502 2884 Sacram.
519 2867 543 2889 p.
559 2861 593 2883 Ill.
609 2867 630 2884 c,
648 2861 673 2883 l:
690 2861 752 2884 Deus
762 2862 824 2885 enim
839 2863 872 2885 sic
889 2862 919 2885 ab
936 2863 998 2886 initio

152 2902 256 2925 notitiam
273 2902 308 2925 sui
326 2901 356 2924 ab
373 2902 467 2924 homine
481 2904 526 2923 etc.

213 2940 224 2954 ⁴
241 2941 302 2964 Libr.
320 2942 353 2964 ΠΙ.
370 2941 399 2963 de
416 2940 508 2964 Consol.
526 2945 594 2968 prosa
612 2940 638 2962 2:
656 2941 693 2963 Est
710 2940 772 2963 enim
794 2941 909 2964 mentibus
927 2942 1001 2965 nomi-

1139 1791 1164 1820 3.
1181 1791 1262 1825 Item,
1278 1791 1407 1820 Boethius
1418 1792 1444 1820 4:
1466 1792 1595 1822 «Inserta
1608 1796 1650 1822 est
1663 1794 1803 1824 mentibus
1821 1795 1910 1824 homi—

1060 1845 1128 1865 num
1149 1838 1207 1866 veri
1229 1838 1349 1875 bonique
1370 1839 1506 1875 cupiditas
1520 1850 1547 1874 »;
1569 1840 1617 1869 sed
1637 1841 1744 1870 affectio
1765 1842 1824 1870 veri
1846 1842 1910 1871 boni

1061 1884 1260 1921 praesupponit
1275 1885 1458 1922 cognitionem
1472 1886 1610 1915 eiusdem:
1626 1895 1693 1925 ergo
1707 1888 1847 1918 mentibus
1861 1889 1911 1918 ho-

1060 1931 1167 1959 minum
1194 1931 1330 1968 impressa
1357 1936 1399 1962 est
1420 1933 1539 1970 cognitio
1559 1934 1617 1963 veri
1638 1935 1703 1964 boni
1728 1938 1756 1964 et
1776 1936 1912 1973 cupiditas

1060 1978 1182 2007 maxime
1206 1979 1404 2009 desiderabilis.
1430 1980 1484 2009 Hoc
1511 1984 1605 2010 autem
1632 1981 1736 2011 boumn
1758 1983 1833 2012 Deus
1853 1986 1912 2012 est:

1060 2033 1126 2063 ergo
1147 2029 1198 2055 etc.

1139 2073 1166 2102 Δ.
1196 2074 1279 2108 Item,
1311 2075 1482 2112 Augustinus
1508 2075 1542 2104 de
1567 2076 1701 2106 Trinitate
1728 2077 1756 2106 in
1784 2078 1913 2115 pluribus

1060 2120 1148 2150 locis⁵
1169 2121 1250 2156 dicit,
1272 2122 1347 2160 quod
1367 2122 1457 2160 imago
1484 2124 1608 2152 consistit
1635 2124 1663 2153 in
1687 2127 1795 2159 mente,
1816 2125 1913 2154 notitia

1060 2170 1088 2196 et
1109 2176 1219 2204 amore,
1240 2172 1268 2198 et
1289 2169 1363 2207 quod
1384 2170 1455 2198 ratio
1473 2170 1599 2207 imaginis
1613 2171 1765 2200 attenditur
1780 2171 1807 2200 in
1821 2171 1913 2200 anima

1060 2223 1110 2252 per
1131 2216 1364 2253 comparationem
1385 2217 1419 2245 ad
1440 2217 1547 2246 Deum:
1568 2217 1590 2245 si
1605 2225 1672 2254 ergo
1685 2217 1853 2254 impressum
1870 2220 1911 2246 est

1060 2263 1167 2292 animae
1187 2272 1203 2292 a
1223 2266 1325 2293 natura
1344 2272 1404 2293 esse
1424 2264 1571 2301 imaginem
1589 2264 1653 2298 Dei;
1676 2264 1759 2293 habet
1779 2272 1845 2301 ergo
1862 2272 1910 2292 na-

1060 2311 1189 2339 turaliter
1211 2311 1262 2340 sibi
1285 2311 1417 2340 insertam
1438 2311 1561 2339 notitiam
1583 2310 1640 2339 Dei.
1663 2310 1715 2338 Sed
1727 2310 1850 2346 primum
1864 2317 1909 2338 co-

1059 2357 1209 2394 gnoscibile
1230 2357 1263 2386 de
1285 2358 1341 2386 Deo
1361 2360 1418 2391 est,
1440 2357 1527 2385 Deum
1549 2364 1627 2385 esse:
1653 2364 1719 2392 ergo
1739 2356 1808 2384 illud
1828 2358 1909 2384 natu-

1060 2403 1156 2432 raliter
1177 2404 1312 2432 insertum
1334 2407 1376 2432 est
1396 2403 1481 2431 menti
1503 2403 1647 2431 humanae.

1138 2451 1164 2478 5.
1187 2450 1268 2483 Item,
1298 2449 1501 2486 Philosophus⁶
1530 2449 1611 2482 dicit,
1643 2448 1717 2486 quod
1750 2461 1763 2474 «
1779 2449 1909 2479 inconve—

1058 2496 1137 2524 niens
1157 2498 1245 2530 csset,
1267 2503 1317 2524 nos
1338 2495 1441 2524 habere
1462 2495 1647 2524 nobilissimos
1667 2495 1792 2531 habitus,
1807 2499 1835 2525 et
1848 2496 1909 2526 illos

1058 2542 1144 2571 latere
1165 2550 1214 2570 nos
1228 2553 1255 2569 »:
1278 2550 1344 2578 ergo
1365 2549 1429 2571 cum
1450 2542 1539 2571 Deum
1560 2550 1620 2572 esse
1634 2543 1670 2572 sit
1683 2551 1783 2573 verum
1796 2544 1909 2574 nobilis-

1057 2588 1175 2623 simum,
1197 2589 1277 2617 nobis
1297 2589 1570 2626 praesentissimum,
1592 2590 1788 2621 inconveniens
1801 2595 1858 2627 est,
1877 2592 1909 2620 il-

1057 2634 1104 2663 lud
1125 2643 1224 2664 verum
1245 2635 1331 2664 latere
1351 2636 1522 2666 intellectum
1543 2637 1706 2667 humanum.

1055 2792 1111 2808 num
1129 2786 1177 2808 veri
1196 2785 1250 2809 boni
1268 2787 1401 2810 naturaliter
1418 2788 1503 2811 inserta
1525 2788 1648 2817 cupiditas.
1664 2800 1695 2805 —
1712 2789 1745 2811 De
1761 2788 1850 2812 minori
1866 2789 1907 2811 cfr.

1055 2826 1166 2854 August,
1184 2826 1213 2848 X.
1230 2826 1260 2849 de
1279 2826 1343 2849 Trin.
1360 2833 1380 2850 c.
1398 2828 1419 2850 l.
1436 2831 1459 2851 et
1476 2829 1497 2851 2.
1516 2834 1538 2850 n.
1555 2828 1601 2850 4-4.

1118 2863 1128 2876 ⁵
1145 2864 1207 2887 Libr.
1223 2865 1262 2887 lx.
1280 2871 1300 2888 ο.
1317 2867 1340 2888 2.
1357 2873 1379 2889 n.
1397 2868 1419 2890 2.
1437 2873 1515 2896 seqq.;
1533 2867 1580 2889 XII.
1597 2872 1617 2889 e.
1635 2866 1656 2889 4.
1674 2873 1695 2889 n.
1714 2866 1735 2889 4.
1749 2872 1828 2895 seqq.;
1847 2866 1904 2889 XIV.

1057 2910 1077 2927 c.
1095 2905 1117 2927 8.
1134 2911 1157 2927 n.
1179 2905 1212 2937 ll.
1229 2910 1296 2934 seqq.
1312 2905 1359 2928 Csr.
1376 2906 1392 2929 l.
1410 2907 1471 2929 Sent.
1489 2907 1512 2929 d.
1532 2907 1554 2928 3.
1572 2912 1595 2934 p.
1612 2906 1635 2933 Il,
1653 2912 1674 2928 a.
1696 2906 1713 2928 l.

1120 2941 1130 2955 ⁵
1147 2943 1208 2966 Libr.
1226 2944 1250 2966 ll.
1268 2944 1354 2968 Foster.
1372 2951 1393 2968 c..
1414 2946 1447 2968 l8.
1466 2945 1496 2974 (c,
1514 2945 1570 2974 l5.).
