2285 3398
390 193 447 222 472

388 272 485 309 recipit
506 275 548 307 te,
570 272 613 301 vel
632 274 738 305 mater;
760 271 780 300 si
803 270 911 299 assistat
929 273 1022 300 sancta
1036 275 1123 302 mater
1138 273 1227 302 Eccle-

388 320 442 354 sia,
464 320 544 348 etiam
572 318 697 356 flagitiosi
719 319 876 355 peccatores
901 318 1100 355 compellentur
1127 320 1225 350 redire.

387 366 524 396 Debemus
544 366 628 403 igitur
649 365 727 394 nobis
748 364 864 394 invicem
885 366 1012 402 compati.

469 414 510 442 14.
527 413 553 441 ln
570 413 653 441 huius
667 412 881 449 designationem
896 412 1027 442 scribitur
1045 413 1072 442 in
1087 414 1226 443 Psalmo¹:

247 462 474 495 Confirmamr·Eeee,
496 468 585 498 quani
613 459 717 488 bonum
732 462 769 488 -et
789 468 878 499 quam
906 459 1069 489 iucundum
1096 460 1228 490 habitare

386 507 497 545 fratres
518 506 548 534 in
569 514 671 535 anum.
692 506 775 536 Sicut
794 510 975 545 unyuentam
990 507 1022 536 in
1036 508 1137 545 eapite,
1152 508 1229 547 quod

386 554 530 583 deseendit
543 553 575 582 in
589 553 729 588 barbam,
751 554 874 583 barbam
890 555 1000 583 Aaron.
1016 555 1106 584 Unum
1121 556 1227 585 Patrem

386 601 535 635 habemus,
557 609 645 630 unum
666 601 849 636 sacrificium,
871 610 959 631 unum
981 602 1187 632 Sacramentum
1201 606 1228 632 et

386 656 473 676 unum
502 648 665 685 praemium.
694 648 783 677 Dicit:
806 649 887 678 Sicut
912 653 1094 686 unquentum
1121 650 1152 679 in
1179 659 1227 679 ea-

382 694 442 731 pite
462 697 512 723 etc.
537 694 626 723 Primo
653 698 695 724 est
721 698 895 733 unguentum
923 695 1031 732 pietatis
1059 696 1086 725 in
1115 697 1228 734 eapite,-

386 744 480 778 postea
506 742 646 771 descendit
669 743 697 771 in
718 751 812 772 omnes
833 743 915 777 alios,
937 743 985 780 qui
1006 744 1229 781 appropinquant

256 793 365 841 negginrligur
388 789 478 826 capiti.
495 805 531 810 —
547 789 637 818 Primo
650 790 731 819 debet
752 798 810 819 esse
832 790 925 827 pietas
939 790 965 818 in
988 790 1117 827 praelatis
1130 794 1157 821 et
1171 800 1228 820 ma-

245 840 264 859 in
280 841 375 865 praelatis·
388 836 494 865 ioribus
514 839 542 865 et
562 839 656 873 postea
676 837 703 866 in
725 838 818 874 plebe;
834 837 907 866 uude
928 838 1010 867 dicit:
1026 838 1102 876 quod
1116 838 1227 868 (lescen-

386 884 429 912 dit
449 884 480 912 in
500 892 585 913 oram
612 884 771 913 vestimenti
791 885 853 913 eius
865 885 883 913 2.
906 885 945 914 De
966 885 1018 914 isto
1039 886 1099 914 oleo
1120 886 1228 923 pietatis

384 931 485 960 dicitur
506 932 533 960 in
555 934 655 969 quarto
676 932 794 969 Regum,
816 932 890 969 quod
910 933 1011 962 mulier
1032 933 1167 970 quaedam
1184 942 1228 962 ve-

384 978 425 1007 nit
452 978 485 1007 ad
513 979 631 1007 Eliseum
652 981 680 1008 et
704 979 790 1014 dixit,
812 979 886 1017 quod
907 979 1057 1009 creditores
1084 980 1126 1009 sui
1154 980 1228 1009 vole-

384 1026 450 1055 bant
470 1034 572 1063 pueros
593 1034 657 1055 suos
678 1026 819 1064 accipere;
842 1030 869 1056 et
889 1027 975 1056 dixit:
997 1027 1047 1056 Vir
1067 1036 1149 1056 meus
1168 1026 1229 1065 fuit

383 1073 431 1102 vir
459 1073 561 1102 timens
587 1074 684 1102 Deum.
713 1074 745 1102 Et
771 1074 842 1103 dixit
870 1075 989 1109 Eliseus‚
1015 1075 1089 1112 quod
1116 1075 1228 1104 afferret

383 1120 475 1149 omnia
495 1128 560 1149 vasa
580 1120 734 1149 vicinorum
755 1129 870 1150 suorum
891 1124 918 1150 et
936 1122 1089 1159 imponeret
1110 1122 1137 1150 in
1158 1130 1227 1159 quo-

384 1167 450 1196 libet
476 1167 579 1205 aliquid
600 1168 633 1196 de
654 1168 700 1196 illo
725 1168 799 1202 oleo,
828 1168 913 1197 donec
935 1169 1026 1197 omnia
1046 1168 1158 1206 impleta
1184 1177 1227 1198 es—

384 1217 452 1244 sent.
474 1214 511 1243 Ad
533 1215 599 1252 quid
620 1215 760 1252 praecepit
781 1215 804 1243 ei
830 1215 929 1244 3110110
957 1223 1022 1244 vasa
1049 1215 1226 1245 vicinorum?

384 1261 513 1299 Nunquid
534 1261 717 1298 multiplicare
740 1270 808 1290 noir
823 1262 912 1299 potuit
939 1262 1030 1291 oleum
1059 1265 1086 1290 et
1112 1262 1226 1299 implere

384 1309 502 1343 dolium,
525 1311 552 1337 et
565 1317 620 1337 non
635 1309 784 1338 laborasset
799 1312 905 1338 tantum
921 1309 1042 1338 mulier?
1056 1309 1137 1344 Dico,
1152 1309 1226 1347 quod

383 1356 484 1385 mulier
512 1359 586 1385 tenet
614 1359 709 1393 typum
736 1356 883 1390 Ecclesiae,
906 1356 1010 1385 Eliseus
1035 1359 1108 1386 tenet
1129 1360 1225 1394 typum

384 1403 493 1431 Christi.
515 1402 630 1439 Quando
652 1402 769 1431 Ecclesia
793 1403 961 1439 paupercula
988 1406 1029 1432 est
1056 1403 1083 1431 in
1104 1403 1225 1438 meritis,

384 1453 412 1479 et
436 1452 558 1487 oportet,
587 1449 661 1486 quod
688 1450 767 1478 fenus
795 1450 908 1484 reddat;
937 1458 986 1487 per
1014 1450 1080 1487 quid
1109 1450 1226 1479 reddet?

385 1497 514 1534 Oportet,
543 1496 617 1534 quod
644 1497 754 1533 impleat
782 1504 846 1525 vasa
873 1496 1035 1525 vicinorum.
1063 1497 1124 1531 Vis,
1152 1497 1226 1534 quod

384 1544 471 1582 pietas
491 1544 588 1573 matris
608 1544 741 1573 Ecclesiae
756 1544 789 1572 ad
805 1546 830 1571 tc
845 1543 991 1572 descendat
1005 1546 1016 1571 ἱ)
1035 1544 1148 1581 Inipleas
1163 1552 1227 1573 vasa

384 1592 546 1621 vicinorum.
570 1592 643 1621 Istud
669 1592 759 1620 oleum
788 1591 896 1628 pietatis
922 1590 996 1627 apud
1023 1599 1119 1620 omnes
1147 1591 1227 1620 debet

384 1640 488 1669 haberi.
518 1639 592 1668 Unde
620 1639 646 1667 in
673 1638 823 1668 Cantic0³:
855 1638 954 1667 Oleum
980 1637 1104 1676 effusum
1124 1647 1227 1667 nomen

384 1691 475 1716 tuum.

468 1736 508 1763 15.
531 1734 688 1771 Specialiter
710 1734 790 1762 debet
811 1741 870 1762 esse
898 1733 925 1761 in
957 1733 1087 1762 cordibus
1118 1733 1227 1769 pontifi-

245 1785 458 1811 Connrnetur-cum.
480 1781 555 1811 Unde
586 1781 728 1818 pontifices
758 1783 903 1817 unguntur
932 1780 958 1808 in
991 1780 1095 1817 capite,
1118 1783 1145 1809 et
1175 1780 1227 1816 ipsi

385 1829 489 1858 inuncti
511 1832 605 1866 postea
625 1836 720 1857 omnes
741 1828 774 1857 de
788 1828 867 1864 plebe
882 1827 981 1856 debent
1002 1827 1159 1863 purificare.
1182 1826 1227 1854 Di-

277 1880 371 1905 Exemrla-
385 1877 457 1905 citur
478 1877 505 1905 in
527 1876 597 1905 libro
618 1875 883 1905 Machabaeorum4:
909 1874 981 1902 Cum
1001 1877 1105 1902 saueta
1124 1873 1227 1902 civitas

385 1924 416 1952 iii
434 1932 507 1961 paee
528 1922 726 1956 habitaretur,
749 1925 773 1950 et
794 1921 865 1958 legyes
886 1921 988 1958 optime
1010 1920 1226 1949 custodirentur

383 1974 502 2008 propter
529 1970 619 1998 Ouiae
640 1969 775 2007 pietatem
803 1972 828 1996 et
856 1968 969 1996 animos
1001 1968 1065 1996 odio
1094 1966 1226 1996 habentes

385 2017 514 2050 matum.,·
534 2016 635 2054 fiebat,
657 2020 690 2044 ut
711 2016 804 2044 locuni
826 2024 903 2052 reyes
918 2019 943 2043 et
960 2014 1109 2052 pontifices
1130 2015 1161 2043 in
1183 2024 1226 2043 re-

386 2064 515 2092 verentia
546 2063 681 2091 (lucerent
711 2066 735 2090 et
766 2062 864 2090 ‘inultis
896 2062 1064 2091 muneribus
1096 2062 1226 2090 iilustra-

388 2114 457 2139 reut.
481 2111 574 2139 Postea
594 2110 732 2138 Menelaus
746 2111 774 2137 et
788 2109 829 2137 sui
845 2109 1018 2138 intraverunt
1034 2109 1177 2146 templum,
1200 2111 1227 2138 et

261 2162 373 2181 Notmdum·
387 2158 535 2187 Antiochus
556 2156 749 2186 contaminavit
770 2156 909 2193 templum.
932 2157 1033 2191 Credo,
1053 2156 1126 2194 quod
1142 2157 1226 2193 impe-

387 2205 539 2234 dimentum
560 2204 627 2238 suit,
653 2203 725 2240 quod
757 2203 875 2240 Spiritus
902 2207 1013 2233 sanctus
1040 2212 1095 2233 non
1126 2203 1177 2232 11111
1198 2203 1225 2232 in

388 2252 481 2290 plebe,
497 2252 562 2289 quia
579 2250 805 2287 impedimentum
823 2250 874 2279 suit
895 2251 921 2279 in
943 2255 1059 2288 pastore.
1077 2268 1113 2272 —
1128 2251 1226 2280 Beatus

388 2299 537 2337 Gregorius
567 2298 619 2326 fnit
645 2297 743 2326 nobilis
773 2301 800 2326 01
820 2298 910 2333 dives3
932 2302 1035 2336 septem
1061 2298 1227 2327 monasteria

389 2346 512 2375 fundavit
532 2348 559 2374 et
579 2344 675 2374 ditavit
705 2348 732 2373 et
763 2345 790 2373 in
819 2345 934 2382 septimo
962 2346 988 2374 in
1015 2346 1085 2374 urbe
1108 2346 1226 2374 Romana

453 2569 460 2583 ¹
478 2571 558 2593 psalm,
581 2571 633 2598 132,
655 2571 672 2592 l.
689 2573 711 2592 et
728 2571 749 2592 2.
766 2569 810 2592 Csr.
828 2576 896 2598 supra
914 2577 967 2599 pag.
986 2571 1037 2598 411,
1054 2574 1106 2594 nota
1124 2572 1146 2593 9.

452 2609 461 2622 ²
480 2611 560 2632 Psalm.
583 2610 636 2636 132,
654 2611 674 2632 Ξ.
691 2621 722 2625 ——
739 2609 771 2631 De
788 2615 853 2638 seqq.
870 2610 923 2632 vide
940 2611 976 2632 lv,
994 2612 1050 2639 fleg.
1069 2611 1094 2639 -1,
1116 2611 1133 2633 1.
1151 2617 1227 2640 seqq.:

391 2650 467 2672 Mulier
484 2652 560 2671 nutem
578 2649 715 2677 quaedam...
732 2648 843 2671 clamabat
860 2649 888 2671 311
906 2650 1015 2677 Eliseum,
1033 2650 1124 2673 dicens:
1142 2651 1227 2673 Servus

391 2692 455 2717 tuus,
472 2688 507 2710 vir
525 2694 600 2716 1110115,
618 2691 722 2710 mortuus
739 2691 783 2716 051,
801 2691 823 2710 et
839 2691 861 2710 tu
880 2689 949 2717 nosti,
965 2689 1017 2718 quia
1030 2696 1110 2713 servus
1123 2693 1175 2713 tuus
1188 2691 1227 2713 suit

392 2728 473 2750 timens
490 2727 624 2754 Dominum,
642 2730 663 2749 et
681 2733 745 2755 erce,
763 2728 861 2749 creditor
878 2728 951 2756 venit,
969 2732 993 2750 ut
1014 2730 1073 2752 tollat
1094 2730 1153 2752 duos
1170 2730 1227 2752 filios

392 2773 455 2789 111005
472 2769 514 2788 etc.
531 2765 575 2788 Csr.
592 2766 679 2788 Raban.
695 2767 717 2788 in
735 2768 794 2788 1111110
812 2767 893 2789 locum.
1067 2767 1075 2780 ³
1092 2768 1147 2797 Cap,
1170 2770 1187 2798 1y
1205 2771 1226 2791 2,

453 2805 462 2817 ‘³
478 2805 539 2828 Libr.
551 2805 575 2827 11.
587 2806 612 2832 3,
629 2806 645 2827 1.
658 2806 712 2827 012.
724 2817 754 2821 —
766 2806 798 2827 De
815 2806 914 2828 Menelao
932 2807 985 2829 11110
1003 2807 1057 2830 ibid.
1075 2809 1100 2836 4⁷,
1113 2810 1150 2831 23.
1162 2815 1227 2838 seqq.

393 2846 424 2868 Dc
441 2844 593 2868 contaminato
610 2844 694 2871 templo
711 2844 737 2871 (i,
755 2846 776 2866 2.
794 2851 857 2873 seqq.
875 2848 896 2867 et
917 2846 954 2872 10,
972 2847 993 2868 3.

454 2882 462 2895 ⁶
480 2883 525 2906 Csr.
543 2884 565 2905 S.
581 2883 683 2910 Gregorii
701 2883 746 2905 vita
758 2889 771 2904 11
784 2884 865 2905 Ioanne
878 2884 974 2907 diacono
986 2886 1081 2914 scripta,
1093 2886 1132 2909 lib.
1144 2888 1158 2909 1.
1171 2894 1194 2910 11.
1206 2887 1227 2910 5.

393 2926 414 2945 01
431 2923 452 2945 6.
469 2922 524 2945 ibid.
542 2929 564 2944 n.
582 2922 618 2944 10.
636 2924 657 2944 et
673 2922 696 2944 11.
713 2929 736 2944 11.
753 2923 790 2944 23.
808 2926 922 2951 narratur,
946 2925 1008 2952 quod
1031 2926 1153 2949 duodecim
1171 2933 1228 2955 pau-

394 2961 486 2990 peribus
504 2962 614 2989 invitatis,
626 2961 717 2984 tertium
735 2961 862 2990 decimum,
875 2963 987 2991 Angelum
1005 2964 1046 2987 sibi
1065 2965 1174 2988 divinitus
1192 2966 1228 2988 (10-

394 3005 510 3030 111113111111,
527 3001 695 3029 recognoverit.

950 192 993 221 DE
1014 193 1112 223 DONIS
1133 176 1276 223 SPIRlTUS
1297 195 1322 223 S.
1344 194 1505 223 COLLATIO
1526 195 1566 223 111.

1284 273 1372 302 1301115
1392 276 1433 302 051
1453 274 1605 303 monachus
1616 274 1636 308 ⁵,
1658 277 1753 311 postea
1767 275 1912 305 cardinalis
1926 279 1953 305 et
1970 277 2041 314 Papa
2066 280 2125 306 tan-

1283 319 1353 348 dem.
1375 319 1524 349 Consuevit
1553 320 1651 350 heatus
1681 321 1846 359 Gregorius,
1868 330 1931 351 cum
1963 323 2014 352 suit
2038 325 2126 362 Papa,

1284 366 1387 395 habere
1417 374 1553 404 pauperes
1583 367 1743 402 duodecim,
1775 368 1823 405 qui
1854 369 2032 398 comedebant
2062 374 2124 400 ante

1284 413 1383 450 ipsum.
1406 413 1529 450 Quadam
1549 414 1592 443 die
1613 415 1664 443 fuit
1692 422 1756 444 cum
1784 415 1838 444 illis
1863 415 2007 444 duodecim
2036 426 2124 451 unus,

1284 460 1331 497 qui
1352 460 1500 497 aliquando
1530 461 1657 499 apparuit
1682 461 1805 496 iuvenis,
1826 461 1973 499 aliquando
1993 470 2127 492 veneran-

1283 507 1334 536 dae
1355 507 1471 536 canitiei.
1494 508 1556 537 Post
1575 508 1723 546 prandium
1754 508 1879 538 surrexit
1907 509 2004 539 beatus
2025 509 2126 547 Grego-

1284 554 1343 583 rius
1364 557 1391 583 et
1411 554 1493 584 duxit
1513 555 1590 584 illum
1612 556 1639 585 in
1661 564 1800 586 cameram
1821 564 1899 585 suam
1926 559 1954 586 et
1981 557 2126 594 quaesivit,

1284 602 1346 639 quis
1367 604 1446 631 esset.
1469 602 1520 639 Qui
1552 603 1710 641 respondit:
1731 611 1782 641 ego
1809 603 1961 641 naufragus
1982 604 2026 633 ille
2047 612 2125 639 sum,

1284 648 1328 677 cui
1344 652 1375 677 tu
1389 648 1475 678 fecisti
1490 649 1706 679 misericordiam
1722 651 1795 680 circa
1815 653 1927 688 portum
1942 651 2034 680 maris.
2051 651 2126 685 Dixi,

1284 696 1358 733 quod
1379 696 1456 725 navis
1476 705 1537 726 mea
1557 701 1616 727 erat
1636 698 1804 735 periclitata,
1826 701 1854 727 et
1875 698 1939 735 petii
1961 706 1977 726 a
2009 701 2035 727 10
2056 699 2126 727 0100-

1284 751 1442 780 mosynam,
1464 744 1537 773 unde
1558 753 1665 782 possem
1687 745 1845 774 sustentari.
1861 745 1956 774 Fecisti
1978 745 2045 774 mihi
2066 745 2125 774 dari

1284 790 1485 828 quinquaginta
1504 800 1603 821 aureos
1613 792 1634 827 ⁶,
1656 795 1750 830 postea
1770 800 1865 822 omnes
1886 793 2014 822 scutellas
2028 801 2126 830 argen-

1285 842 1357 873 teas,
1378 846 1450 875 quae
1470 839 1584 868 fuerunt
1604 840 1631 869 in
1651 840 1733 869 domo
1754 842 1860 875 1113;01
1881 843 1947 869 tunc
1962 840 2037 874 scivi,
2052 840 2126 877 quod

1284 885 1358 914 Deus
1378 888 1508 915 aeternus
1528 886 1662 924 disposuit
1683 890 1709 916 te
1730 887 1763 915 ad
1785 887 1868 915 istum
1883 887 2030 921 honorem,
2045 890 2072 916 et
2086 887 2126 916 di-

1285 933 1439 970 spensative
1465 933 1499 962 ad
1520 933 1599 962 istam
1623 933 1782 971 dignitatem
1807 933 1956 968 devenisti,
1978 936 2010 962 ut
2034 941 2126 971 posses

1284 980 1403 1009 multum
1424 980 1490 1009 dare
1520 988 1571 1018 pro
1600 981 1664 1010 Deo.
1687 982 1718 1010 Et
1745 981 1816 1010 dixit
1846 981 1943 1010 beatus
1964 981 2124 1018 Gregorius:

1284 1028 1347 1065 quis
1361 1035 1390 1057 es
1405 1030 1457 1057 tu?
1472 1028 1618 1066 Respondit
1637 1029 1697 1058 ille:
1719 1037 1769 1066 ego
1790 1037 1852 1058 sum
1873 1029 1991 1066 Angelus
2011 1029 2079 1057 eius.
2095 1029 2127 1057 Et

1284 1074 1399 1103 territus
1419 1077 1460 1103 est
1481 1074 1578 1104 beatus
1597 1075 1763 1113 Gregorius,
1785 1075 1851 1112 quia
1878 1074 1946 1103 vidit
1977 1074 2125 1111 Angelum;

1283 1123 1310 1149 et
1337 1120 1375 1149 sic
1405 1122 1562 1150 consolatus
1592 1124 1648 1156 est,
1673 1122 1739 1160 quia.
1766 1129 1851 1159 opera
1878 1121 1987 1159 pietatis
2017 1123 2125 1150 tantum

1283 1168 1391 1204 placent
1411 1168 1474 1198 Deo.
1497 1169 1629 1199 Martinus
1653 1172 1680 1199 et
1707 1170 1833 1198 Nicolaus
1860 1170 1926 1207 quia
1946 1169 1998 1198 viri
2020 1169 2127 1198 miseri-

1283 1215 1379 1244 cordes
1393 1215 1516 1251 fuerunt,
1531 1216 1591 1246 ideo
1602 1225 1637 1246 ex
1653 1217 1777 1254 ipsorum
1793 1216 1891 1245 tumba
1901 1219 1994 1245 manat
2004 1216 2124 1245 oleum7.

1284 1278 1320 1282 —
1342 1262 1417 1290 Patet
1437 1263 1517 1291 modo
1537 1263 1571 1292 de
1591 1263 1725 1292 exercitio
1746 1263 1854 1300 pietatis
1874 1265 1902 1291 et
1922 1263 1955 1292 de
1987 1263 2047 1292 eius
2068 1262 2126 1291 ori-

1282 1308 1378 1346 ginali
1397 1308 1558 1346 influentia.

1365 1356 1407 1383 16.
1430 1356 1481 1384 Sed
1502 1365 1573 1393 quae
1593 1360 1634 1386 est
1656 1356 1767 1385 utititas
1788 1356 1852 1385 doni
1873 1356 2000 1393 pietatis?
2021 1355 2125 1384 Dicitfl:
2139 1366 2185 1393 igar}
2197 1366 2226 1384 111.
2240 1365 2278 1385 ne

1284 1403 1382 1431 Pietas
1403 1404 1444 1432 act
1463 1404 1563 1433 omnia
1583 1404 1666 1438 valet,
1680 1404 1904 1441 promissionem
1919 1403 2026 1432 liabens
2040 1403 2125 1438 vitae,
2147 1394 2278 1432 131511ἓῖιὲὟο“

1283 1458 1357 1487 quae
1377 1458 1455 1478 tuine
1482 1453 1537 1484 est,
1559 1454 1583 1479 et
1603 1449 1733 1487 futurae.
1764 1451 1821 1479 Non
1847 1451 1903 1480 scio
1933 1450 1996 1487 plus
2016 1450 2125 1479 addere.

1283 1497 1370 1526 Habes
1391 1497 1462 1525 bona
1482 1498 1661 1534 temporalia?
1676 1497 1713 1526 Ad
1732 1497 1778 1526 illa
1798 1498 1870 1527 valet
1891 1498 1991 1535 pietas;
2007 1500 2034 1526 et
2051 1497 2126 1526 simi-

1283 1544 1345 1572 liter
1364 1544 1398 1572 ad
1419 1544 1490 1573 bona
1511 1545 1672 1582 spiritualia.
1695 1545 1747 1582 Qui
1775 1545 1913 1574 lubricum
1942 1545 2033 1574 carnis
2054 1544 2127 1581 passi

1284 1593 1363 1624 sunt,
1385 1591 1491 1620 liberati
1513 1595 1578 1620 sunt
1598 1592 1764 1629 quandoque
1796 1600 1845 1629 per
1875 1592 1979 1621 donum
2001 1592 2126 1629 pietatis,

1284 1640 1311 1666 et
1332 1641 1425 1674 postea
1446 1639 1661 1667 misericordiam
1683 1639 1822 1668 consecuti
1844 1642 1916 1668 sunt.
1940 1639 2039 1668 Pietas
2053 1639 2125 1668 enim
2139 1648 2231 1675 meina

1286 1684 1358 1713 valet
1371 1685 1411 1713 aa
1426 1685 1541 1714 onmia:
1553 1686 1624 1715 valet
1636 1686 1676 1714 ad
1685 1695 1756 1715 vera
1771 1687 1977 1724 coynoseencla,
1989 1686 2022 1715 ad
2036 1686 2127 1715 omnia
2168 1674 2211 1691 '‘¹²''

1284 1731 1365 1760 matu
1386 1731 1559 1761 declinanda
1580 1736 1607 1761 et
1626 1732 1661 1761 ad
1681 1733 1772 1762 omnia
1793 1733 1867 1762 bona
1888 1734 2095 1772 consequenda.

1366 1779 1408 1806 17.
1431 1778 1536 1813 Primo,
1557 1779 1630 1814 dico,
1652 1780 1724 1809 valet
1751 1780 1837 1817 pietas
1863 1780 1898 1809 ad
1924 1789 1995 1809 vera
2023 1789 2125 1818 009110-
2154 1790 2222 1812 Primo,
2236 1790 2275 1808 au

1284 1825 1405 1859 seemla,
1431 1826 1533 1855 scilicet
1560 1826 1724 1860 salutaria,
1748 1827 1821 1856 unde.
1849 1827 1877 1855 in
1905 1827 2125 1856 Ecclesiastico⁹z
2139 1819 2274 1856 ἔῖἔῧαῖῗμψ

1287 1873 1392 1901 Omnia
1419 1872 1487 1911 feeit
1510 1873 1651 1902 Dominus
1678 1877 1705 1902 et
1726 1874 1774 1911 pie
1798 1874 1949 1911 aqentibus
1974 1874 2051 1903 (ledit
2077 1883 2125 1903 sa—

1283 1920 1431 1957 pientiam.
1447 1920 1498 1948 Dat
1516 1920 1589 1949 Deus
1610 1920 1681 1949 dona
1702 1928 1752 1949 sua
1773 1929 1857 1958 super
1878 1921 2029 1958 quamlibet
2049 1929 2125 1950 crea-

1285 1970 1391 2001 turam;
1411 1967 1457 1996 sed
1476 1967 1600 1996 notitiam
1622 1967 1744 1996 veritatis
1765 1976 1819 1996 non
1840 1967 1887 1996 dat
1907 1968 1958 1997 nisi
1980 1968 2023 2005 pie
2043 1976 2125 2005 agen-

1284 2014 1366 2043 tibus.
1388 2014 1529 2051 Quomodo
1550 2017 1640 2052 posset
1667 2014 1801 2052 attingere
1823 2015 1973 2052 oriqinata
1998 2015 2045 2052 qui
2071 2023 2125 2044 non

1283 2061 1391 2099 attingit
1419 2061 1561 2099 originem
1588 2061 1732 2090 veritatis?
1753 2061 1894 2098 Quomodo
1914 2061 2047 2098 originem
2072 2061 2124 2090 sci-

1283 2112 1326 2137 ret
1353 2108 1475 2137 veritatis
1502 2108 1550 2145 qui
1578 2108 1741 2137 adversatur
1765 2108 1863 2145 origini
1889 2108 2033 2137 veritatis?
2053 2108 2124 2137 Dicit

1283 2156 1426 2193 Apostolus
1446 2155 1480 2184 ad
1501 2155 1676 2185 Timotheum
1688 2155 1726 2184 ¹⁰:
1749 2155 1782 2184 Si
1801 2155 1866 2194 quis
1887 2154 1973 2183 aliter
2000 2155 2080 2184 docet
2098 2159 2124 2184 et

1283 2211 1341 2231 non
1359 2202 1515 2241 acquiescit
1527 2202 1610 2231 sanis
1623 2202 1805 2231 sermonibus
1820 2201 1938 2231 Domini
1950 2201 2045 2230 nostri
2060 2201 2125 2230 Iesu

1285 2249 1410 2284 Cltristi,
1431 2254 1456 2278 et
1477 2250 1503 2278 ei
1522 2259 1596 2289 quae
1615 2250 1774 2279 seeundum
1796 2250 1931 2287 pietatem
1954 2252 1995 2278 est
2017 2249 2124 2278 doctri-

1282 2306 1351 2331 nae,
1372 2297 1515 2335 superbus
1535 2301 1577 2326 est
1596 2301 1621 2327 et
1641 2296 1714 2326 nillil
1734 2297 1827 2326 sciens
1840 2300 1867 2326 et
1880 2297 2021 2335 languens
2042 2295 2124 2324 eirea

1283 2344 1462 2383 quaestiones
1472 2348 1497 2373 et
1505 2353 1624 2383 pugnas
1639 2344 1800 2374 verborum.
1816 2344 1939 2381 Oportet,
1954 2342 2028 2380 quod
2040 2342 2122 2370 homo

1345 2569 1355 2582 ⁶
1372 2571 1388 2592 l}
1406 2569 1508 2600 quinque
1524 2569 1602 2593 obolos
1619 2576 1713 2594 aureos.

1345 2608 1354 2621 ⁷
1373 2610 1452 2632 Surius
1475 2609 1567 2638 (1115101.
1589 2616 1628 2632 seu
1651 2609 1712 2632 vitae
1734 2608 1879 2637 Sanctorum)
1897 2608 1920 2629 in
1937 2607 1983 2630 vita
2001 2607 2024 2629 S.
2040 2605 2123 2629 Nicolai

1284 2649 1316 2678 (6,
1327 2649 1402 2677 Dee),
1414 2650 1427 2676 ξς
1439 2650 1480 2671 20:
1497 2650 1528 2671 Ex
1546 2649 1674 2677 purissimis
1691 2651 1768 2671 autem
1785 2648 1826 2670 illis
1843 2650 1865 2670 et
1881 2645 2037 2669 redolentibus
2054 2650 2124 2667 mem-

1284 2688 1331 2711 bris
1347 2694 1388 2716 per
1405 2691 1507 2710 anteacta
1524 2689 1614 2710 saecula
1633 2688 1655 2710 in
1672 2689 1733 2710 hunc
1751 2693 1824 2716 usque
1840 2687 1902 2709 diem
1920 2688 2039 2708 nectareus
2056 2683 2123 2706 distil-

1283 2729 1313 2750 lat
1329 2728 1410 2756 liquor,
1428 2728 1553 2750 certissima
1569 2727 1721 2756 spiritualium
1739 2733 1765 2749 ac
1782 2726 1935 2754 corporalium
1953 2724 2122 2752 aegritudinum

1284 2767 1405 2789 medicina.
1429 2767 1461 2789 De
1487 2767 1582 2789 Martino
1607 2768 1647 2789 cfr.
1672 2767 1766 2794 Gregor.
1792 2766 1890 2792 Turou.,
1916 2764 1948 2786 111.
1965 2763 1994 2786 de
2011 2761 2123 2785 Miraculis

1284 2807 1306 2828 S.
1323 2805 1422 2832 Martini,
1440 2811 1460 2828 c.
1477 2806 1514 2828 24.

1345 2842 1355 2856 ⁸
1372 2845 1442 2872 Epist.
1459 2845 1473 2867 1.
1490 2845 1550 2867 Tim.
1568 2845 1593 2872 11,
1611 2846 1632 2867 8.
1649 2844 1695 2868 Csr.
1712 2851 1781 2872 supra
1799 2850 1853 2872 pag.
1870 2843 1928 2869 468,
1946 2844 1999 2864 nota
2017 2842 2038 2863 11.

1346 2882 1355 2895 ⁹
1372 2883 1428 2911 Cap.
1446 2884 1487 2910 43,
1506 2884 1543 2906 37.

1346 2921 1365 2935 ¹⁰
1383 2923 1452 2951 Epist.
1464 2924 1478 2945 l.
1491 2924 1517 2951 6,
1535 2924 1556 2946 3.
1573 2926 1595 2946 01
1613 2923 1675 2946 4.-
1688 2922 1790 2946 Subinde
1807 2928 1849 2950 pro
1866 2919 1995 2944 secuudum
2009 2919 2118 2949 pietatem

1285 2963 1354 2985 codd.
1370 2962 1499 2985 senatulum
1518 2962 1645 2986 veritatem.
