2285 3398
410 166 464 195 168

407 251 461 271 non
484 242 573 271 solum
602 241 753 270 secundum
783 244 886 270 statum
914 241 1065 278 praesentis
1097 240 1228 277 temporis
1244 240 1252 255 ¹

406 292 454 318 aut
475 288 576 322 futuri,
598 295 696 316 verum
711 287 792 316 etiam
807 295 824 316 a
844 286 979 324 principio
1000 287 1096 316 mundi
1117 293 1206 323 usque
1220 285 1254 313 ad

407 335 490 363 finem
512 334 665 371 praesentis
679 334 797 368 saeculi,
818 342 965 371 quousque
984 334 1135 363 electorum
1157 339 1254 360 nume-

406 388 456 409 rus
477 380 656 417 compleatur.

486 426 523 455 Ad
551 426 631 455 cuius
662 426 868 464 intelligentiam
896 426 1063 459 notandum,
1094 424 1169 461 quod
1196 423 1255 460 ipsa

266 472 538 510 mmmm-pudicitia
557 473 708 510 coniugalis
728 476 756 502 et
776 473 863 510 ipsius
884 476 962 502 actus
983 475 1010 501 et
1034 478 1102 500 usus
1123 472 1255 498 consonat

289 505 368 529 ”neum
405 519 458 556 legi
479 523 607 548 naturae
627 523 654 548 et
676 520 728 557 legi
750 519 922 556 Scripturae
942 522 969 548 et
991 518 1041 555 legi
1062 516 1186 555 prat-iae.

456 572 458 575 ·
484 566 547 604 Legi
571 569 700 595 naturae
724 569 855 596 consonat
880 566 985 594 ratione
1012 564 1100 602 ipsius
1126 566 1254 591 naturae

266 621 358 647 commi
366 621 393 640 10-
405 613 553 647 conditae,
576 613 682 642 ratione
709 612 923 650 praeceptionis
952 610 1180 649 superadditae,
1210 617 1254 637 ra-

282 646 392 708 ῗὲῑιῗξέἓῖἓῖῗ
405 659 478 688 tione
499 659 682 690 revelationis
704 659 826 696 desuper
841 662 977 687 ostensae.
994 673 1030 678 -
1042 656 1190 690 Consonat,
1212 655 1254 684 in-

338 695 504 742 Πειιο’(1116111,
526 706 577 742 ipsi
600 706 651 742 legi
676 709 792 734 naturae
821 706 926 734 ratione
954 708 1081 733 naturae
1102 703 1253 737 conditae,

406 760 477 788 quae
497 752 614 780 formata
634 752 686 781 fuit
707 752 734 780 in
757 760 877 780 sexuum
893 750 1079 784 distinctione,
1101 748 1253 778 secundum

406 798 474 827 illud
505 798 616 827 Genesis
647 799 777 835 prim0²z
802 798 917 827 Creavit
941 798 1015 826 Deus
1041 796 1185 825 bominem
1214 796 1255 824 ’ad

407 844 564 882 intayinem
595 848 619 872 et
649 844 870 873 similitudinem
900 853 1005 878 suam,
1036 842 1203 872 masculum
1231 845 1256 870 et

301 898 393 918 5111111111).
406 890 547 928 feminam
575 891 685 919 creavit
715 899 769 919 eos.
803 907 838 911 —
870 890 1006 919 Consonat
1036 890 1118 919 etiam
1149 888 1255 918 ratione

404 937 617 974 praeceptionis
637 937 861 974 superadditae,
883 937 974 966 adhuc
988 937 1047 974 lege
1061 939 1177 965 naturae
1198 943 1255 964 ma-

408 986 504 1017 nente,
536 983 688 1012 secundum
720 983 787 1011 illud
815 983 927 1012 Genesis
955 982 1082 1019 prim0³:
1105 981 1255 1010 Benedioeit

407 1029 465 1058 illis
489 1030 564 1058 Deus
584 1032 610 1058 et
630 1030 688 1057 ait:
713 1029 835 1058 Crescite
855 1032 880 1058 et
899 1029 1139 1066 multiplicamini
1159 1031 1184 1057 et
1211 1037 1255 1057 re—

407 1076 476 1113 plete
498 1079 626 1109 terram,·
648 1075 723 1112 quod
743 1075 853 1112 quidem
875 1084 930 1104 non
951 1075 982 1104 fit
996 1075 1114 1112 legitime
1135 1075 1187 1103 nisi
1206 1082 1255 1111 per

323 1129 394 1149 renio.
407 1130 491 1150 usum
513 1121 660 1159 pudicitiae
688 1121 846 1158 coniugalis.
863 1138 899 1142 -
914 1121 1049 1150 Consonat
1077 1120 1255 1149 nihilominus

408 1168 514 1197 ratione
534 1168 718 1196 revetationis
738 1168 861 1205 desuper
881 1167 974 1196 datae.
997 1167 1063 1195 Nam
1088 1167 1170 1195 Adam
1191 1174 1255 1203 pro-

408 1215 517 1252 phetice
537 1214 609 1242 dixit
627 1217 688 1251 post
702 1214 919 1250 soporationem:
941 1214 1002 1242 Hoc
1016 1221 1095 1241 nunc
1109 1221 1141 1241 os
1159 1221 1193 1241 cx
1212 1221 1255 1240 os·

408 1261 489 1290 sibus
509 1261 581 1289 meis
603 1264 628 1288 et
648 1269 719 1289 caro
740 1260 774 1288 de
791 1268 880 1288 carne
899 1268 972 1288 mea.
997 1258 1190 1294 Quamobrem
1212 1266 1256 1286 re-

409 1307 517 1345 linquet
537 1306 619 1335 homo
638 1310 754 1343 patrem
775 1314 863 1334 suum
884 1309 910 1334 et
929 1308 1054 1333 matrem
1071 1308 1095 1333 et
1116 1304 1256 1333 adhaere—

409 1353 450 1382 bit
470 1353 560 1382 uxori
579 1361 667 1387 suae,
689 1356 714 1381 et
741 1356 826 1381 erunt
855 1352 912 1380 duo
934 1352 966 1380 in
993 1358 1082 1380 carne
1109 1359 1180 1379 una.
1203 1351 1256 1379 Hoc

409 1400 526 1432 verbum
541 1400 642 1429 dicitur
664 1400 741 1428 Deus
761 1399 864 1428 dixisse
886 1398 1013 1427 Matthaei
1028 1398 1133 1427 decimo
1152 1405 1224 1426 nono
1234 1397 1255 1431 ⁴²,

407 1447 473 1484 quia
496 1446 580 1475 Adam
608 1445 676 1474 illud
697 1446 768 1474 dixit
791 1445 885 1474 divino
906 1445 1010 1481 Spiritu
1036 1444 1198 1473 illustratus.
1219 1459 1255 1481 .-

265 1501 395 1522 conciutmur.
408 1494 448 1522 Ex
469 1493 559 1531 primo
583 1493 684 1521 horum
700 1492 856 1521 coniunctio
881 1492 932 1520 viri
947 1495 974 1520 et
994 1491 1119 1520 mulieris
1143 1493 1184 1519 est
1201 1499 1255 1518 na-

407 1540 530 1574 turalis,
549 1547 586 1568 ex
608 1538 729 1568 secundo
749 1541 791 1567 est
811 1538 950 1572 moralis,
972 1545 1009 1566 ex
1040 1537 1122 1566 tertio
1143 1540 1184 1566 est
1207 1545 1255 1565 sa-

407 1586 612 1619 cramentalis;
633 1588 660 1614 et
682 1586 735 1614 1106
756 1588 845 1621 totum
867 1584 918 1613 sibi
945 1584 1075 1621 competit
1102 1583 1254 1613 secundum

406 1636 507 1663 statum
524 1633 589 1670 legis
611 1635 742 1667 naturae;
757 1640 794 1660 ex
815 1631 893 1669 quo⁵
908 1631 999 1668 primo
1013 1630 1147 1668 originem
1168 1630 1255 1659 trahit

405 1684 483 1710 actus
500 1683 530 1709 et
551 1688 620 1709 usus
640 1679 727 1716 ipsius
747 1678 895 1716 pudicitiae
916 1678 1075 1715 coniugalis.

483 1728 619 1757 Consonat
639 1727 721 1756 etiam
737 1726 788 1763 legi
806 1725 934 1763 scriptae
954 1725 1060 1754 ratione
1081 1724 1165 1753 divini
1183 1733 1254 1762 pro-

264 1775 509 1809 hemtrivliei-missi,
540 1774 624 1803 divini
655 1773 797 1802 miraculi
826 1776 853 1801 et
884 1772 968 1801 divini
998 1772 1109 1801 statuti.
1142 1772 1254 1800 Ratione

272 1805 490 1856 ffissffflfm'divini
509 1821 665 1858 promissi:
681 1820 747 1857 quia
768 1819 901 1848 Dominus
915 1818 1041 1856 promisit
1056 1818 1188 1853 Abrahae,
1203 1818 1254 1847 Ge-

322 1852 392 1871 pnm'
406 1868 478 1896 nesis
499 1867 604 1896 decimo
625 1866 779 1903 septimoss:
804 1866 871 1894 Eris
889 1869 975 1903 pater
995 1864 1160 1893 multarum
1186 1873 1254 1902 yen-

407 1914 497 1947 tiunz;
516 1913 686 1951 faciamque
708 1917 732 1941 te
746 1921 871 1941 crescere
884 1911 1140 1946 vehementissime,
1162 1915 1188 1940 et
1201 1921 1254 1949 po-

406 1968 476 1988 nam
498 1963 521 1988 te
542 1960 573 1988 in
592 1959 741 1997 pentibus,
762 1967 897 1997 reyesque
917 1967 951 1987 em
971 1961 994 1986 te
1008 1958 1200 1995 egredientur.
1217 1973 1254 1978 —

301 2014 394 2034 seeundo.
407 2007 518 2035 Ratione
539 2006 623 2035 divini
644 2005 800 2039 miraculi,
819 2004 972 2034 secundum
997 2004 1065 2033 illud
1082 2004 1194 2033 Genesis
1215 2004 1255 2032 vi-

407 2053 509 2090 gesimo
537 2053 663 2089 primo⁷z
699 2052 1004 2081 Visitavit1Dominus
1032 2051 1158 2085 Saram,
1179 2051 1256 2079 sicut

405 2099 591 2136 promiserat,
607 2102 631 2127 et
645 2098 773 2136 implevit
786 2106 861 2136 quae
873 2097 985 2126 locutus
999 2102 1055 2132 est,
1074 2097 1256 2135 concepitque

408 2150 431 2174 et
449 2146 560 2183 peperit
580 2145 676 2182 filium
697 2146 728 2173 in
748 2148 887 2173 senectute
906 2153 963 2172 sua
984 2153 1015 2172 eo
1037 2148 1174 2181 tempore,
1199 2152 1255 2181 quo

326 2200 395 2220 Torua.
405 2192 599 2230 praedaverat
618 2192 644 2220 ei
668 2192 750 2219 Deus.
774 2207 809 2212 —-
831 2191 966 2219 Consonat
987 2191 1070 2219 etiam
1091 2191 1197 2218 ratione
1215 2190 1256 2218 di-

408 2239 464 2267 vini
485 2239 603 2272 statuti,
626 2238 736 2266 Levitici
756 2237 861 2266 decimo
882 2240 979 2266 octavo
990 2237 1010 2265 ⁸.
1032 2237 1098 2265 Nam
1113 2237 1186 2274 leges
1201 2239 1256 2265 sta-

410 2286 463 2314 tuit
484 2285 634 2318 Dominus,
656 2284 809 2313 secundum
830 2277 900 2320 quas
925 2283 1078 2312 attenditur
1100 2283 1281 2323 legitimitas„

410 2331 438 2359 in
465 2330 606 2367 personis,
638 2332 709 2366 quae
730 2329 905 2357 contrahunt.
935 2329 975 2357 Ait
1000 2329 1088 2357 enim:
1113 2329 1171 2366 Eyo
1203 2329 1256 2357 Do-

410 2377 510 2406 minus
533 2377 609 2404 Deus
628 2379 737 2409 vester,·
758 2375 895 2403 custodite
916 2375 988 2412 [eyes
1004 2383 1084 2403 meas
1105 2379 1190 2413 atque
1211 2375 1256 2403 iu-

411 2422 505 2456 dicia,
527 2430 601 2460 quae
619 2420 732 2458 faciens
747 2420 843 2457 bomo,
858 2422 932 2450 vivet
945 2422 977 2450 in
991 2421 1039 2449 eis.
1058 2421 1158 2450 Omnis
1173 2421 1255 2450 bomo

460 2577 463 2580 '
475 2577 482 2590 ¹
500 2579 517 2600 E
526 2578 545 2600 D
562 2583 685 2606 perperam
698 2577 788 2607 operis,
802 2577 869 2600 simul
882 2578 971 2601 addunt
986 2578 1023 2602 vel
1030 2578 1156 2608 praeteriti
1160 2598 1166 2607 ,
1181 2582 1202 2601 ct
1214 2586 1256 2608 pro

413 2623 494 2641 verum
513 2617 598 2640 babent
612 2616 655 2641 vel.

473 2656 482 2669 ²
501 2657 567 2680 Vers.
584 2657 621 2679 27.
637 2669 668 2673 —
686 2656 796 2685 Superius
813 2662 855 2684 pro
867 2655 966 2686 desuper
985 2658 1090 2681 ostensae
1103 2658 1171 2680 codd.
1183 2664 1255 2687 super

411 2698 528 2724 ostensae,
549 2696 590 2719 sed
607 2696 664 2718 infra
682 2696 763 2718 melius
781 2695 865 2718 habent
882 2695 981 2725 desuper
999 2695 1075 2720 datae.

473 2734 482 2747 ³
500 2736 566 2759 Vers.
584 2736 605 2758 8.
621 2747 652 2752 —
669 2735 712 2758 DE
729 2734 761 2758 ad
777 2734 887 2764 hocteqe
903 2737 1004 2758 naturae
1024 2738 1143 2764 monente,
1167 2736 1206 2765 qui
1225 2736 1255 2758 in·

412 2775 444 2797 ira
461 2777 514 2803 post
530 2774 593 2804 quod
609 2774 716 2797 omittunt
732 2773 832 2804 quidem.

473 2812 483 2825 ⁴
501 2814 566 2841 Vers.
584 2813 636 2841 4-6,
653 2817 675 2836 ct
692 2819 762 2842 supra
779 2814 835 2836 Gen.
853 2814 881 2841 2,
898 2814 934 2836 23.
952 2813 990 2835 24.
1001 2813 1096 2837 Cir.1V.
1108 2814 1170 2837 Sent.
1182 2814 1205 2837 d.
1218 2814 1256 2837 26.

412 2858 434 2874 a.
451 2852 472 2874 11.
488 2859 512 2880 q.
529 2853 550 2874 2.

475 2888 484 2902 ³
502 2891 546 2913 DE
563 2897 616 2920 quo-

475 2926 485 2940 θ
502 2929 568 2951 Vers.
586 2929 607 2951 4.
624 2930 646 2951 6.

1060 163 1284 201 QUAESTIONES
1304 161 1504 190 DisPUTATAE

1310 239 1350 267 ad
1361 239 1532 275 proximam
1546 239 1702 276 sanyuz’nts
1716 240 1765 267 sui
1784 249 1842 269 non
1860 242 1979 271 accedat
1991 246 2042 272 etc.
2059 259 2095 264 —
2111 243 2152 272 Ex

1309 293 1366 322 quo
1393 285 1478 321 igitur
1502 285 1634 313 Dominus
1661 288 1792 322 tanquam
1822 286 1985 315 beneficium
2013 289 2271 324 promisit,conuuum

1310 338 1339 359 se
1359 331 1491 359 daturum
1518 330 1623 367 prolem
1645 330 1768 360 Abrahae
1795 339 1845 368 per
1872 332 1944 360 viam
1971 333 2105 369 coniugii,
2126 336 2154 361 et

1309 377 1489 406 emortuam⁹
1510 377 1620 408 vulvam
1642 378 1724 407 Sarae
1745 378 1908 407 mirabiliter
1923 378 2094 413 fecundavit,
2116 379 2153 407 le-

1310 431 1357 460 ges
1378 424 1459 452 etiam
1484 423 1569 457 dedit,
1599 424 1750 452 secundum
1772 432 1842 461 quas
1862 423 2070 452 matrimonium
2091 431 2154 452 con-

1311 470 1477 499 trahendum
1496 473 1552 499 est:
1572 473 1658 507 patet,
1680 464 1754 508 quod
1775 463 1907 507 pudicitia
1927 469 2077 506 coniugalis
2092 477 2155 498 con-

1311 519 1389 544 sonat
1410 516 1463 553 legi
1483 517 1617 553 scriptae.
2276 545 2281 550 „

1388 562 1524 592 Consonat
1544 563 1625 591 etiam
1647 563 1825 591 nihilominus
1846 563 1898 599 legi
1918 563 2047 599 qratiae,
2068 553 2278 599 11111110111111111-11111

1311 608 1422 645 quidem
1443 609 1549 638 ratione
1569 609 1804 638 denunciationis
1821 608 1984 646 angelicae,
2006 608 2158 637 secundum
2171 593 2278 657 ΡῖξτΞῦεοῗ

1311 655 1379 683 1111111
1394 655 1482 684 Lucae
1496 656 1587 692 primo
1599 656 1636 683 ¹⁰:
1650 654 1691 684 Ne
1705 655 1820 689 timeas,
1835 653 1986 683 Zacharia
2017 654 2158 692 quoniam
2187 643 2195 656 Γ
2223 642 2241 657 ⁰'

1311 701 1452 730 eaeau'ctz'ta
1479 705 1518 730 est
1539 702 1633 730 oratio
1662 705 1730 735 tua,
1752 705 1776 730 et
1805 700 1962 735 Elisabeth,
1983 709 2061 729 uaeor
2088 703 2157 734 tua,

1308 748 1408 785 pariet
1442 748 1493 777 tibi
1525 748 1638 786 fitium,·
1673 749 1725 777 hoc
1755 746 1863 777 autem'
1882 750 2023 777 meruerat
2058 747 2158 776 Zacha-

1312 795 1367 823 rias
1389 802 1438 831 per
1459 795 1611 824 orationem
1628 795 1754 824 devotam
1777 798 1804 823 et
1825 802 1874 831 per
1888 794 1972 822 vitam
1994 796 2115 823 sanctam
2130 793 2158 821 in

1312 841 1370 878 lege
1403 841 1522 878 coniugii
1553 841 1651 878 pudice
1683 844 1806 875 servata;
1838 840 1912 869 unde
1938 840 2040 869 dicitur
2071 840 2159 868 Lucae

1312 888 1417 924 primo,
1438 888 1513 925 quod
1534 888 1618 917 ambo
1639 891 1725 917 erant
1745 888 1817 916 iusti
1835 891 1902 916 ante
1919 887 2092 920 Dominum,
2115 886 2159 914 in-

1312 935 1437 963 cedentes
1463 935 1494 963 in
1515 935 1648 964 omnibus
1675 934 1826 963 mandatis
1850 937 1875 963 et
1903 932 2159 970 iustificationibus

1314 981 1446 1015 Domini,
1468 981 1530 1009 sine
1551 981 1675 1019 querela.
1692 997 1728 1002 -—
1745 980 1870 1009 Secundo
1891 980 1996 1008 ratione
2017 978 2159 1016 definitio-
2173 986 2266 1006 seeundo.

1311 1027 1359 1056 nis
1379 1027 1558 1061 dominicae,
1580 1035 1634 1056 non
1652 1028 1742 1056 solum
1764 1035 1813 1064 per
1827 1025 1957 1063 factum,
1978 1033 2034 1062 quo
2055 1024 2159 1060 nuptiis

1312 1074 1437 1102 interfuit
1452 1075 1484 1108 ¹¹,
1506 1073 1553 1102 sed
1574 1074 1656 1102 etiam
1670 1081 1719 1110 per
1734 1073 1870 1106 verbum,
1892 1080 1948 1109 quo
1962 1070 2159 1100 sententialiter

1312 1120 1448 1153 definivit,
1470 1120 1597 1148 Matthaei
1618 1120 1725 1148 decimo
1739 1127 1826 1147 nono:
1850 1119 1928 1154 Quos
1942 1118 2019 1146 Deus
2039 1116 2159 1145 coniun-

1312 1167 1357 1195 xit
1377 1166 1459 1194 homo
1480 1175 1539 1194 non
1559 1170 1680 1203 separet.
1697 1182 1733 1186 —
1749 1165 1842 1194 Tertio
1862 1165 1944 1193 etiam
1964 1166 2095 1193 consonat
2116 1171 2160 1191 ra-
2172 1171 2242 1191 Torua.
2279 1175 2282 1206 3

1314 1213 1386 1241 tione
1406 1212 1776 1250 eruditionisapostolicae.
1792 1211 1859 1239 Nam
1880 1211 1977 1239 Petrus
1997 1213 2024 1239 et
2045 1210 2158 1244 Paulus,
2280 1207 2281 1219 ³

1313 1258 1478 1295 principales
1505 1258 1676 1286 ordinatores
1697 1257 1845 1291 Ecclesiae,
1860 1256 1973 1293 utrique
1984 1256 2007 1272 ¹²
2022 1263 2159 1284 commen-

1313 1304 1378 1333 dant
1399 1307 1425 1332 et
1446 1304 1654 1333 matrimonium
1676 1307 1703 1332 et
1725 1304 1812 1340 legem
1833 1306 1860 1332 et
1882 1303 1963 1331 fidem
1992 1302 2045 1330 tori
2066 1304 2094 1331 et
2117 1309 2160 1330 so-

1314 1351 1445 1379 lutionem
1467 1351 1550 1379 debiti
1577 1353 1603 1379 et
1623 1358 1746 1379 amorem
1773 1352 1904 1378 mutuum
1925 1349 2024 1378 uxoris
2051 1351 2079 1377 et
2098 1348 2159 1377 viri.

1314 1414 1350 1418 —
1365 1397 1499 1434 Quoniam
1520 1398 1604 1434 igitur
1626 1397 1777 1434 coniugalis
1797 1396 1929 1432 pudicitia
1949 1395 2120 1433 approbatur
2134 1397 2275 1423 etconuudiu

1313 1452 1362 1472 ore
1382 1443 1538 1480 apostolico
1563 1446 1590 1472 et
1616 1443 1702 1472 verbo
1723 1443 1886 1481 evangelico
1914 1445 1941 1471 et
1962 1451 2011 1471 ore
2030 1440 2159 1478 anyelz'co

1312 1493 1339 1519 et
1360 1499 1408 1518 ore
1429 1490 1545 1523 divino;
1559 1490 1729 1527 approbatur
1751 1490 1832 1519 etiam
1847 1498 1863 1518 a
1884 1493 2012 1523 natura,
2034 1495 2105 1526 quae
2119 1490 2161 1517 est

1312 1537 1358 1566 lex
1380 1537 1480 1571 indita,
1502 1541 1529 1566 et
1549 1545 1566 1566 a
1587 1537 1745 1574 Scriptura
1766 1545 1816 1566 seu
1848 1537 1906 1574 lege
1935 1536 2069 1573 Moysaica
2098 1538 2125 1565 et
2145 1543 2161 1563 a

1312 1585 1371 1622 lege
1392 1584 1563 1621 evangelica:
1584 1584 1760 1613 manifestum
1781 1587 1838 1618 est,
1867 1584 1942 1621 quod
1963 1584 2022 1621 ipsa
2047 1583 2099 1620 legi
2120 1582 2160 1611 di-

1312 1631 1391 1660 vinae
1411 1634 1542 1660 consonat
1562 1634 1589 1660 et
1610 1631 1763 1660 secundum
1784 1639 1844 1660 eam
1859 1634 1900 1660 est
1921 1630 2106 1668 approbanda.
2129 1629 2161 1658 Et

1311 1678 1414 1706 mirum
1435 1681 1491 1712 est,
1513 1678 1651 1715 quomodo
1672 1678 1875 1707 haereticorum
1896 1677 2012 1715 perfidia
2030 1677 2067 1705 ita
2088 1676 2160 1705 insa-

1311 1724 1366 1759 nit,
1388 1727 1419 1752 ut
1440 1724 1611 1761 coniugalem
1625 1724 1785 1761 pudicitiam
1806 1724 1936 1761 reprobet
1954 1726 1993 1752 tot
2014 1722 2160 1759 irrefraga-

1311 1771 1413 1799 bilibus
1434 1771 1596 1800 testimoniis
1616 1771 1807 1808 approbatam.
1830 1786 1866 1791 —-
1888 1770 1963 1799 Unde
1981 1769 2159 1806 Augustinus,

1311 1817 1344 1846 116
1372 1817 1567 1846 Ecclesiasticis
1594 1817 1824 1854 Dogmatihusffl:
1854 1817 1965 1845 «Malas
1993 1816 2084 1845 dicere
2108 1823 2160 1844 nu-

1312 1865 1397 1902 ptias,
1419 1868 1468 1894 aut
1489 1864 1662 1893 fornicationi
1684 1863 1900 1901 comparandas,
1922 1867 1971 1892 aut
1992 1863 2112 1900 stupris,
2133 1865 2160 1891 et

1311 1912 1387 1940 cibos
1414 1911 1528 1940 credere
1555 1911 1658 1945 malos,
1687 1919 1741 1939 non
1769 1911 1821 1940 hoc
1848 1911 2086 1944 Christianorum,
2113 1909 2161 1938 sed

1312 1958 1537 1987 Manichaeorum
1559 1961 1641 1986 est».

1391 2004 1443 2033 Sed
1464 2004 1517 2032 hoc
1538 2003 1734 2032 attendendum
1753 2007 1809 2038 est,
1825 2004 1899 2041 quod
1914 2004 1977 2033 licet
1991 2004 2082 2040 ipsum
2097 2011 2161 2032 con·
2174 2011 2250 2037 natam
2262 2016 2274 2024 ··

1312 2049 1418 2088 iugium
1441 2050 1476 2079 sit
1497 2050 1525 2078 in
1546 2050 1620 2078 omni
1643 2052 1717 2078 statu
1737 2052 1764 2078 et
1781 2052 1913 2086 -tempore
1933 2049 2160 2086 approbandum,
2216 2035 2249 2053 ‘¹⁰'

1312 2098 1340 2126 in
1368 2097 1460 2133 primo
1488 2099 1579 2125 tamen
1607 2099 1697 2130 statu,
1726 2095 1830 2124 scilicet
1856 2098 1973 2124 naturae
1993 2096 2159 2130 institutae,

1312 2144 1364 2172 fuit
1385 2143 1412 2172 in
1435 2143 1659 2172 Sacramentum
1680 2145 1707 2171 et
1731 2141 1880 2179 officium;
1908 2141 1955 2170 sed
1976 2141 2084 2170 labente
2111 2142 2160 2170 ho-

1311 2190 1401 2223 mine,
1423 2189 1530 2217 ratione
1550 2192 1678 2217 naturae
1698 2187 1750 2216 fuit
1764 2188 1792 2216 in
1807 2187 1952 2225 officium,
1974 2187 2080 2216 ratione
2094 2195 2161 2217 vero

1311 2235 1408 2264 morbi
1420 2235 1472 2264 fuit
1487 2236 1515 2264 in
1529 2235 1688 2264 remedium
1701 2235 1732 2263 ¹4.
1755 2234 1825 2271 Quia
1846 2235 1920 2263 enim
1936 2234 2160 2264 Sacramentum

1312 2285 1369 2316 est,
1391 2281 1451 2310 ideo
1472 2284 1513 2310 est
1534 2281 1626 2318 potius
1646 2281 1733 2318 ipsius
1761 2281 1851 2310 morbi
1879 2281 2054 2316 remediatio‚
2075 2289 2159 2318 quam

1313 2328 1452 2368 inficiatur
1472 2336 1488 2356 a
1508 2328 1621 2363 morbo;
1640 2328 1713 2357 unde
1728 2336 1802 2370 nunc
1817 2331 1891 2357 tenet
1906 2328 2040 2357 rationem
2054 2327 2158 2367 officii,

1312 2375 1433 2404 remedii
1453 2378 1480 2403 et
1501 2374 1692 2403 Sacramenti.
1716 2375 1747 2403 Et
1769 2375 1921 2404 secundum
1940 2375 1992 2403 hoc
2006 2374 2159 2412 intelligen-

1312 2422 1395 2456 dum,
1421 2421 1494 2459 quod
1516 2429 1584 2451 usus
1605 2422 1751 2459 pudicitiae
1772 2422 1923 2460 coniugalis
1943 2421 2089 2459 dupliciter
2111 2430 2159 2459 po-

1375 2578 1384 2591 ⁷
1403 2580 1468 2602 Vers.
1485 2581 1501 2603 1.
1519 2581 1541 2603 2.

1375 2617 1384 2631 Β
1402 2620 1467 2642 Vers.
1485 2620 1507 2642 2.
1525 2619 1547 2642 5.
1565 2620 1586 2641 6.

1375 2657 1384 2670 '³
1402 2659 1445 2681 DE
1462 2665 1505 2687 pro
1523 2660 1566 2681 hoc
1582 2654 1656 2680 verbo
1674 2657 1760 2680 habent
1777 2658 1890 2679 lacunam.

1376 2696 1395 2709 ¹⁰
1412 2698 1478 2720 Vers.
1496 2698 1533 2720 13.
1551 2698 1604 2726 Seq.
1622 2698 1685 2720 locus
1702 2699 1736 2719 est
1752 2697 1808 2719 Luc.
1825 2696 1846 2722 1,
1864 2695 1885 2716 6.

1376 2736 1393 2748 ¹¹
1412 2737 1471 2759 loan.
1490 2738 1515 2765 2,
1537 2737 1555 2759 1.
1572 2743 1637 2766 seqq.
1653 2748 1684 2753 —
1701 2736 1762 2759 Alter
1779 2735 1843 2757 locus
1861 2735 1894 2755 est
1911 2732 1987 2755 Matth.
2009 2733 2045 2760 19,
2064 2733 2086 2756 6.

1376 2773 1394 2787 ¹²
1411 2775 1429 2797 Α
1447 2776 1575 2805 utrumque
1592 2773 1742 2798 commendat
1757 2772 1818 2802 (sic).
1828 2783 1860 2788 —
1870 2770 1915 2794 cfr.
1930 2771 2033 2794 fundam.
2051 2772 2073 2794 3.
2090 2777 2156 2800 seqq.

1376 2812 1394 2826 ¹⁸
1410 2814 1467 2842 Cap.
1480 2814 1516 2837 34.
1529 2814 1573 2844 (est
1589 2813 1700 2836 Gennadii
1714 2814 1736 2835 et
1748 2812 1806 2834 inter
1823 2816 1893 2839 opera
1911 2810 2027 2840 August).
2038 2811 2080 2833 Hic
2091 2811 2155 2833 locus

1313 2852 1377 2875 deest
1388 2853 1410 2875 in
1423 2854 1442 2876 D
1451 2854 1478 2881 E,
1490 2853 1530 2883 qui
1542 2853 1626 2878 deinde
1644 2852 1728 2875 nabent
1745 2849 1914 2874 ostendendum
1926 2856 1969 2878 pro
1980 2849 2156 2873 attendendum.

1376 2891 1395 2904 ²⁴
1411 2892 1457 2915 Cir.
1474 2893 1511 2915 lV.
1529 2893 1591 2915 Seni..
1607 2892 1639 2915 lit.
1656 2890 1769 2919 Magistri,
1781 2889 1804 2912 d.
1816 2889 1899 2911 XXVl.
1911 2895 1931 2911 c.
1947 2889 1965 2911 1.
1977 2895 2054 2918 56(1(1.,
2065 2891 2088 2911 et
2100 2888 2156 2911 ibid.

1312 2930 1442 2953 Comment.
1459 2937 1479 2953 a.
1497 2932 1519 2954 2.
1536 2938 1559 2959 q.
1577 2932 1599 2953 2.
