2285 3398
143 1701 149 1703 -
178 1692 267 1710 acierum.

305 203 362 230 412

176 288 215 306 iiia
230 292 291 305 emm<
305 280 431 309 interfici.
455 279 521 308 Vide
541 279 612 312 Noe,
634 278 681 315 qui
704 280 816 307 centum
848 279 927 307 annis
948 279 1092 308 fabricavit
1111 288 1155 308 ar-

214 311 251 335 ¹''³'
305 335 381 360 eam,
403 330 431 355 et
452 325 543 363 posuit
564 325 601 353 ibi
623 325 759 362 quidquid
781 325 914 360 habebam
930 329 957 354 et
979 329 1054 355 totus
1074 335 1155 355 mun-

305 373 357 402 dus
379 374 469 410 ipsum
500 372 650 401 deridebat.
675 388 711 393 —-
733 372 766 400 Et
792 372 896 401 addidit
927 373 985 407 hic,
1007 373 1081 410 quod
1104 381 1155 402 rex

306 420 434 449 Franciae
456 428 509 448 non
532 422 624 456 posset
645 419 726 448 hodie
748 420 830 448 talem
858 420 965 454 facere,
987 421 1034 457 qui
1066 420 1155 449 consi-

306 467 384 495 derat
398 474 458 495 earn
473 465 626 494 secundum
648 473 727 494 suam
742 474 903 495 mensuram
918 467 1078 495 cubitorum
1092 474 1155 503 geo-

307 514 485 542 metricorum
499 514 517 540 ¹.
534 529 570 533 —
592 513 632 541 De
653 513 790 541 Abraham
812 513 952 547 similiter,
975 514 1047 543 Isaac
1069 517 1096 542 et
1118 514 1155 541 la-

306 561 373 594 cob,
394 560 442 597 qui
464 559 630 596 peregrinati
653 560 783 594 fuerunt;
798 563 826 589 et
847 561 959 597 loseph,
975 559 1021 598 qui
1038 560 1154 589 exaltari

307 615 360 635 non
383 609 505 643 poterat,
528 606 579 635 nisi
601 607 797 643 praecessisset
817 607 953 641 venditio,
976 606 1156 636 incarceratio

306 657 333 682 et
355 653 518 682 humiliatio.
535 653 601 682 Vide
616 654 726 690 Moysen
736 676 743 688 ,
753 646 842 691 ¹quem
858 654 1063 683 Deusdebebat
1077 661 1156 690 prae-

308 708 409 737 ponere
441 700 489 729 toti
519 700 639 735 mundo,
661 701 801 738 quomodo
822 701 875 729 suit
903 701 1081 734 humiliatus3
1101 708 1156 737 pa-

306 747 401 776 scebat
422 755 486 775 oves
501 755 550 784 per
567 748 751 785 quadraginta
765 755 852 776 annos
866 748 951 776 unius
966 747 1155 776 sacer-dorm.

307 795 436 824 Similiter
458 795 560 829 David,
582 795 715 832 quamdiu
744 795 797 823 fuit
828 795 854 823 in
884 794 1077 828 tribulatione,
1106 794 1158 822 fuit

307 843 429 880 optimus
449 846 476 871 et
507 842 540 871 ad
573 850 689 879 regnum
722 842 796 871 venit
820 850 870 878 per
902 841 1108 875 tribulationes;
1131 845 1158 870 et

308 893 384 927 post,
406 898 469 918 cum
485 890 538 918 suit
553 890 579 918 in
595 889 794 926 prosperitate,
810 888 897 917 multa
911 892 1024 925 peccata
1045 888 1158 916 commi-

308 937 351 966 sit.
374 936 506 965 Similiter
529 936 658 965 Ezechias
685 936 712 964 in
744 935 905 964 infirmitate
934 935 1012 963 valde
1045 935 1158 964 humilis

310 984 373 1018 l'uit,
389 979 545 1020 sed'postea
560 984 699 1020 superbus
714 984 740 1011 in
756 983 877 1011 adventu
892 982 1055 1011 nuntiorum
1073 983 1158 1019 Baby-

311 1031 457 1059 loniorum.
474 1031 540 1059 Vide
564 1031 646 1058 Etiam
670 1030 890 1067 pauperculum,
905 1030 953 1066 qui
969 1038 1024 1058 non
1040 1029 1159 1058 hahebat

309 1078 341 1106 ad
361 1078 577 1111 comedendum,
599 1077 649 1105 nisi
672 1077 747 1114 quod
778 1085 879 1106 corvus
911 1077 962 1105 sibi
984 1077 1159 1105 ministrabat

309 1128 336 1153 et
357 1124 402 1152 illa
423 1124 594 1161 paupercula
615 1124 712 1157 vidua;
735 1124 783 1160 qui
806 1126 897 1152 tamen
916 1124 1023 1152 caelum
1049 1123 1158 1152 claude-

310 1172 363 1199 bat.
393 1170 460 1199 Vide
481 1171 607 1199 loannem
631 1170 795 1207 Baptistam,
818 1171 865 1207 qui
888 1174 993 1207 septem
1021 1179 1158 1199 annorum

310 1217 422 1245 intravit
436 1217 577 1245 desertum
599 1220 626 1246 et
656 1217 694 1245 ibi
723 1224 807 1253 super
840 1217 947 1253 lapillos
976 1217 1089 1248 iacebat.
1119 1218 1159 1245 Si-

311 1263 412 1292 militer
433 1263 466 1291 de
497 1263 607 1292 Christo
637 1266 665 1292 et
695 1263 728 1292 de
760 1263 901 1300 Apostolis.
934 1263 1064 1292 Similiter
1095 1263 1160 1292 dicit

312 1311 448 1339 Paulus³2
472 1307 612 1347 Lapitlati
630 1314 715 1343 sunt,
737 1310 807 1338 secti
830 1313 915 1343 Sunt,
945 1311 1056 1346 tentati,
1073 1314 1158 1343 sant,

312 1358 341 1385 iu
361 1355 503 1386 occisione
522 1357 617 1394 (stadii
637 1357 749 1385 mortui
761 1361 844 1390 sant,
860 1356 1042 1385 circu-ierant
1056 1356 1088 1385 itt
1103 1366 1159 1385 ine-

311 1405 375 1435 totis
396 1408 447 1433 etc.
480 1405 596 1441 Flagella
623 1412 689 1441 ergo
720 1408 786 1433 sunt
817 1404 988 1432 suavissima.
1010 1405 1063 1432 Aut
1094 1412 1160 1441 ergo

312 1453 385 1481 Deus
417 1452 548 1489 flagellat,
579 1455 628 1480 aut
656 1460 718 1480 non.
752 1450 894 1488 Flayellat
924 1454 1022 1479 autem
1047 1460 1160 1479 omnem

310 1499 420 1535 liliam,
442 1507 526 1536 quem
547 1498 657 1535 recipit.
680 1498 796 1526 Probata
816 1501 857 1526 est
879 1498 946 1526 haec
967 1505 1017 1533 per
1038 1498 1161 1533 particu-

313 1545 396 1579 laria;
419 1553 486 1582 ergo
505 1545 587 1573 debet
607 1544 702 1579 inferri
725 1544 928 1572 universaliter.

394 1593 436 1620 16.
459 1592 554 1630 Adhuc
575 1592 657 1621 etiam
679 1591 761 1620 habet
782 1591 926 1627 Scriptura
940 1590 1054 1618 arbores
1068 1590 1101 1618 ad
1118 1598 1160 1618 re-

178 1638 470 1687 ..Sitilliassfflffiiffldum'
493 1638 615 1667 Illustrat
635 1641 727 1667 autem
750 1645 785 1666 ex
808 1637 851 1665 liis
872 1644 943 1673 quae
971 1639 1036 1664 sunt
1056 1645 1091 1664 eac
1112 1644 1161 1672 op-

310 1685 411 1723 posito.
435 1685 560 1714 Ostendit
581 1686 654 1714 enim
670 1685 749 1713 nobis
763 1684 841 1713 acies
856 1684 977 1712 infinitas
991 1686 1088 1712 contra
1102 1690 1161 1716 nos,

313 1733 394 1761 modo
415 1740 464 1769 per
485 1736 591 1769 septem
612 1733 699 1761 (lztces
710 1733 732 1766 4,
748 1731 829 1760 modo
850 1739 938 1760 unum
953 1730 1066 1764 bellum,
1081 1729 1162 1758 modo

314 1779 408 1808 multa.
431 1778 505 1807 Istud
528 1778 631 1807 bellum
653 1781 695 1807 est
715 1778 750 1806 ab
772 1778 819 1806 illo
839 1777 898 1811 die,
920 1785 976 1814 quo
997 1775 1118 1806 Mieliael
1138 1780 1164 1804 et

317 1826 420 1864 Angyeli
440 1826 502 1854 cias¹
524 1825 752 1862 proeliabantar
779 1834 848 1853 cain
874 1825 1008 1853 dracone.
1039 1823 1164 1852 imminet

174 1870 303 1912 Tfiqlssghl'ffl·
317 1877 407 1901 autem
437 1872 515 1901 nobis
546 1872 649 1908 triplex
682 1872 800 1900 bellum:
823 1872 927 1900 bellum
958 1871 1163 1904 domesticum,

214 1925 303 1943 Primum-
317 1920 419 1948 bellum
442 1919 523 1947 civile
544 1922 571 1947 et
592 1922 760 1954 campestre.
777 1934 813 1938 -
836 1918 958 1946 Primum
980 1926 1044 1946 cum
1066 1925 1164 1951 carne,

317 1975 388 2003 quae
409 1966 492 1994 habet
513 1966 614 1993 multas
634 1965 721 1998 acies;
745 1965 812 1992 llaec
833 1964 932 1993 ancilla
946 1972 1055 2001 semper
1071 1967 1163 2000 parata

318 2017 359 2042 est
379 2013 503 2049 aperire,
526 2012 597 2040 sicut
618 2012 680 2039 Eva.
703 2010 794 2039 Unde:
818 2011 861 2038 Ab
876 2020 911 2039 ea
924 2020 999 2049 qaae
1013 2011 1120 2040 dormit
1135 2011 1166 2038 in

318 2061 386 2089 sinu
408 2064 470 2093 tuo,
493 2059 606 2087 custodi
626 2058 760 2087 claustra
781 2057 843 2086 oris
864 2058 907 2086 tui
917 2058 937 2086 ⁵.

402 2108 444 2135 17.
473 2106 554 2138 ltem,
584 2105 686 2133 bellum
721 2104 802 2133 ciuile
836 2108 877 2132 est
912 2104 1026 2133 tentatio
1059 2104 1165 2133 mundi.

194 2158 308 2177 set-nudum.
321 2154 417 2182 Omnis
444 2153 515 2181 enim
545 2155 685 2180 creatura
712 2155 753 2179 est
780 2151 811 2179 in
839 2151 1037 2188 muscipulam
1052 2151 1073 2185 ⁶,
1102 2151 1168 2188 quia

322 2203 466 2229 creaturae
486 2197 645 2235 pulcritudo
666 2197 750 2225 trahit
771 2197 903 2225 homines.
920 2197 1010 2225 Unde:
1032 2198 1167 2231 Vanitas,

321 2247 426 2284 inquit,
448 2245 629 2278 vanitatum,
658 2248 682 2272 et
710 2243 810 2272 omnia
831 2244 956 2271 vanitas.
981 2244 1058 2279 Quid
1085 2243 1168 2272 ltabet

322 2293 405 2322 hoino
426 2293 460 2321 de
481 2292 617 2320 universo
633 2290 729 2319 labore
742 2299 809 2324 sao,
825 2299 885 2328 quo
896 2290 1009 2318 laborat
1023 2290 1077 2318 sab
1092 2289 1168 2318 sole?

906 201 938 229 ΙΝ
960 194 1180 230 HEXA'EMERON
1202 200 1365 229 COLLATlO
1387 200 1462 228 XVII.

1214 279 1288 307 Vane
1309 281 1336 306 et
1356 278 1462 305 frustra
1483 278 1513 305 tit
1540 277 1574 305 de
1595 279 1651 314 quo
1672 277 1740 306 nihil
1763 278 1930 315 relinquitur
1955 279 2059 308 homini

1213 326 1240 353 in
1262 327 1366 357 morte,
1388 327 1416 352 et
1436 324 1497 352 ideo
1517 326 1618 352 cuncta
1638 324 1759 358 vanitas;
1780 324 1809 352 in
1824 325 1942 353 Psalmo:
1958 328 2061 355 Averte
2104 329 2106 331 ’

1212 371 1309 400 oeulos
1330 364 1423 404 meos,
1446 379 1480 398 ne
1500 370 1617 399 videant
1639 371 1804 399 vanitatem.

1294 418 1336 445 18.
1367 417 1448 451 item,
1476 421 1518 446 est
1545 417 1649 446 bellum
1680 421 1854 454 campe-stre,
1877 418 1975 446 hostile
1996 426 2060 446 cum
2074 426 2163 445 Tertium.

1213 464 1409 498 daemonibus,
1431 464 1478 501 qui
1500 465 1543 493 die
1564 473 1595 493 ac
1626 467 1706 493 nocte
1734 464 1876 498 infestant,
1898 464 1980 493 modo
2004 472 2061 493 nia‘

1213 511 1383 548 gnificando,
1405 514 1437 539 ut
1458 519 1681 548 praesumamus,
1698 512 1778 540 modo
1799 519 1848 548 per
1868 511 2062 542 consideratio:

1214 565 1276 586 nem
1298 557 1442 592 scientiae,
1464 558 1545 587 modo
1566 566 1615 595 per
1630 558 1878 587 considerationem
1894 558 2061 592 sanctitatis;

1213 604 1295 632 modo
1315 604 1420 633 faciunt
1442 605 1580 634 hominem
1602 605 1783 638 iracundum,
1799 605 1879 633 etsie
1896 604 2062 633 diabolicum

1214 654 1241 679 et
1261 650 1442 687 adimpletum
1467 652 1567 688 spiritu
1598 652 1787 689 malignitatis3
1809 654 1837 680 et
1866 651 1971 680 faciunt
1997 659 2062 680 eum

1214 697 1312 726 cadere
1333 698 1360 726 in
1383 698 1531 731 tristitiam.
1544 702 1571 727 et
1590 699 1823 736 desperationem,
1845 698 1925 727 etsie
1946 698 1979 727 de
1993 698 2061 727 aliis.

1215 745 1284 773 llaec
1305 744 1384 774 docet
1412 745 1509 782 fugere
1540 745 1706 783 Scriptura.
1729 747 1805 782 Quae
1836 746 1909 774 enim
1941 745 2063 774 seientia

1215 792 1293 820 docet
1314 791 1411 828 fugere
1432 792 1584 821 contrarias
1605 796 1775 830 potestates?
1796 793 1884 822 Nulla.

1298 839 1340 866 19.
1364 838 1446 873 item,
1469 839 1589 868 illustrat
1603 839 1634 867 in
1646 848 1735 877 ypsi-o,
1752 843 1795 873 ut,
1811 847 1864 868 non
1880 847 1940 868 esse
1954 839 2060 876 fugien-
2070 844 2154 886 Dete‘um?v
2170 850 2204 868 per

1215 885 1296 919 dum,
1318 885 1384 922 quia
1406 886 1529 922 undique
1550 886 1717 922 praesidium
1750 886 1892 914 habemus
1925 886 2061 914 Habemus
2074 873 2200 915 οἶῖἒῖῗῡῗίῗὲἷῃ

1215 932 1287 961 enim
1309 931 1401 968 ipsum
1423 932 1571 961 Dominum
1592 936 1620 961 et
1640 933 1754 970 Angelos
1775 933 1848 961 circa
1866 941 1931 967 nos3
1947 932 2020 961 unde
2029 932 2063 960 'in
2114 920 2162 933 ‘um'

1217 979 1359 1008 Psatm0⁷2
1382 979 1490 1007 Montes
1512 980 1543 1007 in
1564 979 1691 1008 circuitu
1712 980 1791 1014 eius,
1813 984 1839 1008 et
1867 980 2010 1008 Dominus
2031 979 2063 1008 in

1216 1026 1345 1055 circuitu
1368 1026 1473 1063 populi
1498 1026 1556 1054 sai.
1585 1026 1659 1055 Unde
1684 1035 1772 1063 puero
1801 1026 1895 1055 Elisaei
1929 1027 2063 1055 clamante

1216 1076 1330 1110 propter
1352 1073 1472 1101 latrones
1491 1073 1597 1109 Syriae,
1612 1074 1660 1110 qui
1676 1074 1804 1102 volebant
1817 1082 1882 1103 eum
1897 1081 2009 1110 capere,
2023 1073 2064 1101 di-

1217 1120 1258 1148 xit
1281 1120 1416 1148 Elisaeus:
1440 1120 1577 1154 Domine,
1599 1121 1684 1157 aperi
1704 1121 1801 1150 oeulos
1812 1121 1902 1158 pueri
1916 1120 2021 1154 huius,
2039 1123 2065 1148 et

1216 1167 1334 1204 aperuit
1355 1167 1506 1195 Dominus.
1524 1168 1558 1195 Ec
1572 1176 1645 1202 ecee,
1667 1177 1751 1196 mons
1766 1171 1870 1205 plenas
1884 1175 2024 1205 equorum
2039 1170 2066 1195 et

1217 1222 1365 1242 curruum
1386 1214 1539 1251 ifflneoram
1555 1215 1586 1243 iii
1600 1216 1727 1244 circuita
1745 1215 1859 1243 Eli-saei.
1876 1214 1954 1243 Iacob
1969 1214 2064 1248 etiam,

1217 1261 1317 1289 timens
1344 1260 1463 1289 fratrem
1492 1255 1592 1296 suuni,
1622 1262 1689 1291 vidit
1716 1263 1847 1299 Angelos,
1877 1261 1955 1305 unde
1977 1261 2063 1289 dixit:

1219 1308 1326 1337 Castra
1350 1308 1400 1336 Dei
1413 1312 1482 1336 sunt
1497 1308 1574 1337 llaec.
1597 1309 1672 1338 Unde
1689 1310 1811 1337 Psalmus
1825 1308 1905 1337 dicit:
1917 1308 2065 1336 Dominus

1218 1354 1395 1382 illuminatio
1415 1363 1481 1383 mea
1511 1359 1536 1383 et
1566 1355 1650 1384 saluts
1680 1364 1762 1389 mea,
1784 1364 1867 1393 quem
1890 1354 2012 1383 timebo?
2035 1354 2065 1383 Et

1217 1401 1297 1429 alibi:
1320 1400 1387 1429 Nisi
1406 1402 1478 1440 quia
1500 1402 1643 1430 Dominus
1658 1406 1722 1430 erat
1736 1403 1767 1430 in
1782 1402 1878 1436 nobis,
1894 1401 1972 1430 (licat
1986 1410 2064 1429 nane

1219 1447 1313 1476 lsrael
1332 1450 1393 1481 etc,
1415 1456 1504 1484 usque
1526 1448 1552 1476 in
1575 1449 1665 1477 finem.

1297 1496 1343 1523 20.
1367 1495 1448 1529 Item,
1470 1495 1591 1523 illustrat
1611 1504 1625 1523 e
1645 1495 1802 1533 lonqinquo
1824 1503 1873 1531 per
1893 1495 2065 1532 fiyararam
2084 1498 2193 1540 2¹¹⁶‘3-0hssg·

1218 1542 1323 1579 δήμω
1345 1541 1408 1569 t'acit
1422 1544 1514 1569 autem
1530 1541 1635 1578 figuras
1649 1541 1682 1569 de
1696 1541 1833 1570 omnibus.
1850 1541 1948 1570 Omnia
1962 1545 2064 1576 autem,
2078 1528 2119 1564 3⁰13:
2132 1528 2196 1567 s¹i⁸i=⁰nas

1219 1596 1290 1625 quae
1311 1592 1377 1617 sunt
1398 1588 1424 1616 in
1448 1588 1565 1621 mundo,
1588 1588 1762 1617 reducuntur
1783 1588 1816 1616 ad
1831 1588 1989 1622 duodecim,
2005 1589 2066 1626 qui-

1219 1635 1273 1663 bus
1293 1635 1383 1663 utitur
1414 1635 1572 1671 Scriptura,
1594 1643 1665 1671 quae
1697 1638 1762 1663 sunt
1793 1635 1870 1672 signa
1902 1635 2208 1680 longinqu325un2cffioee.

1220 1681 1351 1710 caelestes
1378 1682 1498 1715 formae,
1529 1682 1712 1710 elementares
1744 1685 1873 1716 naturae,
1900 1682 2067 1711 meteorieae

1220 1731 1349 1761 naturae,
1371 1727 1526 1755 minei-ales
1540 1730 1671 1761 naturae3
1686 1731 1803 1756 naturae
1815 1729 1999 1765 yerminam,
2014 1737 2067 1756 na-

1221 1775 1365 1809 tatilium,
1382 1775 1560 1808 volatilium,
1575 1774 1791 1812 91·essil›iliam;
1805 1775 1928 1803 humana
1942 1784 2067 1812 oryana,

1221 1822 1359 1850 humanae
1380 1822 1473 1855 vires,
1490 1822 1611 1850 humana
1632 1830 1735 1858 opera,
1758 1822 1896 1850 humanae
1917 1825 2004 1849 artes.

1300 1869 1346 1896 21.
1370 1868 1492 1897 Primum
1520 1876 1586 1904 ergo
1617 1871 1658 1897 est
1688 1868 1789 1905 forma
1820 1868 1955 1896 caele-stis.
1978 1867 2068 1897 Utitur
2082 1872 2164 1890 Primum
2175 1873 2198 1891 si-

1221 1915 1294 1944 enim
1316 1914 1460 1951 Scriptura
1480 1915 1609 1943 omnibus
1630 1916 1712 1944 caelis
1733 1918 1760 1944 et
1781 1915 1881 1949 stellis;
1908 1915 2067 1943 Psalmusss:
2109 1901 2170 1918 gum

1224 1962 1303 1991 Caeli
1329 1966 1473 1990 enarrant
1498 1961 1627 1998 ,qloriam
1657 1962 1725 1996 Dei,
1754 1966 1779 1990 et
1807 1970 1896 1999 opera
1923 1970 2069 1990 manuum

1222 2010 1284 2037 eius
1306 2008 1465 2037 annuntiat
1485 2008 1724 2045 sirimwnentuim
1738 2012 1765 2037 et
1786 2008 2003 2037 Ecclesiasticus:
2021 2007 2069 2036 Al-

1224 2056 1359 2084 titatlinis
1372 2055 1593 2092 firmamentum
1604 2055 1775 2092 pulcritudo
1789 2056 1861 2089 eins,
1876 2056 1984 2092 spectes
1999 2055 2071 2083 caeli

1224 2104 1255 2132 in
1276 2103 1386 2131 visione
1404 2103 1524 2140 gloriae.

1304 2151 1349 2178 2⁹2.
1372 2150 1484 2178 Formae
1511 2149 1710 2177 elementares:
1732 2148 1827 2185 ignea,
1849 2149 1945 2182 aerea,
1966 2156 2070 2185 aquea,
2084 2151 2195 2170 Secundum-

1225 2200 1332 2230 terrea;
1353 2196 1483 2224 omnibus
1505 2195 1593 2224 utitur
1615 2195 1765 2232 Scriptura.
1782 2211 1819 2217 —-
1834 2195 1954 2224 Naturae
1971 2198 2071 2223 meteo-
2083 2198 2173 2217 Tertium-

1227 2243 1322 2277 ricae,
1344 2246 1376 2271 ut
1397 2242 1486 2275 nube,
1509 2242 1614 2279 pluria,
1630 2250 1706 2275 rore,
1721 2242 1784 2270 nive
1798 2245 1863 2275 etc.;
1878 2245 1906 2270 et
1920 2241 2071 2270 luminibus

1226 2289 1424 2327 apparentibus
1455 2289 1482 2317 in
1514 2289 1604 2323 caelo,
1627 2288 1804 2322 fluminibus,
1830 2288 1947 2325 stagnis,
1969 2288 2071 2325 quibus

386 2485 392 2498 ¹
412 2486 521 2514 August.,
541 2486 584 2514 Qq.
602 2485 623 2507 in
642 2485 698 2506 Gen.
715 2491 738 2512 q.
756 2483 784 2505 42
807 2483 914 2506 Cubitum
940 2487 1016 2506 autent
1046 2484 1167 2512 geometri-

323 2532 375 2548 cum
395 2526 449 2548 dicit
466 2523 604 2554 [Origenes]
622 2526 709 2546 tamtum
727 2523 804 2545 valere
820 2525 932 2551 quantum
950 2526 1025 2545 nostra
1038 2522 1114 2545 cubita
1129 2529 1168 2545 sex

322 2566 404 2587 valent.
422 2564 527 2592 origen„
544 2563 627 2585 llomil.
645 2564 666 2585 2.
685 2563 705 2585 in
723 2563 780 2584 Gen.
798 2568 818 2583 n.
831 2562 856 2586 2,
874 2562 1001 2583 secundum
1019 2568 1103 2584 trovam
1120 2568 1168 2584 eer-

323 2604 413 2626 aionem,
430 2604 475 2625 ait:
494 2604 538 2625 Nos
555 2605 632 2625 autem
650 2602 774 2624 didicimus
799 2608 811 2622 a
837 2601 947 2629 quopiam
968 2607 993 2622 ex
1011 2601 1168 2623 Hebraeorum

325 2642 483 2671 peritioribus,
509 2643 623 2664 trecentos
648 2639 737 2663 cubitos
763 2639 836 2662 {Italos
862 2639 931 2661 tuisse
956 2646 1023 2667 pares
1048 2640 1090 2662 illis
1110 2646 1169 2668 quos

325 2684 457 2710 geometrae
475 2683 571 2707 vocant,
589 2680 625 2702 vis
642 2679 797 2708 quadranguli
816 2684 827 2699 a
846 2678 960 2700 tricesimo
978 2678 1052 2705 ducti,
1071 2679 1098 2700 ita
1112 2678 1169 2700 utin

326 2728 371 2743 uno
389 2720 490 2742 tabulato
509 2720 593 2741 suerint
610 2718 735 2745 nonaginta
753 2717 821 2739 miliia
839 2716 970 2739 cubitorum
989 2721 1126 2744 nostrorum,
1144 2718 1171 2739 si-

326 2761 455 2788 militerque
473 2760 493 2781 in
512 2759 630 2781 latitudine
647 2758 694 2780 duo
712 2757 773 2779 niille
795 2756 915 2785 quingenti
934 2755 1015 2783 cubiti,
1028 2756 1082 2778 etin
1101 2757 1171 2779 altitu-

327 2800 380 2821 ·line
398 2799 515 2826 nongenti.
535 2799 566 2823 (ln
585 2800 637 2819 nota
657 2797 744 2819 adiecta
763 2795 857 2819 dit-itur.
875 2795 951 2823 quod,
971 2795 988 2816 si
1007 2798 1117 2822 ponatur,
1135 2802 1171 2817 ru-

328 2838 399 2860 hitum
418 2844 444 2859 cx
463 2838 490 2859 1¹8
510 2837 631 2865 pollicibus
650 2838 767 2862 constare,
785 2834 906 2861 longitudo
929 2840 995 2855 areae.
1019 2834 1058 2855 suit
1076 2834 1171 2861 longitu-

328 2877 387 2898 dinis
409 2876 496 2898 135000
514 2876 601 2903 pedum
619 2877 750 2897 nostrorum
768 2873 817 2895 sive
835 2872 910 2894 27000
929 2872 1039 2899 passuum
1053 2873 1172 2899 geometri>

329 2921 407 2937 eorum
416 2933 421 2939 ,
438 2914 545 2936 videlieet
557 2920 642 2935 novem
656 2914 773 2935 leucarum
786 2911 810 2940 [2]
824 2917 850 2933 ex
864 2910 936 2932 tribus
949 2910 1048 2932 millibus
1066 2910 1172 2938 passibus

330 2953 475 2981 geometricis
492 2953 663 2979 coustantium).
1089 2977 1091 2979 Ι

392 2991 401 3004 ²
419 2992 489 3013 lixod.
507 2994 532 3017 3,
555 2992 572 3012 l.
589 3003 619 3007 ——
637 2991 668 3013 De
686 2991 728 3012 Dm
738 2990 759 3012 id
777 2990 817 3011 cfr.
835 2990 848 3012 l.
867 2989 922 3016 [teg.
941 2988 976 3009 16.
989 2994 1068 3016 seqq:
1083 2988 1111 3009 dc
1124 2989 1173 3009 Eze-

1225 2484 1275 2505 chia
1288 2483 1337 2505 lsai.
1350 2484 1387 2505 38.
1399 2489 1448 2511 seq.
1460 2485 1482 2505 et
1495 2483 1530 2504 lV.
1544 2483 1600 2510 Reg.
1613 2483 1649 2509 20,
1667 2482 1683 2503 l.
1696 2488 1773 2511 seqq.;
1787 2482 1816 2503 de
1828 2481 1874 2503 Elia
1887 2481 1918 2503 lll.
1931 2481 1987 2508 lleg.
2004 2481 2036 2504 17.
2052 2481 2071 2503 1.

1225 2529 1302 2551 seqq.;
1320 2522 1350 2544 de
1367 2523 1451 2544 toanne
1467 2522 1521 2543 Luc.
1543 2521 1564 2543 1.
1583 2521 1620 2543 80.
1637 2524 1659 2542 et
1676 2521 1702 2548 3,
1721 2521 1741 2542 11.
1758 2526 1823 2548 seqq.
2046 2513 2048 2517 “

1288 2561 1297 2573 ³
1314 2560 1384 2584 liebr.
1402 2561 1410 2582 l
1421 2561 1442 2588 l,
1460 2561 1498 2583 37.
1513 2572 1545 2576 —
1562 2561 1615 2588 seq.
1632 2560 1697 2582 locus
1713 2562 1747 2581 est
1764 2558 1819 2581 ibid.
1837 2559 1878 2586 12,
1896 2560 1918 2580 c.

1288 2600 1298 2613 ¹
1315 2602 1395 2623 Esther
1413 2601 1438 2627 1,
1460 2600 1493 2622 li.
1510 2612 1541 2617 -—
1558 2601 1611 2628 Seq.
1629 2600 1693 2621 loeus
1709 2601 1743 2621 est
1760 2598 1831 2626 Apoc.
1853 2599 1890 2625 12,
1908 2598 1930 2620 7.

1289 2639 1298 2652 ⁶
1317 2640 1382 2662 atich.
1398 2640 1425 2667 7,
1443 2639 1465 2661 5.

1289 2678 1299 2691 ‘³
1317 2680 1370 2707 Sap.
1390 2678 1431 2705 Η,
1450 2678 1488 2699 111ε
1507 2678 1620 2706 Quoniam
1639 2679 1757 2699 creaturae
1782 2676 1821 2698 Dei
1847 2676 1869 2698 in
1894 2676 1974 2698 odium
2001 2676 2071 2697 tactae

1228 2721 1319 2740 suntet
1336 2718 1358 2739 in
1377 2716 1524 2739 tentationem
1542 2715 1663 2738 animabus
1686 2715 1805 2737 hominum
1829 2717 1851 2736 et
1874 2715 1895 2736 iii
1919 2714 2072 2741 muscipulam

1229 2757 1328 2786 pedibus
1346 2756 1510 2784 insipientium.
1527 2767 1558 2772 —
1576 2755 1629 2783 seq.
1654 2755 1718 2776 locus
1735 2757 1769 2776 est
1786 2754 1859 2775 Eecle.
1883 2753 1900 2779 1,
1917 2754 1938 2775 2.
1956 2759 2003 2781 seq.
2022 2752 2072 2779 (cfr.

1229 2796 1322 2818 Hieron.
1341 2795 1362 2817 in
1381 2796 1442 2817 liunc
1460 2794 1557 2822 loeum);
1570 2793 1648 2815 tertius
1660 2793 1696 2814 Fs.
1709 2793 1717 2814 ¹1
1728 2792 1765 2819 18,
1779 2792 1814 2814 37.
1827 2792 1896 2820 Epist.
1910 2792 1923 2813 1.
1937 2791 1996 2813 Tim.
2009 2791 2034 2817 6,
2046 2790 2071 2812 7:

1230 2835 1286 2856 Niliil
1309 2834 1370 2856 enini
1396 2833 1513 2855 intulimus
1531 2833 1552 2854 in
1571 2833 1632 2854 hunc
1657 2831 1785 2857 mundum,
1802 2830 1864 2853 haud
1882 2829 1991 2856 dubium,
2008 2829 2073 2857 quod

1230 2880 1272 2895 net·
1290 2875 1380 2895 auterre
1397 2872 1452 2901 quid
1470 2877 1602 2899 possumus.

1292 2910 1300 2923 ⁷
1319 2912 1400 2933 Psalni.
1418 2910 1475 2937 124,
1487 2909 1550 2932 2.-·-’
1562 2910 1615 2938 seq.
1633 2910 1697 2931 loeus
1714 2912 1748 2930 est
1764 2909 1799 2930 tv.
1818 2909 1878 2936 Reg..
1891 2908 1918 2934 6,
1937 2907 1977 2933 173
1995 2906 2073 2928 tertius

1230 2951 1286 2972 Gen.
1305 2951 1346 2976 32,
1364 2951 1390 2976 2,
1408 2952 1503 2977 quartus
1521 2949 1556 2970 l‘s.
1574 2949 1616 2975 26,
1635 2948 1659 2974 l,
1676 2947 1770 2976 quintus
1788 2948 1823 2969 Ps.
1844 2946 1901 2972 123,
1919 2945 1939 2967 t.
1956 2951 2021 2973 seqq.

1293 2986 1302 2999 ⁸
1320 2989 1402 3010 l‘salm.
1421 2988 1462 3015 18,
1480 2989 1500 3010 2.
1517 2999 1548 3005 -
1566 2987 1618 3015 Seq.
1636 2987 1700 3008 loeus
1716 2988 1751 3008 est
1766 2985 1834 3008 Eccli.
1852 2985 1893 3011 43,
1912 2984 1933 3006 t.
