2285 3398
336 189 393 218 [108

228 276 321 294 Secunda.
336 268 411 297 Sicut
432 268 514 296 etiam
536 267 621 295 David
643 266 784 303 ampliavit
810 266 932 301 cultum,
959 267 997 296 sic
1028 268 1079 296 iste
1110 267 1183 295 ordi-

335 315 410 343 navit
430 314 568 348 ofliciu1n3
590 316 617 342 et
638 313 710 342 sicut
738 314 825 343 David
852 314 971 343 ducebat
997 322 1090 343 arcam
1119 322 1181 343 cuni

335 366 439 399 septem
461 362 562 395 choris,
584 361 623 390 sic
644 361 695 390 iste
726 361 790 390 fecit
814 362 1018 398 processionem
1051 370 1115 390 cum
1141 369 1182 388 se-

336 412 408 446 ptem
430 409 536 441 choris;
559 411 586 437 et
617 408 688 437 sicut
719 408 805 436 David
828 408 894 437 vidit
925 408 1183 445 Angelumpercu-

336 457 446 485 tientem
468 463 552 492 super
575 456 722 484 Ierusalem
749 459 775 484 et
796 455 968 493 promeruit,
994 458 1024 483 ut
1046 456 1181 486 cessaret,

334 504 371 532 sic
394 504 443 532 iste
465 511 549 540 super
572 504 683 532 Romam
706 506 732 532 et
754 503 923 540 promeruit,
946 507 977 531 ut
999 505 1127 531 cessaret.
1145 517 1181 521 —-

252 559 322 578 verua.
335 551 434 588 Sicque
455 551 557 579 factum
579 554 635 585 est,
657 551 731 588 quod
752 551 863 585 Graeci,
879 550 1018 585 videntes,
1036 549 1181 578 Ecclesiam

335 598 481 626 Romanam
504 597 635 631 exaltari,
657 597 735 626 divisi
758 601 823 626 sunt
844 601 871 626 et
892 597 1053 626 ceciderunt
1074 596 1100 624 in
1118 596 1182 624 hae-

335 644 417 673 resim
444 644 659 681 Eutychianam‚
681 648 708 673 et
740 644 791 673 hoc
825 647 948 681 tempore
980 643 1112 677 Heraclii,
1134 642 1180 679 qui

334 692 423 728 primo
444 692 494 721 suit
517 693 605 721 bonus
626 696 653 721 et
674 695 768 729 postea
789 692 887 721 cecidit
908 692 935 720 in
951 691 1097 720 haeresim.
1121 690 1183 719 Post

333 740 411 767 illum
433 748 576 777 nunquam
598 740 649 768 suit
670 740 821 777 imperator
836 740 863 768 in
878 739 992 768 oriente.
1009 739 1085 767 Sicut
1099 738 1181 767 etiam

333 787 432 823 Assyrii
455 790 633 816 vastaverunt
656 787 783 821 ludaeos,
806 787 845 816 sic
873 787 1001 815 Saraceni
1029 793 1183 823 occupave-

332 828 399 862 ri'lnt
420 834 565 863 Ecclesiam
587 835 799 868 Antiochenam,
821 834 1109 871 Hierosolymitanam,
1125 833 1183 862 Ale-

332 882 512 916 xandrinam,
547 882 892 919 Constantinopolitanam,
928 890 1019 919 usque
1054 881 1182 910 Siciliam.

332 930 407 958 Sicut
428 929 488 958 illae
509 929 604 959 decom
626 929 717 958 tribus
739 929 900 958 ceciderunt
921 932 947 958 et
970 931 1146 958 recesserunt
1168 937 1184 957 a

331 986 347 1006 a
367 977 448 1006 domo
470 977 571 1012 David,
603 977 642 1006 sic
671 977 732 1006 illae
754 977 906 1011 Ecclesiae,
936 977 1002 1014 quia
1023 976 1184 1006 ceciderunt

331 1028 358 1054 et
378 1029 553 1054 recesserunt
574 1034 590 1053 a
611 1025 707 1059 Petro,
723 1025 767 1054 cui
789 1025 894 1054 dictum
909 1029 969 1054 erat
982 1026 1008 1053 ¹:
1030 1024 1095 1053 Tibi
1108 1024 1183 1053 dabo

331 1071 424 1100 claves
445 1072 530 1109 requi
550 1072 715 1106 caelorum,
738 1072 896 1101 inciderunt
918 1072 945 1100 in
967 1071 1056 1109 lupos.

410 1120 455 1147 29.
479 1119 506 1147 In
529 1121 609 1148 sexto
631 1122 755 1156 tempore
776 1119 847 1148 facta
868 1122 934 1148 sunt
955 1119 1024 1147 tria:
1047 1118 1183 1156 praeela-

214 1175 241 1194 ne
261 1176 320 1194 nitu.
332 1166 409 1194 ritas
428 1166 578 1200 victoriae,
590 1166 790 1203 praeclaritas
811 1167 971 1201 doetrinae,
983 1160 1184 1204 praeclaritas

190 1202 237 1241 '252²'
247 1201 319 1223 ‘emm'
331 1214 406 1242 vitae
428 1213 621 1251 propheticae.
644 1231 682 1234 -—
704 1214 884 1243 Praeclaritas
906 1214 1047 1242 victoriae
1068 1214 1095 1242 in
1118 1215 1184 1242 Sen-

202 1247 481 1295 acgitriffpssr'issnaclierilj,
503 1261 550 1298 qui
582 1261 657 1290 venit
688 1264 785 1290 contra
816 1261 979 1295 Ierusalem,
1011 1265 1038 1290 et
1065 1262 1184 1299 Angelus

201 1300 237 1312 ’Μ’
333 1308 441 1337 Domini
463 1308 599 1337 interfecit
620 1312 733 1337 eentum
755 1308 901 1346 oetoyinta
915 1309 1042 1347 quinque
1056 1309 1151 1337 miliia
1163 1309 1182 1337 ².

332 1356 364 1384 Et
385 1355 514 1397 Ezechias
535 1358 631 1384 contra
651 1357 780 1384 naturam
802 1359 915 1384 sanatus
936 1359 993 1390 est,
1015 1359 1042 1385 et
1063 1356 1103 1385 sol
1117 1356 1184 1385 abiit

332 1406 416 1431 retro.
434 1419 470 1423 —
485 1402 625 1436 Similiter,
640 1402 668 1430 in
685 1405 809 1439 tempore
831 1403 958 1431 Hadriani
974 1411 1024 1439 per
1038 1403 1182 1438 Carolum,

332 1450 380 1487 qui
401 1449 567 1478 miraculose
588 1449 651 1478 fecit
674 1449 832 1486 triumphos
853 1450 932 1486 quasi
948 1450 1050 1479 missus
1065 1451 1184 1488 Angelus

331 1507 347 1526 a
368 1497 500 1530 Domino,
522 1500 549 1525 et
572 1497 628 1531 sol,
652 1496 677 1525 id
702 1500 743 1525 est
771 1500 864 1525 aestus
894 1497 1095 1531 tribulationis,
1118 1498 1184 1526 abiit

333 1547 424 1578 retro,
446 1546 474 1572 et
495 1544 565 1572 sacta
586 1547 627 1572 est
649 1552 704 1580 pax
727 1543 878 1577 Ecclesiae,
893 1546 925 1572 ut
940 1547 1034 1580 postea
1050 1547 1184 1573 statueret

332 1591 569 1628 archiepiscopos,
592 1592 734 1628 episcopos
762 1593 789 1620 et
817 1591 956 1620 coenobia.
980 1608 1018 1611 —
1040 1591 1094 1620 Hoc
1115 1595 1185 1620 tem-

332 1647 399 1676 pore
421 1639 473 1668 fuit
500 1639 624 1668 claritas
654 1639 821 1672 doetrinae,
843 1638 910 1676 quia
930 1638 1046 1667 Carolus
1064 1635 1185 1667 'vocavit

332 1687 446 1716 clericos
477 1689 504 1716 et
532 1687 642 1724 scripsit
674 1686 773 1720 libros,
796 1689 827 1714 ut
859 1686 886 1714 in
916 1689 1010 1714 sancto
1032 1685 1184 1722 Dionysio³

333 1733 417 1762 Biblia
431 1736 458 1762 et
472 1734 499 1762 in
515 1733 610 1762 multis
625 1733 706 1767 locis,
722 1736 749 1762 et
764 1733 929 1770 inceperunt
948 1732 1039 1770 legere
1053 1735 1080 1761 et
1095 1732 1185 1769 philo-

332 1781 459 1818 sophari,
475 1784 501 1810 et
523 1780 665 1818 religiosos
686 1781 768 1810 etiam
789 1780 921 1809 dilatavit.
937 1797 976 1801 -
990 1780 1044 1808 Hoc
1059 1783 1184 1817 tempore

331 1829 455 1865 oportuit
476 1829 571 1858 venire
592 1829 677 1857 vitam
698 1836 748 1865 per
769 1828 908 1862 ordinem,
931 1828 978 1865 qui
1001 1828 1114 1857 haberet
1141 1827 1183 1856 vi—

333 1880 394 1904 tam
412 1875 622 1913 propheticam.
645 1876 699 1905 Hoc
720 1878 814 1904 autem
836 1878 946 1913 tempus
967 1879 1008 1904 est
1027 1875 1183 1912 geminum,

334 1923 415 1957 unde,
431 1924 503 1953 sicut
518 1924 545 1952 in
567 1924 693 1961 passione
714 1923 822 1952 Domini
838 1922 890 1952 fuit
904 1923 994 1960 primo
1010 1923 1070 1957 lux,
1085 1923 1184 1952 deinde

335 1971 465 2005 tenebra,
488 1973 583 2007 postea
597 1971 664 2005 lux3
680 1971 719 1999 sic
734 1978 845 1999 necesse
859 1963 916 2004 est,
932 1973 964 1999 ut
978 1970 1068 2007 primo
1083 1970 1118 1999 sit
1134 1970 1183 1998 lux

334 2018 491 2051 doctrinae,
513 2021 540 2046 et
565 2018 694 2047 succedat
722 2017 803 2046 losias
832 2018 962 2047 Ezechiae
974 2019 994 2051 ⁴,
1018 2020 1078 2054 post
1099 2026 1182 2055 quam

334 2064 404 2094 sacta
425 2069 466 2094 est
488 2065 630 2094 tribulatio
652 2065 815 2094 ludaeorum
831 2073 886 2109 *per
914 2066 1109 2103 captivitatem.
1133 2066 1182 2094 Ne-

226 1624 318 1643 secunda.

247 1814 317 1833 Tertia.

942 188 973 216 tN
996 183 1215 217 HEXAEMERON
1236 185 1399 215 COLLATIO
1420 186 1485 215 xvi.

1240 272 1316 293 cesse
1331 267 1372 293 est
1387 264 1474 298 enim,
1490 267 1521 292 ut
1536 268 1633 301 surgat
1647 273 1721 293 unus
1736 266 1865 303 princeps
1884 268 1986 296 zelator
2002 269 2091 297 Eccle-

1240 313 1308 345 siae,
1331 311 1379 348 qui
1401 312 1444 340 vel
1459 311 1526 345 erit,
1543 312 1585 340 vel
1607 312 1661 340 iarn
1683 312 1735 342 suit
1751 329 1787 333 —
1802 317 1830 342 et
1844 313 1961 342 addidit:
1982 315 2090 344 Utinam
2106 321 2219 340 Notandum-

1240 360 1293 387 iam
1315 367 1370 387 non
1392 359 1476 388 fuerit
1492 376 1529 380 —-
1544 362 1605 396 post
1619 360 1726 397 quem⁶
1749 360 1780 388 tit
1800 360 1956 390 obscuritas
1977 362 2092 391 tribula-

1240 406 1355 434 tionum.
1380 406 1433 435 Hoc
1455 409 1579 444 tempore
1605 406 1731 435 similiter
1753 407 1869 436 Carolus
1890 408 2023 436 exaltavit
2045 409 2092 437 Er.-

1240 453 1365 486 clesiam,
1381 455 1409 482 et
1422 454 1483 482 eius
1497 461 1672 483 successores
1686 457 1921 491 oppugnaverunt
1935 462 2007 483 eam:
2024 458 2093 484 teni-

1240 508 1306 537 pore
1328 501 1435 529 Henrici
1452 502 1544 538 quarti
1560 501 1675 530 fuerunt
1689 501 1745 530 duo
1761 502 1860 538 Papae,
1883 502 2010 531 similiter
2026 506 2093 531 tem-

1240 556 1306 585 pore
1321 548 1457 577 Frederici
1473 549 1574 586 magni,
1589 549 1652 577 duo.
1670 549 1701 577 Et
1715 552 1823 578 certum
1839 553 1889 583 est,
1905 550 1979 586 quod
1994 550 2094 587 aliquis

1240 595 1311 623 inter
1332 602 1379 624 eos
1401 595 1489 624 voluit
1510 596 1698 625 exterminare
1721 596 1885 630 Ecclesiam;
1901 596 1948 625 sed
1965 596 2094 634 Anyeius

1240 642 1398 671 ascendens
1419 642 1456 671 ab
1478 646 1545 671 ortu
1566 643 1635 672 solis
1657 643 1796 672 clamavit
1815 647 1944 682 quatuor
1961 644 2092 681 Auqeiis:

1240 689 1332 718 Nolite
1353 698 1453 718 nocere
1482 693 1579 718 terrae
1599 694 1623 719 et
1644 690 1741 725 mari,
1764 699 1914 729 quousque
1945 691 2094 729 siynemus

1239 746 1337 766 servos
1361 737 1413 766 Dei
1433 738 1528 766 nostri
1548 738 1579 766 in
1599 737 1748 775 frontibus
1762 738 1895 767 eorumss.
1912 739 1987 768 Unde
2002 739 2092 768 adhuc

1241 788 1326 814 restat
1347 785 1482 814 Ecclesiae
1504 785 1654 815 tribulatio.
1672 786 1702 814 Et
1722 786 1828 815 dictum
1850 789 1891 815 est
1913 787 2014 823 Angelo
2033 787 2094 815 Phi-

1240 832 1409 870 ladelphiae,
1424 832 1471 869 qui
1488 836 1586 862 sextus
1600 836 1656 862 est:
1679 833 1758 862 Haec
1773 833 1845 862 dicit
1858 833 1986 862 Sanetus
2000 838 2027 863 et
2047 834 2093 862 Ve-

1240 888 1309 914 rus,
1332 880 1384 918 qui
1397 879 1482 909 ltabet
1495 880 1603 909 clavem
1626 881 1741 914 Davum
1763 881 1816 919 qui
1835 881 1944 918 aperit,
1966 885 1992 910 et
2012 890 2094 910 nemo

1240 927 1369 961 claudit,·
1391 927 1519 962 claudit,
1542 931 1567 956 et
1587 936 1668 956 nemo
1690 928 1794 965 aperit.
1824 927 1889 956 Scio
1915 936 2005 965 opera
2027 932 2093 962 tua,

1240 975 1312 1014 quia
1340 984 1418 1009 eece,
1439 975 1506 1004 dedi
1537 984 1637 1004 eoram
1659 979 1684 1004 te
1705 976 1814 1014 ostium
1836 979 1980 1013 apertum.
2005 993 2041 997 —-
2064 976 2094 1004 Et

1240 1023 1327 1057 dixit,
1349 1022 1423 1060 quod
1445 1023 1535 1052 adhuc
1552 1023 1731 1060 intelligentia
1746 1023 1907 1060 scripturae
1921 1024 2036 1053 daretur
2052 1024 2092 1052 vel

1241 1071 1372 1100 revelatio
1394 1071 1436 1099 vel
1458 1071 1543 1100 clavis
1564 1071 1648 1100 David
1664 1080 1807 1109 personae
1830 1071 1871 1100 vel
1893 1071 2078 1100 multitudini
2085 1082 2094 1104 ,-

1240 1121 1268 1147 et
1288 1118 1376 1155 magis
1397 1118 1496 1152 credo,
1518 1118 1593 1156 quod
1613 1118 1794 1147 multitudini.

1320 1165 1366 1194 30.
1390 1166 1418 1194 In
1440 1166 1557 1203 septimo
1578 1158 1702 1203 tempore
1732 1166 1835 1195 scimus
1867 1166 1942 1203 quod
1968 1167 2035 1195 haec
2056 1166 2094 1194 sa·
2108 1170 2228 1213 ..i'i‘ssii‘igffi

1241 1216 1284 1242 cta
1305 1217 1385 1242 sunt:
1410 1213 1608 1250 reaedificatio
1630 1214 1744 1251 templi,
1768 1214 1951 1243 restauratio
1965 1214 2094 1243 civitatisi
2108 1218 2164 1242 voris-

1240 1263 1267 1290 et
1285 1269 1349 1297 pax
1374 1260 1454 1289 data.
1484 1261 1615 1290 Similiter
1640 1262 1668 1290 in
1697 1264 1822 1298 tempore
1850 1261 1968 1298 septimo
1988 1260 2093 1299 futuro

1240 1308 1297 1336 erit
1312 1308 1464 1345 reparatio
1480 1308 1576 1337 dicim
1589 1309 1685 1337 cultus
1700 1312 1727 1338 et
1741 1308 1941 1346 reaedificatio
1955 1308 2091 1337 ciuitatis.

1240 1356 1318 1384 Tunc
1339 1355 1501 1392 implebitur
1523 1356 1670 1392 prophetia
1691 1356 1841 1385 Ezechielis
1853 1356 1873 1389 ⁷,
1895 1356 2006 1393 quando
2027 1347 2093 1384 civi-

1241 1405 1282 1431 tas
1303 1402 1450 1431 descendet
1470 1402 1504 1431 ‹le
1525 1403 1616 1437 caelo,
1639 1412 1693 1431 non
1722 1403 1835 1440 quidem
1857 1403 1903 1431 illa
1924 1411 1999 1441 quae
2025 1411 2093 1431 sur-

1239 1459 1306 1478 sum
1328 1454 1381 1486 est,
1404 1450 1451 1479 sed
1483 1450 1529 1478 illa
1556 1458 1628 1487 quae
1659 1450 1791 1479 deorsum
1813 1454 1866 1484 est,
1893 1450 1997 1479 scilicet
2017 1450 2093 1478 mili-

1241 1501 1325 1531 ta·ns;
1346 1497 1457 1534 quando
1478 1497 1532 1526 erit
1553 1497 1703 1526 conformis
1725 1497 1923 1534 triumphanti,
1939 1497 2092 1526 secundum

1241 1544 1314 1580 quod
1337 1544 1466 1580 possibile
1488 1548 1529 1573 est
1550 1544 1577 1572 in
1601 1544 1651 1573 via.
1675 1545 1753 1573 Tunc
1774 1544 1827 1573 erit
1853 1544 2006 1573 aedificatio
2028 1544 2094 1573 civi-

1241 1590 1305 1618 tatis
1325 1593 1352 1619 et
1374 1591 1528 1625 restitutio,
1550 1591 1623 1620 sicut
1652 1600 1668 1620 a
1696 1591 1848 1628 principio;
1875 1595 1902 1620 et
1919 1594 2000 1620 ,tnnc
2031 1600 2093 1628 paz·

1241 1638 1302 1666 erit.
1325 1638 1465 1674 Quantum
1487 1641 1580 1667 autem
1601 1639 1714 1667 durabit
1734 1639 1781 1667 illa
1802 1647 1874 1676 pax,
1896 1639 1970 1668 Deus
1992 1639 2075 1667 novit.

1321 1684 1366 1713 31.
1390 1684 1475 1722 Igitur
1497 1693 1560 1713 cuni
1583 1686 1637 1713 sint
1665 1685 1771 1722 septem
1803 1689 1929 1723 tempora
1949 1688 1977 1714 et
1997 1685 2025 1714 in
2048 1693 2093 1714 vc-
2107 1692 2202 1716 Epilogus-

1243 1732 1293 1761 teri
1316 1734 1481 1760 testamento
1512 1735 1539 1760 et
1570 1732 1596 1760 in
1630 1741 1716 1766 novo,
1738 1736 1765 1761 et
1786 1733 1929 1770 quodlibet
1951 1733 2093 1767 triforme,

1241 1780 1284 1809 vel
1306 1780 1332 1808 in
1354 1779 1478 1816 quolibet
1510 1779 1563 1808 tria
1594 1780 1663 1814 sint;
1687 1780 1861 1817 septenarius
1894 1780 2094 1817 multiplicatus

1241 1836 1291 1865 per
1313 1827 1467 1856 ternarium
1490 1827 1548 1861 bis,
1571 1827 1755 1864 quadraginta
1786 1827 1842 1856 duo
1871 1827 1950 1862 facit;
1973 1831 2000 1856 et
2026 1827 2093 1857 istae

1241 1878 1307 1904 sunt
1327 1874 1511 1912 quadraginta
1531 1874 1603 1903 duae
1624 1874 1796 1909 mansiones,
1812 1874 1916 1911 quibus
1931 1874 2094 1911 pervenitur

1240 1922 1274 1952 ad
1297 1926 1400 1951 terram
1422 1921 1643 1959 promissionisss.
1667 1938 1703 1943 —
1726 1921 1758 1950 Et
1779 1921 1817 1950 sic
1839 1924 1935 1958 patet,
1955 1922 2095 1959 quomodo

1240 1970 1385 2007 Scriptura
1412 1968 1544 1998 describit
1571 1970 1760 1999 successiones
1790 1972 1962 2007 temporum;
1992 1972 2019 1998 et
2040 1978 2094 1998 non

1241 2021 1305 2046 sunt
1326 2026 1342 2046 a
1362 2026 1429 2047 casu
1450 2021 1478 2046 et
1499 2015 1623 2052 fortuna,
1645 2018 1692 2047 sed
1714 2018 1785 2046 mira
1813 2018 1863 2046 lux
1885 2020 1927 2046 est
1952 2017 1980 2046 in
2008 2017 2047 2046 eis
2068 2020 2096 2046 et

1240 2065 1343 2094 multae
1365 2065 1560 2102 intelligentiae
1582 2065 1748 2102 spirituales.

336 2498 473 2526 (ii-egerium
491 2500 597 2526 tempore
614 2497 684 2525 pestis
702 2492 810 2520 litaniam
831 2497 991 2527 septiformem
1015 2499 1138 2522 instituisse
1155 2499 1185 2521 ad

336 2537 477 2565 placandum
494 2537 577 2559 Deum.
595 2537 658 2559 ldem
675 2537 770 2563 Paulus,
782 2537 815 2558 ΙΙΙ.
827 2536 857 2559 de
868 2537 941 2559 Gestis
953 2537 1102 2566 Longobard.
1114 2544 1133 2560 c.
1147 2538 1185 2561 24.

336 2577 378 2598 ait:
396 2576 545 2606 Septiformis
557 2578 633 2599 autem
647 2575 729 2599 litania
748 2576 799 2598 ideo
817 2576 877 2598 (licta
894 2579 940 2604 est,
957 2578 1011 2605 quia
1028 2578 1104 2600 omnis
1121 2577 1185 2600 urbis

337 2617 437 2645 populus
455 2623 467 2638 a
485 2616 552 2639 beato
568 2616 681 2644 Gregorio
698 2616 721 2638 in
733 2618 821 2644 septem
834 2619 911 2644 partos
924 2617 1090 2644 deprecaturus
1107 2618 1185 2640 Domi-

337 2662 393 2677 num
405 2658 439 2678 est
451 2656 548 2678 divisus.
560 2655 581 2677 ln
595 2655 670 2683 primo
682 2661 784 2683 namque
795 2656 866 2677 choro
879 2655 920 2677 ruit
931 2656 1007 2678 omnis
1019 2658 1105 2684 clerus,
1118 2657 1139 2679 in
1153 2663 1185 2680 se-

337 2694 414 2721 cundo
432 2700 514 2717 omnes
531 2693 626 2717 abbates
644 2700 698 2716 curn
716 2693 835 2716 monachis
853 2694 913 2720 suis,
931 2694 953 2716 in
972 2695 1036 2716 tertio
1053 2701 1135 2718 ornnes
1148 2695 1185 2718 ab·

338 2733 436 2755 batissae
453 2739 506 2755 cuin
525 2732 746 2762 congregationibus
762 2733 823 2760 suis,
842 2733 862 2755 in
875 2736 958 2761 quarto
975 2740 1056 2756 omnes
1074 2735 1184 2761 insanies,

338 2773 359 2794 in
377 2773 458 2801 quinto
475 2779 557 2795 omues
575 2773 637 2800 laici,
656 2773 678 2795 in
695 2775 759 2795 sexto
782 2773 905 2795 universae
927 2773 1024 2801 viduae,
1042 2774 1064 2796 in
1086 2775 1184 2803 septimo

338 2818 419 2834 ornnes
437 2812 545 2834 mulieres
562 2812 706 2840 coniugatac.
723 2811 768 2834 Csr.
785 2812 882 2840 Gregor.
900 2812 966 2839 Tur.,
984 2813 1012 2835 X.
1031 2813 1113 2835 Histor.
1131 2820 1150 2836 c.
1164 2815 1184 2841 i;

338 2852 399 2873 ioan.
417 2851 524 2878 Diacon.,
542 2851 557 2873 l.
575 2851 598 2873 S.
615 2851 712 2878 Gregor.
729 2851 804 2878 Magni
822 2851 881 2878 vita,
899 2857 922 2873 u.
940 2851 977 2873 42.
994 2855 1016 2873 et
1034 2853 1047 2874 l.
1066 2853 1087 2874 S.
1101 2853 1185 2880 Grego-

338 2891 362 2912 rii
382 2891 456 2919 Magni
474 2890 520 2913 vita
538 2896 565 2912 ex
583 2889 632 2912 eius
649 2890 740 2917 scriptis
757 2890 880 2917 adornata,
899 2897 921 2912 u.
940 2891 961 2912 6.

402 2929 409 2942 ¹
428 2931 504 2952 Matth.
523 2930 563 2957 io,
585 2930 620 2952 19.

401 2968 489 2992 ²vLibr.
507 2970 543 2992 tv.
561 2970 618 2997 [leg.
640 2969 678 2996 19,
697 2969 741 2996 3553
759 2968 814 2990 ibid.
832 2970 873 2995 20,
896 2969 996 2998 l..se‹1i1.
1015 2970 1043 2992 dc
1062 2971 1163 2992 Erec-iiia.

401 3007 410 3019 ⁵³
429 3008 515 3030 Scilicet
535 3009 555 3031 in
575 3008 713 3031 monasterio
732 3008 753 3030 S.
772 3007 872 3035 Dionysii
891 3008 988 3030 Parisiis.

1305 2498 1314 2510 '¹
1332 2498 1378 2521 Ct'r.
1396 2499 1432 2521 lv.
1451 2498 1508 2526 Reg.
1526 2499 1563 2520 22.
1580 2501 1602 2520 ct
1619 2498 1664 2525 23;
1682 2498 1706 2520 ll.
1724 2498 1821 2526 paralip.
1840 2497 1877 2519 34.
1889 2499 1911 2519 et
1924 2497 1961 2519 35.
1972 2508 2003 2513 -
2016 2496 2092 2520 Verba

1242 2538 1342 2562 subinde
1359 2542 1381 2561 et
1398 2538 1516 2567 aliquanto
1534 2537 1629 2560 inferius
1646 2538 1721 2566 posita
1740 2537 1769 2560 Et
1785 2536 1877 2560 addidit
1892 2542 1920 2559 ac
1936 2535 1966 2559 Et
1982 2535 2045 2559 dimit
2059 2542 2092 2558 re-

1244 2581 1347 2601 seruntur
1365 2579 1394 2601 ad
1412 2579 1434 2600 S.
1451 2578 1553 2604 Bonam
1572 2579 1613 2600 cfr.
1631 2583 1701 2606 supra
1720 2583 1774 2605 pag.
1792 2576 1850 2603 356,
1868 2580 1923 2598 nota
1941 2576 1963 2598 3.
2011 2580 2014 2583 ‘

1305 2617 1314 2630 ⁵
1332 2620 1361 2641 lta
1375 2619 1390 2640 E
1408 2625 1420 2640 a
1439 2618 1538 2641 secunda
1556 2620 1625 2640 manti
1634 2636 1639 2645 ,
1654 2618 1670 2639 Β
1684 2618 1709 2642 (Ε
1721 2617 1836 2645 primitus)
1846 2617 1976 2645 postquam
1986 2614 2028 2643 sit,
2042 2616 2093 2638 Vat.

1240 2658 1383 2688 priusquam
1402 2657 1440 2681 sit.

1305 2696 1314 2709 ⁰
1332 2699 1404 2726 Apoc.
1421 2698 1449 2724 7,
1467 2698 1489 2719 2.
1506 2704 1555 2726 seq.
1574 2698 1591 2719 A
1610 2697 1708 2725 Vulgata
1727 2697 1791 2724 plura
1811 2696 1984 2718 interseruntur.
1995 2706 2027 2711 -
2039 2694 2093 2723 Seq.

1243 2739 1307 2760 locus
1324 2740 1358 2759 est
1376 2736 1432 2759 ibid.
1450 2737 1476 2764 3,
1493 2737 1516 2759 ¹7.
1534 2743 1583 2765 seq.
1601 2739 1623 2758 ct
1643 2737 1667 2763 l,
1681 2736 1717 2758 ν11,
1730 2735 1829 2758 Ecclesia
1842 2734 2013 2762 philadelphiae
2024 2735 2092 2757 seaelo

1243 2778 1293 2799 loco
1309 2777 1412 2805 ponitur.

1305 2814 1313 2827 ⁷
1332 2815 1388 2843 Cap.
1401 2815 1438 2838 40.
1451 2821 1530 2844 seqq.,
1543 2814 1581 2837 ubi
1594 2815 1623 2837 de
1636 2813 1822 2836 reaedificatione
1835 2813 1946 2839 civitatis,
1959 2812 2036 2840 templi
2049 2815 2092 2834 etc.

1241 2867 1272 2871 —
1290 2855 1362 2883 Apor.
1379 2855 1422 2881 21,
1440 2855 1468 2877 2:
1488 2855 1513 2885 Et
1530 2860 1574 2882 ego
1593 2854 1689 2876 loannes
1706 2853 1754 2874 vidi
1777 2855 1881 2874 sanctam
1898 2852 2014 2874 civitatem
2031 2852 2092 2874 leru-

1242 2895 1313 2916 salem
1331 2900 1431 2921 novam,
1449 2885 1613 2916 descedentem
1630 2892 1660 2914 de
1677 2892 1740 2913 caelo
1758 2894 1801 2914 etc.
1818 2892 1867 2914 Gal.
1886 2891 1911 2918 43
1930 2891 1973 2913 26:
1992 2891 2029 2913 illa
2051 2897 2092 2913 au-

1243 2936 1300 2960 tcui,
1318 2935 1378 2960 quae
1395 2939 1488 2955 sursum
1507 2935 1540 2954 est
1558 2931 1693 2957 ierusalem,
1712 2930 1782 2952 libera
1801 2933 1834 2953 est
1851 2931 1894 2952 etc.

1305 2970 1314 2983 Β
1332 2972 1391 2993 Vide
1409 2972 1475 2993 Num.
1494 2972 1534 2998 33,
1556 2971 1574 2992 1.
1591 2976 1658 2998 seqq.
