<?xml version="1.0" encoding="UTF-8"?>
<!DOCTYPE html PUBLIC "-//W3C//DTD XHTML 1.0 Transitional//EN"
    "http://www.w3.org/TR/xhtml1/DTD/xhtml1-transitional.dtd">
<html xmlns="http://www.w3.org/1999/xhtml" xml:lang="en" lang="en">
 <head>
  <title>
</title>
<meta http-equiv="Content-Type" content="text/html;charset=utf-8" />
  <meta name='ocr-system' content='tesseract 3.04.00' />
  <meta name='ocr-capabilities' content='ocr_page ocr_carea ocr_par ocr_line ocrx_word'/>
</head>
<body>
  <div class='ocr_page' id='page_1' title='image "./doctorisseraphic05bona/doctorisseraphic05bona_0131.png"; bbox 0 0 2285 3398; ppageno 0'>
   <div class='ocr_carea' id='block_1_1' title="bbox 680 160 1938 196">
    <p class='ocr_par' dir='ltr' id='par_1_1' title="bbox 680 160 1938 196">
     <span class='ocr_line' id='line_1_1' title="bbox 680 160 1938 196; baseline 0.002 -8"><span class='ocrx_word' id='word_1_1' title='bbox 680 161 720 188; x_wconf 77' lang='lat' dir='ltr'>DE</span> <span class='ocrx_word' id='word_1_2' title='bbox 745 160 912 189; x_wconf 71' lang='lat' dir='ltr'>Mi&#39;sTERlO</span> <span class='ocrx_word' id='word_1_3' title='bbox 933 160 1115 189; x_wconf 69' lang='lat' dir='ltr'>TleTATts</span> <span class='ocrx_word' id='word_1_4' title='bbox 1136 161 1271 196; x_wconf 62' lang='lat' dir='ltr'>Qt&#39;Aiis&#39;r.</span> <span class='ocrx_word' id='word_1_5' title='bbox 1296 161 1310 188; x_wconf 62' lang='lat' dir='ltr'>l.</span> <span class='ocrx_word' id='word_1_6' title='bbox 1335 162 1405 189; x_wconf 62' lang='lat' dir='ltr'>,mil</span> <span class='ocrx_word' id='word_1_7' title='bbox 1431 162 1456 189; x_wconf 96' lang='grc' dir='ltr'>ΙΙ.</span> <span class='ocrx_word' id='word_1_8' title='bbox 1905 164 1938 191; x_wconf 72' lang='lat'>55</span> 
     </span>
    </p>
   </div>
   <div class='ocr_carea' id='block_1_2' title="bbox 44 238 1039 2029">
    <p class='ocr_par' dir='ltr' id='par_1_2' title="bbox 44 238 1039 2029">
     <span class='ocr_line' id='line_1_2' title="bbox 191 238 1037 276; baseline 0 -10"><span class='ocrx_word' id='word_1_9' title='bbox 191 238 275 274; x_wconf 83' lang='lat' dir='ltr'>igitur</span> <span class='ocrx_word' id='word_1_10' title='bbox 296 241 425 267; x_wconf 85' lang='lat' dir='ltr'>creatura</span> <span class='ocrx_word' id='word_1_11' title='bbox 445 246 556 267; x_wconf 83' lang='lat' dir='ltr'>causam</span> <span class='ocrx_word' id='word_1_12' title='bbox 571 239 631 267; x_wconf 82' lang='lat' dir='ltr'>eins</span> <span class='ocrx_word' id='word_1_13' title='bbox 647 239 745 267; x_wconf 83' lang='lat' dir='ltr'>trinam</span> <span class='ocrx_word' id='word_1_14' title='bbox 768 239 901 273; x_wconf 84' lang='lat' dir='ltr'>ostendit,</span> <span class='ocrx_word' id='word_1_15' title='bbox 917 247 972 276; x_wconf 87' lang='lat' dir='ltr'>qua</span> <span class='ocrx_word' id='word_1_16' title='bbox 986 238 1037 272; x_wconf 79' lang='lat' dir='ltr'>sit,</span> 
     </span>
     <span class='ocr_line' id='line_1_3' title="bbox 189 284 1038 323; baseline 0 -9"><span class='ocrx_word' id='word_1_17' title='bbox 189 288 216 314; x_wconf 92' lang='lat' dir='ltr'>et</span> <span class='ocrx_word' id='word_1_18' title='bbox 247 293 303 322; x_wconf 86' lang='lat' dir='ltr'>qua</span> <span class='ocrx_word' id='word_1_19' title='bbox 324 284 376 313; x_wconf 80' lang='lat' dir='ltr'>ltoc</span> <span class='ocrx_word' id='word_1_20' title='bbox 395 285 449 320; x_wconf 83' lang='lat' dir='ltr'>sit,</span> <span class='ocrx_word' id='word_1_21' title='bbox 471 289 498 314; x_wconf 88' lang='lat' dir='ltr'>et</span> <span class='ocrx_word' id='word_1_22' title='bbox 519 294 575 323; x_wconf 90' lang='lat' dir='ltr'>qua</span> <span class='ocrx_word' id='word_1_23' title='bbox 596 285 652 314; x_wconf 74' lang='lat' dir='ltr'>sibi</span> <span class='ocrx_word' id='word_1_24' title='bbox 683 286 780 315; x_wconf 67' lang='lat' dir='ltr'>‹iniit-a</span> <span class='ocrx_word' id='word_1_25' title='bbox 812 286 867 318; x_wconf 80' lang='lat' dir='ltr'>sit,-</span> <span class='ocrx_word' id='word_1_26' title='bbox 894 289 1038 314; x_wconf 84' lang='lat' dir='ltr'>creaturae</span> 
     </span>
     <span class='ocr_line' id='line_1_4' title="bbox 191 332 1036 366; baseline 0 -6"><span class='ocrx_word' id='word_1_27' title='bbox 191 335 283 361; x_wconf 88' lang='lat' dir='ltr'>autem</span> <span class='ocrx_word' id='word_1_28' title='bbox 312 340 438 366; x_wconf 83' lang='lat' dir='ltr'>causam,</span> <span class='ocrx_word' id='word_1_29' title='bbox 462 332 513 361; x_wconf 87' lang='lat' dir='ltr'>hoc</span> <span class='ocrx_word' id='word_1_30' title='bbox 541 335 582 361; x_wconf 80' lang='lat' dir='ltr'>est</span> <span class='ocrx_word' id='word_1_31' title='bbox 611 336 767 366; x_wconf 76' lang='lat' dir='ltr'>auctorem,</span> <span class='ocrx_word' id='word_1_32' title='bbox 797 333 883 361; x_wconf 84' lang='lat' dir='ltr'>Deum</span> <span class='ocrx_word' id='word_1_33' title='bbox 912 332 1036 361; x_wconf 86' lang='lat' dir='ltr'>dicimus.</span> 
     </span>
     <span class='ocr_line' id='line_1_5' title="bbox 190 379 1037 417; baseline 0 -10"><span class='ocrx_word' id='word_1_34' title='bbox 190 379 305 416; x_wconf 76' lang='lat' dir='ltr'>Oportet</span> <span class='ocrx_word' id='word_1_35' title='bbox 319 387 385 417; x_wconf 83' lang='lat' dir='ltr'>ergo</span> <span class='ocrx_word' id='word_1_36' title='bbox 399 379 561 408; x_wconf 80' lang='lat' dir='ltr'>Trinitatem</span> <span class='ocrx_word' id='word_1_37' title='bbox 582 387 656 413; x_wconf 77' lang='lat' dir='ltr'>esse,</span> <span class='ocrx_word' id='word_1_38' title='bbox 676 388 731 416; x_wconf 88' lang='lat' dir='ltr'>qna</span> <span class='ocrx_word' id='word_1_39' title='bbox 747 379 813 407; x_wconf 91' lang='lat' dir='ltr'>nihil</span> <span class='ocrx_word' id='word_1_40' title='bbox 837 379 1037 416; x_wconf 69' lang='lat' dir='ltr'>praestantius,</span> 
     </span>
     <span class='ocr_line' id='line_1_6' title="bbox 190 425 1037 463; baseline 0 -9"><span class='ocrx_word' id='word_1_41' title='bbox 190 426 386 463; x_wconf 79' lang='lat' dir='ltr'>intelligentius</span> <span class='ocrx_word' id='word_1_42' title='bbox 411 429 437 455; x_wconf 88' lang='lat' dir='ltr'>et</span> <span class='ocrx_word' id='word_1_43' title='bbox 467 426 573 455; x_wconf 84' lang='lat' dir='ltr'>beatius</span> <span class='ocrx_word' id='word_1_44' title='bbox 599 427 719 463; x_wconf 68' lang='lat' dir='ltr'>perlecta</span> <span class='ocrx_word' id='word_1_45' title='bbox 741 425 810 455; x_wconf 85' lang='lat' dir='ltr'>ratio</span> <span class='ocrx_word' id='word_1_46' title='bbox 827 426 959 455; x_wconf 50' lang='lat' dir='ltr'>*invenire</span> <span class='ocrx_word' id='word_1_47' title='bbox 991 435 1037 462; x_wconf 84' lang='lat' dir='ltr'>po-</span> 
     </span>
     <span class='ocr_line' id='line_1_7' title="bbox 191 474 1038 511; baseline 0 -9"><span class='ocrx_word' id='word_1_48' title='bbox 191 476 280 502; x_wconf 86' lang='lat' dir='ltr'>test».</span> <span class='ocrx_word' id='word_1_49' title='bbox 304 474 343 501; x_wconf 85' lang='lat' dir='ltr'>Ex</span> <span class='ocrx_word' id='word_1_50' title='bbox 367 474 417 502; x_wconf 82' lang='lat' dir='ltr'>hoc</span> <span class='ocrx_word' id='word_1_51' title='bbox 445 474 563 502; x_wconf 72' lang='lat' dir='ltr'>ostendit</span> <span class='ocrx_word' id='word_1_52' title='bbox 595 474 779 511; x_wconf 73' lang='lat' dir='ltr'>Augustinus,</span> <span class='ocrx_word' id='word_1_53' title='bbox 805 474 879 511; x_wconf 87' lang='lat' dir='ltr'>qnod</span> <span class='ocrx_word' id='word_1_54' title='bbox 910 476 1038 502; x_wconf 83' lang='lat' dir='ltr'>creatura</span> 
     </span>
     <span class='ocr_line' id='line_1_8' title="bbox 191 520 1038 558; baseline 0.001 -10"><span class='ocrx_word' id='word_1_55' title='bbox 191 523 264 549; x_wconf 85' lang='lat' dir='ltr'>tenet</span> <span class='ocrx_word' id='word_1_56' title='bbox 296 520 429 549; x_wconf 81' lang='lat' dir='ltr'>rationem</span> <span class='ocrx_word' id='word_1_57' title='bbox 453 521 580 558; x_wconf 58' lang='lat' dir='ltr'>ethipii,</span> <span class='ocrx_word' id='word_1_58' title='bbox 603 530 673 558; x_wconf 80' lang='lat' dir='ltr'>qnae</span> <span class='ocrx_word' id='word_1_59' title='bbox 706 524 837 553; x_wconf 76' lang='lat' dir='ltr'>testatur,</span> <span class='ocrx_word' id='word_1_60' title='bbox 860 522 947 549; x_wconf 84' lang='lat' dir='ltr'>Deum</span> <span class='ocrx_word' id='word_1_61' title='bbox 979 529 1038 549; x_wconf 77' lang='lat' dir='ltr'>esse</span> 
     </span>
     <span class='ocr_line' id='line_1_9' title="bbox 192 567 304 596; baseline 0.009 -1"><span class='ocrx_word' id='word_1_62' title='bbox 192 567 304 596; x_wconf 92' lang='lat' dir='ltr'>trinum.</span> 
     </span>
     <span class='ocr_line' id='line_1_10' title="bbox 269 615 1037 652; baseline 0.003 -10"><span class='ocrx_word' id='word_1_63' title='bbox 269 615 314 643; x_wconf 90' lang='lat' dir='ltr'>llla</span> <span class='ocrx_word' id='word_1_64' title='bbox 336 623 402 643; x_wconf 87' lang='lat' dir='ltr'>vero</span> <span class='ocrx_word' id='word_1_65' title='bbox 423 619 567 650; x_wconf 69' lang='lat' dir='ltr'>creatura,</span> <span class='ocrx_word' id='word_1_66' title='bbox 589 624 660 652; x_wconf 85' lang='lat' dir='ltr'>quae</span> <span class='ocrx_word' id='word_1_67' title='bbox 683 619 756 644; x_wconf 78' lang='lat' dir='ltr'>tenet</span> <span class='ocrx_word' id='word_1_68' title='bbox 778 616 910 644; x_wconf 85' lang='lat' dir='ltr'>rationem</span> <span class='ocrx_word' id='word_1_69' title='bbox 932 615 1037 652; x_wconf 68' lang='lat' dir='ltr'>imayi-</span> 
     </span>
     <span class='ocr_line' id='line_1_11' title="bbox 56 662 1038 698; baseline 0 -8"><span class='ocrx_word' id='word_1_70' title='bbox 56 662 252 696; x_wconf 73' lang='lat' dir='ltr'>Secundum-nis,</span> <span class='ocrx_word' id='word_1_71' title='bbox 275 665 370 698; x_wconf 80' lang='lat' dir='ltr'>utpote</span> <span class='ocrx_word' id='word_1_72' title='bbox 397 663 604 697; x_wconf 85' lang='lat' dir='ltr'>intellectualis,</span> <span class='ocrx_word' id='word_1_73' title='bbox 626 663 713 691; x_wconf 82' lang='lat' dir='ltr'>Deinn</span> <span class='ocrx_word' id='word_1_74' title='bbox 739 671 797 691; x_wconf 84' lang='lat' dir='ltr'>esse</span> <span class='ocrx_word' id='word_1_75' title='bbox 826 663 930 691; x_wconf 91' lang='lat' dir='ltr'>trinum</span> <span class='ocrx_word' id='word_1_76' title='bbox 957 665 1038 691; x_wconf 86' lang='lat' dir='ltr'>testa-</span> 
     </span>
     <span class='ocr_line' id='line_1_12' title="bbox 191 709 1039 748; baseline 0.001 -11"><span class='ocrx_word' id='word_1_77' title='bbox 191 712 238 737; x_wconf 92' lang='lat' dir='ltr'>tur</span> <span class='ocrx_word' id='word_1_78' title='bbox 259 709 338 746; x_wconf 90' lang='lat' dir='ltr'>quasi</span> <span class='ocrx_word' id='word_1_79' title='bbox 360 710 393 737; x_wconf 66' lang='lat' dir='ltr'>(Ie</span> <span class='ocrx_word' id='word_1_80' title='bbox 422 710 605 748; x_wconf 54' lang='lat' dir='ltr'>propinqum</span> <span class='ocrx_word' id='word_1_81' title='bbox 628 710 693 747; x_wconf 84' lang='lat' dir='ltr'>quia</span> <span class='ocrx_word' id='word_1_82' title='bbox 725 710 823 747; x_wconf 68' lang='lat' dir='ltr'>imayo</span> <span class='ocrx_word' id='word_1_83' title='bbox 844 712 885 739; x_wconf 88' lang='lat' dir='ltr'>est</span> <span class='ocrx_word' id='word_1_84' title='bbox 905 717 1039 746; x_wconf 86' lang='lat' dir='ltr'>expressa</span> 
     </span>
     <span class='ocr_line' id='line_1_13' title="bbox 191 756 1038 786; baseline 0.001 -2"><span class='ocrx_word' id='word_1_85' title='bbox 191 756 348 785; x_wconf 83' lang='lat' dir='ltr'>similitudo.</span> <span class='ocrx_word' id='word_1_86' title='bbox 373 757 457 785; x_wconf 81' lang='lat' dir='ltr'>Habet</span> <span class='ocrx_word' id='word_1_87' title='bbox 478 757 550 786; x_wconf 93' lang='lat' dir='ltr'>enim</span> <span class='ocrx_word' id='word_1_88' title='bbox 572 760 701 785; x_wconf 86' lang='lat' dir='ltr'>creatura</span> <span class='ocrx_word' id='word_1_89' title='bbox 723 757 914 786; x_wconf 81' lang='lat' dir='ltr'>intellectualis</span> <span class='ocrx_word' id='word_1_90' title='bbox 934 765 1038 785; x_wconf 78' lang='lat' dir='ltr'>memo-</span> 
     </span>
     <span class='ocr_line' id='line_1_14' title="bbox 190 803 1037 841; baseline 0.001 -10"><span class='ocrx_word' id='word_1_91' title='bbox 190 803 287 835; x_wconf 81' lang='lat' dir='ltr'>riam,</span> <span class='ocrx_word' id='word_1_92' title='bbox 310 803 528 841; x_wconf 63' lang='lat' dir='ltr'>intelligentiam</span> <span class='ocrx_word' id='word_1_93' title='bbox 560 807 586 832; x_wconf 83' lang='lat' dir='ltr'>et</span> <span class='ocrx_word' id='word_1_94' title='bbox 616 804 808 837; x_wconf 79' lang='lat' dir='ltr'>volantatem,</span> <span class='ocrx_word' id='word_1_95' title='bbox 831 812 880 833; x_wconf 84' lang='lat' dir='ltr'>seu</span> <span class='ocrx_word' id='word_1_96' title='bbox 901 807 1037 837; x_wconf 74' lang='lat' dir='ltr'>mentem,</span> 
     </span>
     <span class='ocr_line' id='line_1_15' title="bbox 190 850 1037 887; baseline 0.001 -9"><span class='ocrx_word' id='word_1_97' title='bbox 190 850 325 879; x_wconf 76' lang='lat' dir='ltr'>notitiam</span> <span class='ocrx_word' id='word_1_98' title='bbox 347 854 373 879; x_wconf 88' lang='lat' dir='ltr'>et</span> <span class='ocrx_word' id='word_1_99' title='bbox 395 859 541 879; x_wconf 80' lang='lat' dir='ltr'>amorem:</span> <span class='ocrx_word' id='word_1_100' title='bbox 563 854 680 879; x_wconf 80' lang='lat' dir='ltr'>mentem</span> <span class='ocrx_word' id='word_1_101' title='bbox 709 851 741 879; x_wconf 84' lang='lat' dir='ltr'>ad</span> <span class='ocrx_word' id='word_1_102' title='bbox 767 851 878 879; x_wconf 85' lang='lat' dir='ltr'>modum</span> <span class='ocrx_word' id='word_1_103' title='bbox 901 851 1037 887; x_wconf 83' lang='lat' dir='ltr'>parentis,</span> 
     </span>
     <span class='ocr_line' id='line_1_16' title="bbox 190 897 1038 934; baseline 0 -9"><span class='ocrx_word' id='word_1_104' title='bbox 190 897 324 926; x_wconf 85' lang='lat' dir='ltr'>notitiam</span> <span class='ocrx_word' id='word_1_105' title='bbox 345 897 378 925; x_wconf 87' lang='lat' dir='ltr'>ad</span> <span class='ocrx_word' id='word_1_106' title='bbox 400 898 511 926; x_wconf 90' lang='lat' dir='ltr'>modum</span> <span class='ocrx_word' id='word_1_107' title='bbox 534 898 635 934; x_wconf 85' lang='lat' dir='ltr'>prolis,</span> <span class='ocrx_word' id='word_1_108' title='bbox 658 906 787 927; x_wconf 80' lang='lat' dir='ltr'>amorem</span> <span class='ocrx_word' id='word_1_109' title='bbox 809 898 842 926; x_wconf 88' lang='lat' dir='ltr'>ad</span> <span class='ocrx_word' id='word_1_110' title='bbox 864 897 976 926; x_wconf 87' lang='lat' dir='ltr'>modum</span> <span class='ocrx_word' id='word_1_111' title='bbox 992 905 1038 926; x_wconf 94' lang='lat' dir='ltr'>ne-</span> 
     </span>
     <span class='ocr_line' id='line_1_17' title="bbox 192 944 1038 981; baseline -0.001 -8"><span class='ocrx_word' id='word_1_112' title='bbox 192 953 246 973; x_wconf 83' lang='lat' dir='ltr'>xus</span> <span class='ocrx_word' id='word_1_113' title='bbox 267 944 301 972; x_wconf 88' lang='lat' dir='ltr'>ab</span> <span class='ocrx_word' id='word_1_114' title='bbox 325 947 445 981; x_wconf 90' lang='lat' dir='ltr'>utroque</span> <span class='ocrx_word' id='word_1_115' title='bbox 467 944 640 980; x_wconf 83' lang='lat' dir='ltr'>procedentis</span> <span class='ocrx_word' id='word_1_116' title='bbox 660 947 687 973; x_wconf 88' lang='lat' dir='ltr'>et</span> <span class='ocrx_word' id='word_1_117' title='bbox 710 948 860 981; x_wconf 90' lang='lat' dir='ltr'>utrumque</span> <span class='ocrx_word' id='word_1_118' title='bbox 875 947 1038 972; x_wconf 77' lang='lat' dir='ltr'>connecten-</span> 
     </span>
     <span class='ocr_line' id='line_1_18' title="bbox 191 990 1038 1028; baseline -0.001 -9"><span class='ocrx_word' id='word_1_119' title='bbox 191 991 240 1025; x_wconf 90' lang='lat' dir='ltr'>tis;</span> <span class='ocrx_word' id='word_1_120' title='bbox 264 999 317 1019; x_wconf 94' lang='lat' dir='ltr'>non</span> <span class='ocrx_word' id='word_1_121' title='bbox 339 991 412 1019; x_wconf 87' lang='lat' dir='ltr'>enim</span> <span class='ocrx_word' id='word_1_122' title='bbox 434 994 523 1028; x_wconf 88' lang='lat' dir='ltr'>potest</span> <span class='ocrx_word' id='word_1_123' title='bbox 544 999 621 1020; x_wconf 91' lang='lat' dir='ltr'>mens</span> <span class='ocrx_word' id='word_1_124' title='bbox 636 999 690 1019; x_wconf 93' lang='lat' dir='ltr'>non</span> <span class='ocrx_word' id='word_1_125' title='bbox 705 999 797 1019; x_wconf 86' lang='lat' dir='ltr'>amare</span> <span class='ocrx_word' id='word_1_126' title='bbox 819 990 949 1024; x_wconf 88' lang='lat' dir='ltr'>verbum,</span> <span class='ocrx_word' id='word_1_127' title='bbox 964 990 1038 1027; x_wconf 90' lang='lat' dir='ltr'>qnod</span> 
     </span>
     <span class='ocr_line' id='line_1_19' title="bbox 192 1037 1038 1075; baseline -0.004 -8"><span class='ocrx_word' id='word_1_128' title='bbox 192 1041 313 1075; x_wconf 78' lang='lat' dir='ltr'>generat.</span> <span class='ocrx_word' id='word_1_129' title='bbox 337 1038 364 1066; x_wconf 94' lang='lat' dir='ltr'>ln</span> <span class='ocrx_word' id='word_1_130' title='bbox 387 1038 418 1066; x_wconf 87' lang='lat' dir='ltr'>iis</span> <span class='ocrx_word' id='word_1_131' title='bbox 440 1041 532 1067; x_wconf 90' lang='lat' dir='ltr'>autem</span> <span class='ocrx_word' id='word_1_132' title='bbox 554 1046 607 1066; x_wconf 91' lang='lat' dir='ltr'>non</span> <span class='ocrx_word' id='word_1_133' title='bbox 641 1041 747 1066; x_wconf 87' lang='lat' dir='ltr'>tantum</span> <span class='ocrx_word' id='word_1_134' title='bbox 776 1037 926 1073; x_wconf 81' lang='lat' dir='ltr'>attenditur</span> <span class='ocrx_word' id='word_1_135' title='bbox 955 1037 1038 1074; x_wconf 71' lang='lat' dir='ltr'>oriqo</span> 
     </span>
     <span class='ocr_line' id='line_1_20' title="bbox 192 1084 1038 1122; baseline -0.002 -9"><span class='ocrx_word' id='word_1_136' title='bbox 192 1088 219 1114; x_wconf 90' lang='lat' dir='ltr'>et</span> <span class='ocrx_word' id='word_1_137' title='bbox 239 1085 389 1119; x_wconf 77' lang='lat' dir='ltr'>emanatio,</span> <span class='ocrx_word' id='word_1_138' title='bbox 415 1093 462 1122; x_wconf 84' lang='lat' dir='ltr'>per</span> <span class='ocrx_word' id='word_1_139' title='bbox 484 1094 567 1122; x_wconf 89' lang='lat' dir='ltr'>quam</span> <span class='ocrx_word' id='word_1_140' title='bbox 589 1088 629 1114; x_wconf 83' lang='lat' dir='ltr'>est</span> <span class='ocrx_word' id='word_1_141' title='bbox 651 1085 678 1113; x_wconf 92' lang='lat' dir='ltr'>in</span> <span class='ocrx_word' id='word_1_142' title='bbox 699 1085 738 1114; x_wconf 91' lang='lat' dir='ltr'>eis</span> <span class='ocrx_word' id='word_1_143' title='bbox 764 1084 917 1118; x_wconf 74' lang='lat' dir='ltr'>distinctio,</span> <span class='ocrx_word' id='word_1_144' title='bbox 940 1091 1038 1112; x_wconf 89' lang='lat' dir='ltr'>verum</span> 
     </span>
     <span class='ocr_line' id='line_1_21' title="bbox 190 1131 1038 1170; baseline -0.002 -10"><span class='ocrx_word' id='word_1_145' title='bbox 190 1132 273 1161; x_wconf 89' lang='lat' dir='ltr'>etiam</span> <span class='ocrx_word' id='word_1_146' title='bbox 295 1132 459 1170; x_wconf 75' lang='lat' dir='ltr'>aequalitas</span> <span class='ocrx_word' id='word_1_147' title='bbox 471 1131 479 1146; x_wconf 93' lang='lat'><strong>¹</strong></span> <span class='ocrx_word' id='word_1_148' title='bbox 499 1135 526 1161; x_wconf 86' lang='lat' dir='ltr'>et</span> <span class='ocrx_word' id='word_1_149' title='bbox 540 1131 828 1161; x_wconf 73' lang='lat' dir='ltr'>consubstantialitas</span> <span class='ocrx_word' id='word_1_150' title='bbox 842 1134 869 1159; x_wconf 91' lang='lat' dir='ltr'>et</span> <span class='ocrx_word' id='word_1_151' title='bbox 884 1131 1038 1167; x_wconf 75' lang='lat' dir='ltr'>insepara-</span> 
     </span>
     <span class='ocr_line' id='line_1_22' title="bbox 190 1177 1038 1217; baseline -0.002 -10"><span class='ocrx_word' id='word_1_152' title='bbox 190 1178 304 1213; x_wconf 75' lang='lat' dir='ltr'>bilitas,</span> <span class='ocrx_word' id='word_1_153' title='bbox 337 1187 373 1207; x_wconf 82' lang='lat' dir='ltr'>ex</span> <span class='ocrx_word' id='word_1_154' title='bbox 405 1178 508 1216; x_wconf 85' lang='lat' dir='ltr'>quibus</span> <span class='ocrx_word' id='word_1_155' title='bbox 539 1186 673 1216; x_wconf 87' lang='lat' dir='ltr'>expresso</span> <span class='ocrx_word' id='word_1_156' title='bbox 706 1177 860 1207; x_wconf 90' lang='lat' dir='ltr'>testimonio</span> <span class='ocrx_word' id='word_1_157' title='bbox 886 1177 1038 1217; x_wconf 74' lang='lat' dir='ltr'>clamatur,</span> 
     </span>
     <span class='ocr_line' id='line_1_23' title="bbox 190 1224 1038 1262; baseline -0.004 -7"><span class='ocrx_word' id='word_1_158' title='bbox 190 1227 278 1255; x_wconf 85' lang='lat' dir='ltr'>Deum</span> <span class='ocrx_word' id='word_1_159' title='bbox 300 1234 360 1255; x_wconf 86' lang='lat' dir='ltr'>esse</span> <span class='ocrx_word' id='word_1_160' title='bbox 382 1226 495 1255; x_wconf 90' lang='lat' dir='ltr'>trinum.</span> <span class='ocrx_word' id='word_1_161' title='bbox 517 1226 586 1255; x_wconf 92' lang='lat' dir='ltr'>Cum</span> <span class='ocrx_word' id='word_1_162' title='bbox 607 1226 679 1254; x_wconf 90' lang='lat' dir='ltr'>enim</span> <span class='ocrx_word' id='word_1_163' title='bbox 701 1225 735 1254; x_wconf 92' lang='lat' dir='ltr'>sit</span> <span class='ocrx_word' id='word_1_164' title='bbox 756 1225 870 1262; x_wconf 77' lang='lat' dir='ltr'>spiritus</span> <span class='ocrx_word' id='word_1_165' title='bbox 891 1227 918 1253; x_wconf 86' lang='lat' dir='ltr'>et</span> <span class='ocrx_word' id='word_1_166' title='bbox 933 1224 1038 1253; x_wconf 89' lang='lat' dir='ltr'>intelle—</span> 
     </span>
     <span class='ocr_line' id='line_1_24' title="bbox 189 1273 1039 1311; baseline -0.004 -8"><span class='ocrx_word' id='word_1_167' title='bbox 189 1277 269 1310; x_wconf 67' lang='lat' dir='ltr'>ctus,</span> <span class='ocrx_word' id='word_1_168' title='bbox 288 1282 342 1302; x_wconf 92' lang='lat' dir='ltr'>non</span> <span class='ocrx_word' id='word_1_169' title='bbox 364 1277 453 1311; x_wconf 91' lang='lat' dir='ltr'>potest</span> <span class='ocrx_word' id='word_1_170' title='bbox 474 1281 569 1302; x_wconf 89' lang='lat' dir='ltr'>carere</span> <span class='ocrx_word' id='word_1_171' title='bbox 590 1273 675 1302; x_wconf 86' lang='lat' dir='ltr'>verbo</span> <span class='ocrx_word' id='word_1_172' title='bbox 696 1273 788 1310; x_wconf 87' lang='lat' dir='ltr'>genito</span> <span class='ocrx_word' id='word_1_173' title='bbox 809 1275 836 1301; x_wconf 89' lang='lat' dir='ltr'>et</span> <span class='ocrx_word' id='word_1_174' title='bbox 856 1279 950 1301; x_wconf 86' lang='lat' dir='ltr'>amore</span> <span class='ocrx_word' id='word_1_175' title='bbox 975 1280 1039 1309; x_wconf 92' lang='lat' dir='ltr'>pro-</span> 
     </span>
     <span class='ocr_line' id='line_1_25' title="bbox 189 1319 1039 1358; baseline -0.004 -8"><span class='ocrx_word' id='word_1_176' title='bbox 189 1321 309 1355; x_wconf 83' lang='lat' dir='ltr'>cessivo,</span> <span class='ocrx_word' id='word_1_177' title='bbox 332 1321 360 1349; x_wconf 94' lang='lat' dir='ltr'>in</span> <span class='ocrx_word' id='word_1_178' title='bbox 381 1321 492 1358; x_wconf 79' lang='lat' dir='ltr'>quibns&#39;</span> <span class='ocrx_word' id='word_1_179' title='bbox 515 1321 550 1350; x_wconf 88' lang='lat' dir='ltr'>sit</span> <span class='ocrx_word' id='word_1_180' title='bbox 576 1320 715 1349; x_wconf 90' lang='lat' dir='ltr'>distinctio</span> <span class='ocrx_word' id='word_1_181' title='bbox 746 1320 851 1348; x_wconf 86' lang='lat' dir='ltr'>ratione</span> <span class='ocrx_word' id='word_1_182' title='bbox 877 1319 991 1357; x_wconf 85' lang='lat' dir='ltr'>originis</span> <span class='ocrx_word' id='word_1_183' title='bbox 1012 1322 1039 1348; x_wconf 96' lang='lat' dir='ltr'>et</span> 
     </span>
     <span class='ocr_line' id='line_1_26' title="bbox 188 1367 1038 1402; baseline -0.002 -5"><span class='ocrx_word' id='word_1_184' title='bbox 188 1368 369 1397; x_wconf 78' lang='lat' dir='ltr'>emanationis</span> <span class='ocrx_word' id='word_1_185' title='bbox 400 1368 484 1397; x_wconf 87' lang='lat' dir='ltr'>unius</span> <span class='ocrx_word' id='word_1_186' title='bbox 514 1368 548 1397; x_wconf 92' lang='lat' dir='ltr'>ab</span> <span class='ocrx_word' id='word_1_187' title='bbox 579 1368 681 1402; x_wconf 83' lang='lat' dir='ltr'>altero,</span> <span class='ocrx_word' id='word_1_188' title='bbox 703 1367 760 1396; x_wconf 88' lang='lat' dir='ltr'>sive</span> <span class='ocrx_word' id='word_1_189' title='bbox 781 1367 862 1395; x_wconf 85' lang='lat' dir='ltr'>etiam</span> <span class='ocrx_word' id='word_1_190' title='bbox 894 1375 957 1395; x_wconf 87' lang='lat' dir='ltr'>cum</span> <span class='ocrx_word' id='word_1_191' title='bbox 986 1367 1038 1395; x_wconf 87' lang='lat' dir='ltr'>hoc</span> 
     </span>
     <span class='ocr_line' id='line_1_27' title="bbox 190 1410 1037 1453; baseline -0.004 -8"><span class='ocrx_word' id='word_1_192' title='bbox 190 1416 355 1453; x_wconf 76' lang='lat' dir='ltr'>aequalitas</span> <span class='ocrx_word' id='word_1_193' title='bbox 377 1419 404 1445; x_wconf 93' lang='lat' dir='ltr'>et</span> <span class='ocrx_word' id='word_1_194' title='bbox 425 1410 716 1444; x_wconf 58' lang='lat' dir='ltr'>consubstantialitas</span> <span class='ocrx_word' id='word_1_195' title='bbox 736 1418 763 1444; x_wconf 90' lang='lat' dir='ltr'>et</span> <span class='ocrx_word' id='word_1_196' title='bbox 789 1414 1037 1451; x_wconf 76' lang='lat' dir='ltr'>inseparabilitas.</span> 
     </span>
     <span class='ocr_line' id='line_1_28' title="bbox 190 1462 1038 1500; baseline -0.002 -8"><span class='ocrx_word' id='word_1_197' title='bbox 190 1464 220 1492; x_wconf 89' lang='lat' dir='ltr'>Et</span> <span class='ocrx_word' id='word_1_198' title='bbox 242 1464 294 1492; x_wconf 87' lang='lat' dir='ltr'>hoc</span> <span class='ocrx_word' id='word_1_199' title='bbox 309 1467 362 1498; x_wconf 88' lang='lat' dir='ltr'>est,</span> <span class='ocrx_word' id='word_1_200' title='bbox 378 1462 452 1500; x_wconf 89' lang='lat' dir='ltr'>qnod</span> <span class='ocrx_word' id='word_1_201' title='bbox 466 1462 581 1491; x_wconf 84' lang='lat' dir='ltr'>intendit</span> <span class='ocrx_word' id='word_1_202' title='bbox 595 1462 764 1499; x_wconf 76' lang='lat' dir='ltr'>Augustinus</span> <span class='ocrx_word' id='word_1_203' title='bbox 782 1465 909 1490; x_wconf 83' lang='lat' dir='ltr'>astruere</span> <span class='ocrx_word' id='word_1_204' title='bbox 924 1462 951 1490; x_wconf 91' lang='lat' dir='ltr'>in</span> <span class='ocrx_word' id='word_1_205' title='bbox 966 1470 1038 1490; x_wconf 89' lang='lat' dir='ltr'>nono</span> 
     </span>
     <span class='ocr_line' id='line_1_29' title="bbox 192 1508 1039 1546; baseline -0.002 -7"><span class='ocrx_word' id='word_1_206' title='bbox 192 1511 262 1539; x_wconf 84' lang='lat' dir='ltr'>libro</span> <span class='ocrx_word' id='word_1_207' title='bbox 283 1510 316 1539; x_wconf 91' lang='lat' dir='ltr'>de</span> <span class='ocrx_word' id='word_1_208' title='bbox 337 1509 470 1538; x_wconf 88' lang='lat' dir='ltr'>Trinitate</span> <span class='ocrx_word' id='word_1_209' title='bbox 491 1516 580 1546; x_wconf 89' lang='lat' dir='ltr'>usque</span> <span class='ocrx_word' id='word_1_210' title='bbox 602 1508 629 1538; x_wconf 91' lang='lat' dir='ltr'>in</span> <span class='ocrx_word' id='word_1_211' title='bbox 651 1509 747 1543; x_wconf 85' lang='lat' dir='ltr'>finem,</span> <span class='ocrx_word' id='word_1_212' title='bbox 769 1509 888 1546; x_wconf 78' lang='lat' dir='ltr'>qualiter</span> <span class='ocrx_word' id='word_1_213' title='bbox 914 1509 1039 1538; x_wconf 86' lang='lat' dir='ltr'>videlicet</span> 
     </span>
     <span class='ocr_line' id='line_1_30' title="bbox 190 1556 1038 1595; baseline 0 -10"><span class='ocrx_word' id='word_1_214' title='bbox 190 1566 239 1595; x_wconf 84' lang='lat' dir='ltr'>per</span> <span class='ocrx_word' id='word_1_215' title='bbox 261 1557 409 1594; x_wconf 82' lang='lat' dir='ltr'>imaginem</span> <span class='ocrx_word' id='word_1_216' title='bbox 430 1559 551 1585; x_wconf 86' lang='lat' dir='ltr'>creatam</span> <span class='ocrx_word' id='word_1_217' title='bbox 577 1556 765 1585; x_wconf 88' lang='lat' dir='ltr'>testimonium</span> <span class='ocrx_word' id='word_1_218' title='bbox 796 1556 921 1585; x_wconf 80' lang='lat' dir='ltr'>redditur</span> <span class='ocrx_word' id='word_1_219' title='bbox 950 1557 1038 1585; x_wconf 91' lang='lat' dir='ltr'>Trini—</span> 
     </span>
     <span class='ocr_line' id='line_1_31' title="bbox 44 1603 1038 1641; baseline 0 -9"><span class='ocrx_word' id='word_1_220' title='bbox 44 1609 180 1629; x_wconf 63' lang='lat' dir='ltr'>Gerellanum·</span> <span class='ocrx_word' id='word_1_221' title='bbox 192 1604 237 1632; x_wconf 89' lang='lat' dir='ltr'>tati</span> <span class='ocrx_word' id='word_1_222' title='bbox 260 1606 388 1633; x_wconf 89' lang='lat' dir='ltr'>aeternae</span> <span class='ocrx_word' id='word_1_223' title='bbox 400 1604 419 1631; x_wconf 76' lang='lat'>².</span> <span class='ocrx_word' id='word_1_224' title='bbox 442 1620 478 1624; x_wconf 97' lang='lat'><strong>—</strong></span> <span class='ocrx_word' id='word_1_225' title='bbox 501 1604 554 1633; x_wconf 89' lang='lat' dir='ltr'>Hoc</span> <span class='ocrx_word' id='word_1_226' title='bbox 575 1606 668 1632; x_wconf 91' lang='lat' dir='ltr'>autem</span> <span class='ocrx_word' id='word_1_227' title='bbox 688 1603 829 1641; x_wconf 85' lang='lat' dir='ltr'>geminum</span> <span class='ocrx_word' id='word_1_228' title='bbox 851 1604 1038 1632; x_wconf 84' lang='lat' dir='ltr'>testimonium</span> 
     </span>
     <span class='ocr_line' id='line_1_32' title="bbox 190 1651 1038 1685; baseline -0.001 -5"><span class='ocrx_word' id='word_1_229' title='bbox 190 1651 259 1680; x_wconf 84' lang='lat' dir='ltr'>libri</span> <span class='ocrx_word' id='word_1_230' title='bbox 278 1654 406 1680; x_wconf 80' lang='lat' dir='ltr'>naturae</span> <span class='ocrx_word' id='word_1_231' title='bbox 426 1651 527 1680; x_wconf 86' lang='lat' dir='ltr'>efficax</span> <span class='ocrx_word' id='word_1_232' title='bbox 548 1654 608 1680; x_wconf 88' lang='lat' dir='ltr'>erat</span> <span class='ocrx_word' id='word_1_233' title='bbox 629 1651 657 1680; x_wconf 90' lang='lat' dir='ltr'>in</span> <span class='ocrx_word' id='word_1_234' title='bbox 679 1654 753 1680; x_wconf 86' lang='lat' dir='ltr'>statu</span> <span class='ocrx_word' id='word_1_235' title='bbox 768 1654 883 1680; x_wconf 86' lang='lat' dir='ltr'>naturae</span> <span class='ocrx_word' id='word_1_236' title='bbox 904 1651 1038 1685; x_wconf 87' lang='lat' dir='ltr'>conditae,</span> 
     </span>
     <span class='ocr_line' id='line_1_33' title="bbox 189 1698 1038 1736; baseline -0.001 -9"><span class='ocrx_word' id='word_1_237' title='bbox 189 1698 299 1736; x_wconf 89' lang='lat' dir='ltr'>quando</span> <span class='ocrx_word' id='word_1_238' title='bbox 319 1706 369 1728; x_wconf 80' lang='lat' dir='ltr'>nec</span> <span class='ocrx_word' id='word_1_239' title='bbox 391 1698 461 1727; x_wconf 87' lang='lat' dir='ltr'>liber</span> <span class='ocrx_word' id='word_1_240' title='bbox 482 1699 533 1728; x_wconf 91' lang='lat' dir='ltr'>iste</span> <span class='ocrx_word' id='word_1_241' title='bbox 553 1699 690 1728; x_wconf 90' lang='lat' dir='ltr'>obscurus</span> <span class='ocrx_word' id='word_1_242' title='bbox 711 1701 786 1732; x_wconf 82' lang='lat' dir='ltr'>erat,</span> <span class='ocrx_word' id='word_1_243' title='bbox 806 1706 856 1727; x_wconf 87' lang='lat' dir='ltr'>nec</span> <span class='ocrx_word' id='word_1_244' title='bbox 870 1698 968 1726; x_wconf 90' lang='lat' dir='ltr'>oculus</span> <span class='ocrx_word' id='word_1_245' title='bbox 990 1698 1038 1726; x_wconf 85' lang='grc'>110-</span> 
     </span>
     <span class='ocr_line' id='line_1_34' title="bbox 185 1743 1039 1784; baseline -0.002 -9"><span class='ocrx_word' id='word_1_246' title='bbox 185 1746 267 1775; x_wconf 90' lang='lat' dir='ltr'>minis</span> <span class='ocrx_word' id='word_1_247' title='bbox 288 1746 463 1784; x_wconf 81' lang='lat' dir='ltr'>caligaverat.</span> <span class='ocrx_word' id='word_1_248' title='bbox 485 1746 554 1775; x_wconf 92' lang='lat' dir='ltr'>Cum</span> <span class='ocrx_word' id='word_1_249' title='bbox 579 1754 645 1775; x_wconf 91' lang='lat' dir='ltr'>vero</span> <span class='ocrx_word' id='word_1_250' title='bbox 674 1754 723 1783; x_wconf 86' lang='lat' dir='ltr'>per</span> <span class='ocrx_word' id='word_1_251' title='bbox 754 1743 898 1782; x_wconf 77' lang='lat' dir='ltr'>peccatum</span> <span class='ocrx_word' id='word_1_252' title='bbox 920 1745 1039 1773; x_wconf 90' lang='lat' dir='ltr'>hominis</span> 
     </span>
     <span class='ocr_line' id='line_1_35' title="bbox 185 1792 1038 1831; baseline -0.002 -8"><span class='ocrx_word' id='word_1_253' title='bbox 185 1794 284 1823; x_wconf 86' lang='lat' dir='ltr'>oculus</span> <span class='ocrx_word' id='word_1_254' title='bbox 305 1794 448 1831; x_wconf 79' lang='lat' dir='ltr'>caligavit,</span> <span class='ocrx_word' id='word_1_255' title='bbox 470 1793 614 1830; x_wconf 87' lang='lat' dir='ltr'>speculum</span> <span class='ocrx_word' id='word_1_256' title='bbox 635 1793 704 1821; x_wconf 90' lang='lat' dir='ltr'>illud</span> <span class='ocrx_word' id='word_1_257' title='bbox 724 1793 827 1821; x_wconf 87' lang='lat' dir='ltr'>factum</span> <span class='ocrx_word' id='word_1_258' title='bbox 845 1795 887 1821; x_wconf 86' lang='lat' dir='ltr'>est</span> <span class='ocrx_word' id='word_1_259' title='bbox 901 1792 1038 1829; x_wconf 78' lang='lat' dir='ltr'>aenigma-</span> 
     </span>
     <span class='ocr_line' id='line_1_36' title="bbox 187 1840 1039 1877; baseline -0.002 -7"><span class='ocrx_word' id='word_1_260' title='bbox 187 1841 273 1870; x_wconf 90' lang='lat' dir='ltr'>ticum</span> <span class='ocrx_word' id='word_1_261' title='bbox 294 1844 321 1870; x_wconf 90' lang='lat' dir='ltr'>et</span> <span class='ocrx_word' id='word_1_262' title='bbox 342 1841 509 1875; x_wconf 82' lang='lat' dir='ltr'>obscurum,</span> <span class='ocrx_word' id='word_1_263' title='bbox 531 1843 558 1869; x_wconf 88' lang='lat' dir='ltr'>et</span> <span class='ocrx_word' id='word_1_264' title='bbox 579 1840 656 1876; x_wconf 89' lang='lat' dir='ltr'>auris</span> <span class='ocrx_word' id='word_1_265' title='bbox 676 1840 871 1877; x_wconf 84' lang='lat' dir='ltr'>intelligentiae</span> <span class='ocrx_word' id='word_1_266' title='bbox 900 1840 1039 1869; x_wconf 87' lang='lat' dir='ltr'>interioris</span> 
     </span>
     <span class='ocr_line' id='line_1_37' title="bbox 186 1887 1039 1917; baseline -0.001 0"><span class='ocrx_word' id='word_1_267' title='bbox 186 1888 334 1917; x_wconf 84' lang='lat' dir='ltr'>obsurduit</span> <span class='ocrx_word' id='word_1_268' title='bbox 355 1887 390 1916; x_wconf 87' lang='lat' dir='ltr'>ad</span> <span class='ocrx_word' id='word_1_269' title='bbox 412 1887 480 1916; x_wconf 90' lang='lat' dir='ltr'>illud</span> <span class='ocrx_word' id='word_1_270' title='bbox 510 1887 697 1916; x_wconf 90' lang='lat' dir='ltr'>testimonium</span> <span class='ocrx_word' id='word_1_271' title='bbox 722 1887 903 1916; x_wconf 82' lang='lat' dir='ltr'>audiendum.</span> <span class='ocrx_word' id='word_1_272' title='bbox 927 1887 958 1915; x_wconf 84' lang='lat' dir='ltr'>Et</span> <span class='ocrx_word' id='word_1_273' title='bbox 978 1887 1039 1916; x_wconf 88' lang='lat' dir='ltr'>ideo</span> 
     </span>
     <span class='ocr_line' id='line_1_38' title="bbox 188 1934 1039 1972; baseline -0.004 -7"><span class='ocrx_word' id='word_1_274' title='bbox 188 1936 280 1966; x_wconf 87' lang='lat' dir='ltr'>divina</span> <span class='ocrx_word' id='word_1_275' title='bbox 302 1934 476 1972; x_wconf 88' lang='lat' dir='ltr'>providentia</span> <span class='ocrx_word' id='word_1_276' title='bbox 496 1934 679 1971; x_wconf 82' lang='lat' dir='ltr'>dispensative</span> <span class='ocrx_word' id='word_1_277' title='bbox 710 1934 830 1971; x_wconf 90' lang='lat' dir='ltr'>providit</span> <span class='ocrx_word' id='word_1_278' title='bbox 852 1934 1039 1963; x_wconf 86' lang='lat' dir='ltr'>testimonium</span> 
     </span>
     <span class='ocr_line' id='line_1_39' title="bbox 47 1981 1039 2029; baseline -0.003 -16"><span class='ocrx_word' id='word_1_279' title='bbox 47 1984 305 2029; x_wconf 62' lang='lat' dir='ltr'>ub0555cun-alterius</span> <span class='ocrx_word' id='word_1_280' title='bbox 326 1982 405 2017; x_wconf 87' lang='lat' dir='ltr'>libri,</span> <span class='ocrx_word' id='word_1_281' title='bbox 432 1982 535 2011; x_wconf 86' lang='lat' dir='ltr'>scilicet</span> <span class='ocrx_word' id='word_1_282' title='bbox 557 1981 626 2010; x_wconf 83' lang='lat' dir='ltr'>libri</span> <span class='ocrx_word' id='word_1_283' title='bbox 646 1982 834 2019; x_wconf 81' lang='lat' dir='ltr'>Scriptarae,</span> <span class='ocrx_word' id='word_1_284' title='bbox 856 1982 904 2019; x_wconf 91' lang='lat' dir='ltr'>qui</span> <span class='ocrx_word' id='word_1_285' title='bbox 927 1981 1039 2019; x_wconf 90' lang='lat' dir='ltr'>quidem</span> 
     </span>
    </p>
   </div>
   <div class='ocr_carea' id='block_1_3' title="bbox 189 2028 1055 2066">
    <p class='ocr_par' dir='ltr' id='par_1_3' title="bbox 189 2028 1055 2066">
     <span class='ocr_line' id='line_1_40' title="bbox 189 2028 1055 2066; baseline -0.003 -6"><span class='ocrx_word' id='word_1_286' title='bbox 189 2031 280 2060; x_wconf 90' lang='lat' dir='ltr'>editus</span> <span class='ocrx_word' id='word_1_287' title='bbox 300 2032 342 2058; x_wconf 85' lang='lat' dir='ltr'>est</span> <span class='ocrx_word' id='word_1_288' title='bbox 356 2029 509 2058; x_wconf 86' lang='lat' dir='ltr'>secundum</span> <span class='ocrx_word' id='word_1_289' title='bbox 523 2028 644 2057; x_wconf 88' lang='lat' dir='ltr'>divinam</span> <span class='ocrx_word' id='word_1_290' title='bbox 659 2029 867 2063; x_wconf 87' lang='lat' dir='ltr'>revelationem,</span> <span class='ocrx_word' id='word_1_291' title='bbox 882 2037 953 2066; x_wconf 87' lang='lat' dir='ltr'>quae</span> <span class='ocrx_word' id='word_1_292' title='bbox 967 2037 1038 2057; x_wconf 90' lang='lat' dir='ltr'>nun-</span> <span class='ocrx_word' id='word_1_293' title='bbox 1053 2062 1055 2065; x_wconf 74' lang='lat'>.</span> 
     </span>
    </p>
   </div>
   <div class='ocr_carea' id='block_1_4' title="bbox 48 2076 1039 2635">
    <p class='ocr_par' dir='ltr' id='par_1_4' title="bbox 189 2076 1038 2120">
     <span class='ocr_line' id='line_1_41' title="bbox 189 2076 1038 2120; baseline -0.002 -13"><span class='ocrx_word' id='word_1_294' title='bbox 189 2086 275 2116; x_wconf 90' lang='lat' dir='ltr'>quam</span> <span class='ocrx_word' id='word_1_295' title='bbox 297 2077 387 2120; x_wconf 69' lang='lat' dir='ltr'>defuit</span> <span class='ocrx_word' id='word_1_296' title='bbox 406 2084 456 2105; x_wconf 87' lang='lat' dir='ltr'>nec</span> <span class='ocrx_word' id='word_1_297' title='bbox 477 2076 564 2105; x_wconf 89' lang='lat' dir='ltr'>deerit</span> <span class='ocrx_word' id='word_1_298' title='bbox 585 2085 601 2105; x_wconf 90' lang='lat' dir='ltr'>a</span> <span class='ocrx_word' id='word_1_299' title='bbox 628 2076 763 2114; x_wconf 89' lang='lat' dir='ltr'>principio</span> <span class='ocrx_word' id='word_1_300' title='bbox 784 2076 879 2105; x_wconf 90' lang='lat' dir='ltr'>mundi</span> <span class='ocrx_word' id='word_1_301' title='bbox 900 2084 990 2113; x_wconf 90' lang='lat' dir='ltr'>usque</span> <span class='ocrx_word' id='word_1_302' title='bbox 1010 2076 1038 2104; x_wconf 89' lang='lat' dir='ltr'>in</span> 
     </span>
    </p>

    <p class='ocr_par' dir='ltr' id='par_1_5' title="bbox 48 2125 1039 2635">
     <span class='ocr_line' id='line_1_42' title="bbox 190 2125 282 2154; baseline -0.022 0"><span class='ocrx_word' id='word_1_303' title='bbox 190 2125 282 2154; x_wconf 88' lang='lat' dir='ltr'>finem.</span> 
     </span>
     <span class='ocr_line' id='line_1_43' title="bbox 269 2170 1038 2208; baseline -0.001 -8"><span class='ocrx_word' id='word_1_304' title='bbox 269 2172 316 2201; x_wconf 92' lang='lat' dir='ltr'>Hic</span> <span class='ocrx_word' id='word_1_305' title='bbox 336 2174 429 2200; x_wconf 88' lang='lat' dir='ltr'>autem</span> <span class='ocrx_word' id='word_1_306' title='bbox 459 2171 527 2199; x_wconf 88' lang='lat' dir='ltr'>liber</span> <span class='ocrx_word' id='word_1_307' title='bbox 555 2173 673 2201; x_wconf 84' lang='lat' dir='ltr'>testatur</span> <span class='ocrx_word' id='word_1_308' title='bbox 693 2171 855 2208; x_wconf 88' lang='lat' dir='ltr'>dupliciter,</span> <span class='ocrx_word' id='word_1_309' title='bbox 877 2170 1038 2199; x_wconf 86' lang='lat' dir='ltr'>Trinitatem</span> 
     </span>
     <span class='ocr_line' id='line_1_44' title="bbox 48 2217 1038 2255; baseline -0.005 -4"><span class='ocrx_word' id='word_1_310' title='bbox 48 2223 178 2251; x_wconf 39' lang='lat' dir='ltr'>Eiusdem&amp;</span> <span class='ocrx_word' id='word_1_311' title='bbox 190 2228 264 2254; x_wconf 83' lang='lat' dir='ltr'>esse,</span> <span class='ocrx_word' id='word_1_312' title='bbox 287 2218 441 2249; x_wconf 89' lang='lat' dir='ltr'>secundum</span> <span class='ocrx_word' id='word_1_313' title='bbox 462 2218 600 2255; x_wconf 87' lang='lat' dir='ltr'>duplicem</span> <span class='ocrx_word' id='word_1_314' title='bbox 622 2218 663 2247; x_wconf 90' lang='lat' dir='ltr'>sui</span> <span class='ocrx_word' id='word_1_315' title='bbox 686 2221 811 2255; x_wconf 89' lang='lat' dir='ltr'>partem:</span> <span class='ocrx_word' id='word_1_316' title='bbox 834 2218 861 2247; x_wconf 92' lang='lat' dir='ltr'>in</span> <span class='ocrx_word' id='word_1_317' title='bbox 875 2217 964 2246; x_wconf 83' lang='lat' dir='ltr'>veteri</span> <span class='ocrx_word' id='word_1_318' title='bbox 977 2217 1038 2255; x_wconf 90' lang='lat' dir='ltr'>qui-</span> 
     </span>
     <span class='ocr_line' id='line_1_45' title="bbox 68 2249 1038 2306; baseline -0.002 -10"><span class='ocrx_word' id='word_1_319' title='bbox 68 2249 177 2295; x_wconf 50' lang='lat' dir='ltr'>ffiffium</span> <span class='ocrx_word' id='word_1_320' title='bbox 191 2267 253 2296; x_wconf 90' lang='lat' dir='ltr'>dem</span> <span class='ocrx_word' id='word_1_321' title='bbox 275 2269 439 2306; x_wconf 78' lang='lat' dir='ltr'>testamento</span> <span class='ocrx_word' id='word_1_322' title='bbox 467 2268 584 2294; x_wconf 86' lang='lat' dir='ltr'>testatur</span> <span class='ocrx_word' id='word_1_323' title='bbox 611 2265 763 2302; x_wconf 78' lang='lat' dir='ltr'>implicite,</span> <span class='ocrx_word' id='word_1_324' title='bbox 789 2266 837 2295; x_wconf 87' lang='lat' dir='ltr'>sed</span> <span class='ocrx_word' id='word_1_325' title='bbox 857 2265 884 2294; x_wconf 92' lang='lat' dir='ltr'>in</span> <span class='ocrx_word' id='word_1_326' title='bbox 905 2274 977 2294; x_wconf 81' lang='lat' dir='ltr'>novo</span> <span class='ocrx_word' id='word_1_327' title='bbox 999 2268 1038 2294; x_wconf 87' lang='lat' dir='ltr'>te-</span> 
     </span>
     <span class='ocr_line' id='line_1_46' title="bbox 87 2312 1039 2350; baseline -0.002 -6"><span class='ocrx_word' id='word_1_328' title='bbox 87 2317 178 2337; x_wconf 76' lang='lat' dir='ltr'>Primum-</span> <span class='ocrx_word' id='word_1_329' title='bbox 192 2317 328 2344; x_wconf 90' lang='lat' dir='ltr'>stamento</span> <span class='ocrx_word' id='word_1_330' title='bbox 349 2316 467 2343; x_wconf 88' lang='lat' dir='ltr'>testatur</span> <span class='ocrx_word' id='word_1_331' title='bbox 488 2312 626 2350; x_wconf 74' lang='lat' dir='ltr'>explicite.</span> <span class='ocrx_word' id='word_1_332' title='bbox 649 2329 685 2333; x_wconf 97' lang='lat'><strong>—</strong></span> <span class='ocrx_word' id='word_1_333' title='bbox 707 2313 905 2342; x_wconf 83' lang='lat' dir='ltr'>Testimonium</span> <span class='ocrx_word' id='word_1_334' title='bbox 919 2320 1039 2350; x_wconf 87' lang='lat' dir='ltr'>namque</span> 
     </span>
     <span class='ocr_line' id='line_1_47' title="bbox 190 2359 1038 2398; baseline -0.004 -7"><span class='ocrx_word' id='word_1_335' title='bbox 190 2362 274 2391; x_wconf 89' lang='lat' dir='ltr'>datur</span> <span class='ocrx_word' id='word_1_336' title='bbox 297 2361 325 2389; x_wconf 93' lang='lat' dir='ltr'>in</span> <span class='ocrx_word' id='word_1_337' title='bbox 345 2361 434 2389; x_wconf 83' lang='lat' dir='ltr'>veteri</span> <span class='ocrx_word' id='word_1_338' title='bbox 454 2362 617 2390; x_wconf 86' lang='lat' dir='ltr'>testamento</span> <span class='ocrx_word' id='word_1_339' title='bbox 637 2359 671 2388; x_wconf 91' lang='lat' dir='ltr'>de</span> <span class='ocrx_word' id='word_1_340' title='bbox 691 2360 824 2390; x_wconf 87' lang='lat' dir='ltr'>Trinitate</span> <span class='ocrx_word' id='word_1_341' title='bbox 838 2363 894 2389; x_wconf 88' lang='lat' dir='ltr'>tam</span> <span class='ocrx_word' id='word_1_342' title='bbox 915 2361 942 2389; x_wconf 94' lang='lat' dir='ltr'>in</span> <span class='ocrx_word' id='word_1_343' title='bbox 962 2360 1038 2398; x_wconf 63' lang='lat' dir='ltr'><em>figu-</em></span> 
     </span>
     <span class='ocr_line' id='line_1_48' title="bbox 190 2406 1038 2446; baseline 0 -9"><span class='ocrx_word' id='word_1_344' title='bbox 190 2409 235 2438; x_wconf 84' lang='lat' dir='ltr'>ris</span> <span class='ocrx_word' id='word_1_345' title='bbox 255 2416 339 2446; x_wconf 91' lang='lat' dir='ltr'>quam</span> <span class='ocrx_word' id='word_1_346' title='bbox 361 2409 389 2437; x_wconf 91' lang='lat' dir='ltr'>in</span> <span class='ocrx_word' id='word_1_347' title='bbox 409 2407 512 2437; x_wconf 81' lang='lat' dir='ltr'>verbis.</span> <span class='ocrx_word' id='word_1_348' title='bbox 535 2408 607 2436; x_wconf 85' lang='lat' dir='ltr'>Inter</span> <span class='ocrx_word' id='word_1_349' title='bbox 624 2406 741 2445; x_wconf 63' lang='lat' dir='ltr'>figuras</span> <span class='ocrx_word' id='word_1_350' title='bbox 754 2411 848 2438; x_wconf 90' lang='lat' dir='ltr'>autem</span> <span class='ocrx_word' id='word_1_351' title='bbox 865 2408 911 2437; x_wconf 88' lang='lat' dir='ltr'>illa</span> <span class='ocrx_word' id='word_1_352' title='bbox 923 2408 976 2437; x_wconf 84' lang='lat' dir='ltr'>fuit</span> <span class='ocrx_word' id='word_1_353' title='bbox 989 2416 1038 2437; x_wconf 91' lang='lat' dir='ltr'>au-</span> 
     </span>
     <span class='ocr_line' id='line_1_49' title="bbox 192 2454 1038 2493; baseline -0.001 -8"><span class='ocrx_word' id='word_1_354' title='bbox 192 2456 314 2485; x_wconf 89' lang='lat' dir='ltr'>thentica</span> <span class='ocrx_word' id='word_1_355' title='bbox 341 2456 478 2489; x_wconf 86' lang='lat' dir='ltr'>maxime,</span> <span class='ocrx_word' id='word_1_356' title='bbox 500 2462 572 2492; x_wconf 86' lang='lat' dir='ltr'>quae</span> <span class='ocrx_word' id='word_1_357' title='bbox 593 2454 645 2483; x_wconf 87' lang='lat' dir='ltr'>fuit</span> <span class='ocrx_word' id='word_1_358' title='bbox 665 2457 774 2484; x_wconf 87' lang='lat' dir='ltr'>ostensa</span> <span class='ocrx_word' id='word_1_359' title='bbox 790 2456 876 2493; x_wconf 88' lang='lat' dir='ltr'>patri</span> <span class='ocrx_word' id='word_1_360' title='bbox 900 2455 969 2493; x_wconf 78' lang='lat' dir='ltr'>fidei</span> <span class='ocrx_word' id='word_1_361' title='bbox 987 2464 1038 2484; x_wconf 84' lang='lat' dir='ltr'>no-</span> 
     </span>
     <span class='ocr_line' id='line_1_50' title="bbox 190 2502 1038 2539; baseline 0 -7"><span class='ocrx_word' id='word_1_362' title='bbox 190 2506 270 2532; x_wconf 78' lang='lat' dir='ltr'>strae</span> <span class='ocrx_word' id='word_1_363' title='bbox 301 2502 477 2536; x_wconf 57' lang='lat' dir='ltr'>sibialiam,-</span> <span class='ocrx_word' id='word_1_364' title='bbox 507 2502 541 2531; x_wconf 90' lang='lat' dir='ltr'>de</span> <span class='ocrx_word' id='word_1_365' title='bbox 572 2510 628 2539; x_wconf 90' lang='lat' dir='ltr'>quo</span> <span class='ocrx_word' id='word_1_366' title='bbox 658 2502 759 2531; x_wconf 87' lang='lat' dir='ltr'>dicitur</span> <span class='ocrx_word' id='word_1_367' title='bbox 791 2502 903 2532; x_wconf 88' lang='lat' dir='ltr'>Genesis</span> <span class='ocrx_word' id='word_1_368' title='bbox 932 2503 1038 2532; x_wconf 85' lang='lat' dir='ltr'>decimo</span> 
     </span>
     <span class='ocr_line' id='line_1_51' title="bbox 191 2549 1039 2588; baseline 0 -8"><span class='ocrx_word' id='word_1_369' title='bbox 191 2551 326 2585; x_wconf 74' lang='lat' dir='ltr'>octavo⁸‚</span> <span class='ocrx_word' id='word_1_370' title='bbox 355 2550 429 2588; x_wconf 92' lang='lat' dir='ltr'>quod</span> <span class='ocrx_word' id='word_1_371' title='bbox 458 2550 548 2579; x_wconf 88' lang='lat' dir='ltr'>tribus</span> <span class='ocrx_word' id='word_1_372' title='bbox 575 2549 642 2578; x_wconf 83' lang='lat' dir='ltr'>viris</span> <span class='ocrx_word' id='word_1_373' title='bbox 670 2549 720 2578; x_wconf 88' lang='lat' dir='ltr'>sibi</span> <span class='ocrx_word' id='word_1_374' title='bbox 741 2550 953 2588; x_wconf 82' lang='lat' dir='ltr'>apparentibus,</span> <span class='ocrx_word' id='word_1_375' title='bbox 982 2554 1039 2580; x_wconf 89' lang='lat' dir='ltr'>tres</span> 
     </span>
     <span class='ocr_line' id='line_1_52' title="bbox 192 2596 1038 2635; baseline 0.001 -9"><span class='ocrx_word' id='word_1_376' title='bbox 192 2597 303 2635; x_wconf 91' lang='lat' dir='ltr'>quidem</span> <span class='ocrx_word' id='word_1_377' title='bbox 325 2598 407 2632; x_wconf 87' lang='lat' dir='ltr'>vidit,</span> <span class='ocrx_word' id='word_1_378' title='bbox 436 2597 483 2627; x_wconf 87' lang='lat' dir='ltr'>sed</span> <span class='ocrx_word' id='word_1_379' title='bbox 511 2604 599 2626; x_wconf 85' lang='lat' dir='ltr'>unum</span> <span class='ocrx_word' id='word_1_380' title='bbox 626 2596 766 2631; x_wconf 88' lang='lat' dir='ltr'>adoravit,</span> <span class='ocrx_word' id='word_1_381' title='bbox 788 2597 861 2626; x_wconf 87' lang='lat' dir='ltr'>unde</span> <span class='ocrx_word' id='word_1_382' title='bbox 881 2597 971 2627; x_wconf 85' lang='lat' dir='ltr'>tribus</span> <span class='ocrx_word' id='word_1_383' title='bbox 999 2598 1038 2627; x_wconf 90' lang='lat' dir='ltr'>lo-</span> 
     </span>
    </p>
   </div>
   <div class='ocr_carea' id='block_1_5' title="bbox 161 2758 1038 2986">
    <p class='ocr_par' dir='ltr' id='par_1_6' title="bbox 161 2758 1038 2986">
     <span class='ocr_line' id='line_1_53' title="bbox 254 2758 882 2791; baseline 0.002 -8"><span class='ocrx_word' id='word_1_384' title='bbox 254 2758 262 2772; x_wconf 89' lang='lat'><em>¹</em></span> <span class='ocrx_word' id='word_1_385' title='bbox 281 2759 355 2783; x_wconf 91' lang='lat' dir='ltr'>Codd.</span> <span class='ocrx_word' id='word_1_386' title='bbox 372 2761 433 2783; x_wconf 84' lang='lat' dir='ltr'>male</span> <span class='ocrx_word' id='word_1_387' title='bbox 450 2759 592 2788; x_wconf 78' lang='lat' dir='ltr'>causalitas,</span> <span class='ocrx_word' id='word_1_388' title='bbox 609 2760 651 2783; x_wconf 81' lang='lat' dir='ltr'>sed</span> <span class='ocrx_word' id='word_1_389' title='bbox 668 2759 726 2782; x_wconf 72' lang='lat' dir='ltr'>inira</span> <span class='ocrx_word' id='word_1_390' title='bbox 742 2760 882 2791; x_wconf 81' lang='lat' dir='ltr'>aequalitas.</span> 
     </span>
     <span class='ocr_line' id='line_1_54' title="bbox 254 2797 1038 2832; baseline 0.004 -10"><span class='ocrx_word' id='word_1_391' title='bbox 254 2797 263 2811; x_wconf 80' lang='lat'><strong>¹</strong></span> <span class='ocrx_word' id='word_1_392' title='bbox 280 2798 330 2832; x_wconf 58' lang='lat' dir='ltr'>Csr.</span> <span class='ocrx_word' id='word_1_393' title='bbox 344 2800 360 2822; x_wconf 89' lang='lat'>1.</span> <span class='ocrx_word' id='word_1_394' title='bbox 378 2800 439 2822; x_wconf 85' lang='lat' dir='ltr'>Sent.</span> <span class='ocrx_word' id='word_1_395' title='bbox 457 2800 480 2822; x_wconf 91' lang='lat' dir='ltr'>d.</span> <span class='ocrx_word' id='word_1_396' title='bbox 498 2800 519 2822; x_wconf 88' lang='grc'>3.</span> <span class='ocrx_word' id='word_1_397' title='bbox 536 2806 560 2828; x_wconf 93' lang='lat' dir='ltr'>p.</span> <span class='ocrx_word' id='word_1_398' title='bbox 576 2800 601 2822; x_wconf 85' lang='lat'>11.</span> <span class='ocrx_word' id='word_1_399' title='bbox 618 2805 639 2822; x_wconf 87' lang='lat' dir='ltr'>a.</span> <span class='ocrx_word' id='word_1_400' title='bbox 657 2799 677 2822; x_wconf 73' lang='lat' dir='ltr'>t.</span> <span class='ocrx_word' id='word_1_401' title='bbox 694 2802 717 2822; x_wconf 77' lang='lat' dir='ltr'>et</span> <span class='ocrx_word' id='word_1_402' title='bbox 733 2800 755 2822; x_wconf 74' lang='lat'>2.</span> <span class='ocrx_word' id='word_1_403' title='bbox 771 2812 803 2817; x_wconf 88' lang='lat'><em>-</em></span> <span class='ocrx_word' id='word_1_404' title='bbox 819 2800 929 2829; x_wconf 85' lang='lat' dir='ltr'>Superius</span> <span class='ocrx_word' id='word_1_405' title='bbox 945 2807 988 2829; x_wconf 89' lang='lat' dir='ltr'>pro</span> <span class='ocrx_word' id='word_1_406' title='bbox 1008 2801 1038 2825; x_wconf 75' lang='lat' dir='ltr'>sit</span> 
     </span>
     <span class='ocr_line' id='line_1_55' title="bbox 193 2837 524 2869; baseline 0.003 -8"><span class='ocrx_word' id='word_1_407' title='bbox 193 2837 308 2862; x_wconf 54' lang='lat' dir='ltr'>distincta)</span> <span class='ocrx_word' id='word_1_408' title='bbox 325 2839 341 2861; x_wconf 88' lang='lat' dir='ltr'>F</span> <span class='ocrx_word' id='word_1_409' title='bbox 357 2838 384 2869; x_wconf 78' lang='lat' dir='ltr'>fit</span> <span class='ocrx_word' id='word_1_410' title='bbox 400 2838 524 2862; x_wconf 73' lang='lat' dir='ltr'>distmctw.</span> 
     </span>
     <span class='ocr_line' id='line_1_56' title="bbox 255 2873 1038 2908; baseline 0.003 -8"><span class='ocrx_word' id='word_1_411' title='bbox 255 2875 264 2889; x_wconf 80' lang='lat'>⁸</span> <span class='ocrx_word' id='word_1_412' title='bbox 281 2877 348 2900; x_wconf 89' lang='lat' dir='ltr'>Vers.</span> <span class='ocrx_word' id='word_1_413' title='bbox 360 2879 382 2900; x_wconf 82' lang='lat'>2.</span> <span class='ocrx_word' id='word_1_414' title='bbox 399 2884 460 2907; x_wconf 86' lang='lat' dir='ltr'>seq.:</span> <span class='ocrx_word' id='word_1_415' title='bbox 472 2878 635 2906; x_wconf 76' lang='lat' dir='ltr'>Apparuerunt</span> <span class='ocrx_word' id='word_1_416' title='bbox 645 2878 666 2900; x_wconf 85' lang='lat' dir='ltr'>ei</span> <span class='ocrx_word' id='word_1_417' title='bbox 677 2881 723 2901; x_wconf 86' lang='lat' dir='ltr'>tres</span> <span class='ocrx_word' id='word_1_418' title='bbox 734 2878 776 2901; x_wconf 88' lang='lat' dir='ltr'>viri</span> <span class='ocrx_word' id='word_1_419' title='bbox 788 2873 872 2902; x_wconf 81' lang='lat' dir='ltr'>stantes</span> <span class='ocrx_word' id='word_1_420' title='bbox 886 2885 960 2908; x_wconf 82' lang='lat' dir='ltr'>prope</span> <span class='ocrx_word' id='word_1_421' title='bbox 971 2886 1038 2908; x_wconf 85' lang='lat' dir='ltr'>eum,</span> 
     </span>
     <span class='ocr_line' id='line_1_57' title="bbox 192 2917 1037 2951; baseline 0.002 -11"><span class='ocrx_word' id='word_1_422' title='bbox 192 2924 253 2947; x_wconf 86' lang='lat' dir='ltr'>quos</span> <span class='ocrx_word' id='word_1_423' title='bbox 273 2923 327 2940; x_wconf 86' lang='lat' dir='ltr'>cum</span> <span class='ocrx_word' id='word_1_424' title='bbox 348 2918 445 2941; x_wconf 86' lang='lat' dir='ltr'>vidisset</span> <span class='ocrx_word' id='word_1_425' title='bbox 467 2918 590 2940; x_wconf 83' lang='lat' dir='ltr'>cucurrit...</span> <span class='ocrx_word' id='word_1_426' title='bbox 607 2920 629 2939; x_wconf 86' lang='lat' dir='ltr'>et</span> <span class='ocrx_word' id='word_1_427' title='bbox 650 2917 799 2951; x_wconf 7' lang='lat' dir='ltr'>adoravitpin</span> <span class='ocrx_word' id='word_1_428' title='bbox 822 2922 905 2941; x_wconf 86' lang='lat' dir='ltr'>terram</span> <span class='ocrx_word' id='word_1_429' title='bbox 926 2922 949 2942; x_wconf 85' lang='lat' dir='ltr'>et</span> <span class='ocrx_word' id='word_1_430' title='bbox 967 2919 1037 2942; x_wconf 82' lang='lat' dir='ltr'>dixit:</span> 
     </span>
     <span class='ocr_line' id='line_1_58' title="bbox 161 2957 795 2986; baseline 0.002 -6"><span class='ocrx_word' id='word_1_431' title='bbox 161 2963 164 2967; x_wconf 67' lang='grc'>’</span> <span class='ocrx_word' id='word_1_432' title='bbox 193 2957 301 2986; x_wconf 81' lang='lat' dir='ltr'>Domine,</span> <span class='ocrx_word' id='word_1_433' title='bbox 318 2958 336 2980; x_wconf 87' lang='lat' dir='ltr'>si</span> <span class='ocrx_word' id='word_1_434' title='bbox 354 2958 431 2980; x_wconf 88' lang='lat' dir='ltr'>inveni</span> <span class='ocrx_word' id='word_1_435' title='bbox 448 2957 546 2986; x_wconf 81' lang='lat' dir='ltr'>gratiam</span> <span class='ocrx_word' id='word_1_436' title='bbox 563 2958 585 2980; x_wconf 89' lang='lat' dir='ltr'>in</span> <span class='ocrx_word' id='word_1_437' title='bbox 602 2957 674 2980; x_wconf 86' lang='lat' dir='ltr'>oculis</span> <span class='ocrx_word' id='word_1_438' title='bbox 691 2958 735 2980; x_wconf 85' lang='lat' dir='ltr'>tuis</span> <span class='ocrx_word' id='word_1_439' title='bbox 752 2961 795 2981; x_wconf 86' lang='lat' dir='ltr'>etc.</span> 
     </span>
    </p>
   </div>
   <div class='ocr_carea' id='block_1_6' title="bbox 1063 249 1071 2283">
    <p class='ocr_par' dir='ltr' id='par_1_7' title="bbox 1063 249 1071 2283">
     <span class='ocr_line' id='line_1_59' title="bbox 1063 249 1071 2283; baseline 0 0"><span class='ocrx_word' id='word_1_440' title='bbox 1063 249 1071 2283; x_wconf 95' lang='lat' dir='ltr'> </span> 
     </span>
    </p>
   </div>
   <div class='ocr_carea' id='block_1_7' title="bbox 1093 238 2085 2639">
    <p class='ocr_par' dir='ltr' id='par_1_8' title="bbox 1094 238 1944 785">
     <span class='ocr_line' id='line_1_60' title="bbox 1094 238 1940 275; baseline 0.005 -10"><span class='ocrx_word' id='word_1_441' title='bbox 1094 238 1247 275; x_wconf 65' lang='lat' dir='ltr'>(limitatur,</span> <span class='ocrx_word' id='word_1_442' title='bbox 1277 238 1348 267; x_wconf 79' lang='lat' dir='ltr'>sicut</span> <span class='ocrx_word' id='word_1_443' title='bbox 1374 240 1435 273; x_wconf 85' lang='lat' dir='ltr'>nni,</span> <span class='ocrx_word' id='word_1_444' title='bbox 1459 240 1484 267; x_wconf 87' lang='lat' dir='ltr'>in</span> <span class='ocrx_word' id='word_1_445' title='bbox 1508 241 1558 268; x_wconf 76' lang='lat' dir='ltr'>hor.</span> <span class='ocrx_word' id='word_1_446' title='bbox 1581 240 1733 275; x_wconf 65' lang='lat' dir='ltr'>intelligens</span> <span class='ocrx_word' id='word_1_447' title='bbox 1755 241 1780 269; x_wconf 88' lang='lat' dir='ltr'>in</span> <span class='ocrx_word' id='word_1_448' title='bbox 1803 250 1831 269; x_wconf 77' lang='lat' dir='ltr'>se</span> <span class='ocrx_word' id='word_1_449' title='bbox 1852 244 1878 269; x_wconf 76' lang='lat' dir='ltr'>et</span> <span class='ocrx_word' id='word_1_450' title='bbox 1902 242 1940 269; x_wconf 59' lang='lat' dir='ltr'>in&lt;</span> 
     </span>
     <span class='ocr_line' id='line_1_61' title="bbox 1094 285 1941 321; baseline 0.004 -8"><span class='ocrx_word' id='word_1_451' title='bbox 1094 285 1208 314; x_wconf 87' lang='lat' dir='ltr'>sinuans</span> <span class='ocrx_word' id='word_1_452' title='bbox 1228 285 1288 313; x_wconf 89' lang='lat' dir='ltr'>aliis</span> <span class='ocrx_word' id='word_1_453' title='bbox 1310 286 1471 321; x_wconf 80' lang='lat' dir='ltr'>mysterium</span> <span class='ocrx_word' id='word_1_454' title='bbox 1494 287 1641 315; x_wconf 72' lang='lat' dir='ltr'>Trinitatis.</span> <span class='ocrx_word' id='word_1_455' title='bbox 1666 304 1701 308; x_wconf 97' lang='lat'><strong>—</strong></span> <span class='ocrx_word' id='word_1_456' title='bbox 1730 288 1755 316; x_wconf 91' lang='lat' dir='ltr'>ln</span> <span class='ocrx_word' id='word_1_457' title='bbox 1780 288 1871 316; x_wconf 68' lang='lat' dir='ltr'>verbis</span> <span class='ocrx_word' id='word_1_458' title='bbox 1892 297 1941 316; x_wconf 58' lang='lat' dir='ltr'>au&lt;</span> 
     </span>
     <span class='ocr_line' id='line_1_62' title="bbox 1095 332 1940 370; baseline 0.002 -9"><span class='ocrx_word' id='word_1_459' title='bbox 1095 335 1149 361; x_wconf 89' lang='lat' dir='ltr'>tem</span> <span class='ocrx_word' id='word_1_460' title='bbox 1172 332 1238 360; x_wconf 84' lang='lat' dir='ltr'>illud</span> <span class='ocrx_word' id='word_1_461' title='bbox 1262 332 1370 361; x_wconf 76' lang='lat' dir='ltr'>videtur</span> <span class='ocrx_word' id='word_1_462' title='bbox 1393 334 1513 362; x_wconf 78' lang='lat' dir='ltr'>maxime</span> <span class='ocrx_word' id='word_1_463' title='bbox 1535 334 1633 363; x_wconf 74' lang='lat' dir='ltr'>eilicax</span> <span class='ocrx_word' id='word_1_464' title='bbox 1661 335 1694 363; x_wconf 78' lang='lat' dir='ltr'>ad</span> <span class='ocrx_word' id='word_1_465' title='bbox 1724 335 1940 370; x_wconf 67' lang='lat' dir='ltr'>testificandum,</span> 
     </span>
     <span class='ocr_line' id='line_1_63' title="bbox 1094 379 1940 418; baseline 0.005 -11"><span class='ocrx_word' id='word_1_466' title='bbox 1094 380 1167 417; x_wconf 91' lang='lat' dir='ltr'>quod</span> <span class='ocrx_word' id='word_1_467' title='bbox 1188 379 1260 408; x_wconf 76' lang='lat' dir='ltr'>dixit</span> <span class='ocrx_word' id='word_1_468' title='bbox 1282 380 1366 408; x_wconf 89' lang='lat' dir='ltr'>David</span> <span class='ocrx_word' id='word_1_469' title='bbox 1388 381 1509 409; x_wconf 81' lang='lat' dir='ltr'>eximius</span> <span class='ocrx_word' id='word_1_470' title='bbox 1529 381 1728 418; x_wconf 76' lang='lat' dir='ltr'>Prophetarum</span> <span class='ocrx_word' id='word_1_471' title='bbox 1750 382 1775 410; x_wconf 94' lang='lat' dir='ltr'>in</span> <span class='ocrx_word' id='word_1_472' title='bbox 1799 383 1940 411; x_wconf 79' lang='lat' dir='ltr'>l’salm‹›⁴:</span> 
     </span>
     <span class='ocr_line' id='line_1_64' title="bbox 1102 426 1942 466; baseline 0.004 -11"><span class='ocrx_word' id='word_1_473' title='bbox 1102 426 1188 456; x_wconf 81' lang='lat' dir='ltr'>Verbo</span> <span class='ocrx_word' id='word_1_474' title='bbox 1212 427 1330 455; x_wconf 81' lang='lat' dir='ltr'>Domini</span> <span class='ocrx_word' id='word_1_475' title='bbox 1356 427 1430 455; x_wconf 72' lang='lat' dir='ltr'>caeli</span> <span class='ocrx_word' id='word_1_476' title='bbox 1449 428 1563 464; x_wconf 79' lang='lat' dir='ltr'>firmati</span> <span class='ocrx_word' id='word_1_477' title='bbox 1583 433 1667 463; x_wconf 76' lang='lat' dir='ltr'>sunt,</span> <span class='ocrx_word' id='word_1_478' title='bbox 1689 433 1713 457; x_wconf 81' lang='lat' dir='ltr'>et</span> <span class='ocrx_word' id='word_1_479' title='bbox 1739 430 1853 466; x_wconf 72' lang='lat' dir='ltr'>Spiritu</span> <span class='ocrx_word' id='word_1_480' title='bbox 1881 431 1942 458; x_wconf 73' lang='lat' dir='ltr'>oris</span> 
     </span>
     <span class='ocr_line' id='line_1_65' title="bbox 1094 473 1942 507; baseline 0.006 -6"><span class='ocrx_word' id='word_1_481' title='bbox 1094 473 1157 502; x_wconf 79' lang='lat' dir='ltr'>eius</span> <span class='ocrx_word' id='word_1_482' title='bbox 1178 474 1273 502; x_wconf 82' lang='lat' dir='ltr'>omnis</span> <span class='ocrx_word' id='word_1_483' title='bbox 1295 474 1389 502; x_wconf 70' lang='lat' dir='ltr'>virias</span> <span class='ocrx_word' id='word_1_484' title='bbox 1410 483 1528 507; x_wconf 75' lang='lat' dir='ltr'>eornm,</span> <span class='ocrx_word' id='word_1_485' title='bbox 1546 475 1590 503; x_wconf 90' lang='lat' dir='ltr'>uhi</span> <span class='ocrx_word' id='word_1_486' title='bbox 1614 476 1695 504; x_wconf 77' lang='lat' dir='ltr'>simul</span> <span class='ocrx_word' id='word_1_487' title='bbox 1719 477 1875 506; x_wconf 82' lang='lat' dir='ltr'>insinuatur</span> <span class='ocrx_word' id='word_1_488' title='bbox 1894 477 1942 505; x_wconf 82' lang='lat' dir='ltr'>tri-</span> 
     </span>
     <span class='ocr_line' id='line_1_66' title="bbox 1095 520 1943 562; baseline 0.005 -13"><span class='ocrx_word' id='word_1_489' title='bbox 1095 520 1165 549; x_wconf 87' lang='lat' dir='ltr'>nitas</span> <span class='ocrx_word' id='word_1_490' title='bbox 1187 528 1385 557; x_wconf 75' lang='lat' dir='ltr'>personarum⁷</span> <span class='ocrx_word' id='word_1_491' title='bbox 1415 522 1452 550; x_wconf 89' lang='lat' dir='ltr'>ita</span> <span class='ocrx_word' id='word_1_492' title='bbox 1473 522 1546 559; x_wconf 85' lang='lat' dir='ltr'>quod</span> <span class='ocrx_word' id='word_1_493' title='bbox 1568 522 1638 552; x_wconf 81' lang='lat' dir='ltr'>duae</span> <span class='ocrx_word' id='word_1_494' title='bbox 1660 532 1792 560; x_wconf 78' lang='lat' dir='ltr'>personae</span> <span class='ocrx_word' id='word_1_495' title='bbox 1813 524 1943 562; x_wconf 65' lang='lat' dir='ltr'>explicite</span> 
     </span>
     <span class='ocr_line' id='line_1_67' title="bbox 1095 567 1944 608; baseline 0.005 -12"><span class='ocrx_word' id='word_1_496' title='bbox 1095 567 1121 596; x_wconf 92' lang='lat' dir='ltr'>in</span> <span class='ocrx_word' id='word_1_497' title='bbox 1144 567 1253 596; x_wconf 72' lang='lat' dir='ltr'>nomint·</span> <span class='ocrx_word' id='word_1_498' title='bbox 1282 568 1411 605; x_wconf 68' lang='lat' dir='ltr'>Spiritus</span> <span class='ocrx_word' id='word_1_499' title='bbox 1439 572 1466 597; x_wconf 88' lang='lat' dir='ltr'>et</span> <span class='ocrx_word' id='word_1_500' title='bbox 1495 569 1591 602; x_wconf 79' lang='lat' dir='ltr'>Verbi,</span> <span class='ocrx_word' id='word_1_501' title='bbox 1614 573 1641 598; x_wconf 86' lang='lat' dir='ltr'>et</span> <span class='ocrx_word' id='word_1_502' title='bbox 1663 578 1717 598; x_wconf 93' lang='lat' dir='ltr'>una</span> <span class='ocrx_word' id='word_1_503' title='bbox 1738 571 1874 608; x_wconf 77' lang='lat' dir='ltr'>implicite</span> <span class='ocrx_word' id='word_1_504' title='bbox 1895 580 1944 600; x_wconf 53' lang='lat' dir='ltr'>no*</span> 
     </span>
     <span class='ocr_line' id='line_1_68' title="bbox 1094 615 1943 652; baseline 0.005 -9"><span class='ocrx_word' id='word_1_505' title='bbox 1094 615 1167 644; x_wconf 92' lang='lat' dir='ltr'>mine</span> <span class='ocrx_word' id='word_1_506' title='bbox 1191 615 1314 643; x_wconf 77' lang='lat' dir='ltr'>Domini.</span> <span class='ocrx_word' id='word_1_507' title='bbox 1338 615 1366 643; x_wconf 89' lang='lat' dir='ltr'>ln</span> <span class='ocrx_word' id='word_1_508' title='bbox 1388 616 1516 652; x_wconf 84' lang='lat' dir='ltr'>pluribus</span> <span class='ocrx_word' id='word_1_509' title='bbox 1543 620 1636 645; x_wconf 82' lang='lat' dir='ltr'>autem</span> <span class='ocrx_word' id='word_1_510' title='bbox 1667 617 1746 651; x_wconf 83' lang='lat' dir='ltr'>locis,</span> <span class='ocrx_word' id='word_1_511' title='bbox 1776 618 1858 647; x_wconf 87' lang='lat' dir='ltr'>immo</span> <span class='ocrx_word' id='word_1_512' title='bbox 1887 620 1943 648; x_wconf 78' lang='lat' dir='ltr'>lere</span> 
     </span>
     <span class='ocr_line' id='line_1_69' title="bbox 1096 662 1943 703; baseline 0.007 -14"><span class='ocrx_word' id='word_1_513' title='bbox 1096 662 1123 690; x_wconf 93' lang='lat' dir='ltr'>in</span> <span class='ocrx_word' id='word_1_514' title='bbox 1144 662 1273 691; x_wconf 87' lang='lat' dir='ltr'>omnibus</span> <span class='ocrx_word' id='word_1_515' title='bbox 1296 662 1396 691; x_wconf 81' lang='lat' dir='ltr'>veteris</span> <span class='ocrx_word' id='word_1_516' title='bbox 1418 664 1589 698; x_wconf 81' lang='lat' dir='ltr'>testamenti,</span> <span class='ocrx_word' id='word_1_517' title='bbox 1609 664 1672 693; x_wconf 88' lang='lat' dir='ltr'>licet</span> <span class='ocrx_word' id='word_1_518' title='bbox 1686 664 1831 702; x_wconf 76' lang='lat' dir='ltr'>implicite,</span> <span class='ocrx_word' id='word_1_519' title='bbox 1847 666 1943 703; x_wconf 79' lang='lat' dir='ltr'>liguris</span> 
     </span>
     <span class='ocr_line' id='line_1_70' title="bbox 1095 709 1943 742; baseline 0.006 -5"><span class='ocrx_word' id='word_1_520' title='bbox 1095 712 1185 738; x_wconf 90' lang='lat' dir='ltr'>tamen</span> <span class='ocrx_word' id='word_1_521' title='bbox 1207 712 1233 737; x_wconf 89' lang='lat' dir='ltr'>et</span> <span class='ocrx_word' id='word_1_522' title='bbox 1260 709 1350 738; x_wconf 86' lang='lat' dir='ltr'>verbis</span> <span class='ocrx_word' id='word_1_523' title='bbox 1379 710 1564 739; x_wconf 90' lang='lat' dir='ltr'>testimonium</span> <span class='ocrx_word' id='word_1_524' title='bbox 1594 711 1719 740; x_wconf 87' lang='lat' dir='ltr'>redditur</span> <span class='ocrx_word' id='word_1_525' title='bbox 1747 712 1870 741; x_wconf 84' lang='lat' dir='ltr'>Trinitati</span> <span class='ocrx_word' id='word_1_526' title='bbox 1899 722 1943 742; x_wconf 87' lang='lat' dir='ltr'>ae-</span> 
     </span>
     <span class='ocr_line' id='line_1_71' title="bbox 1096 760 1197 785; baseline 0 0"><span class='ocrx_word' id='word_1_527' title='bbox 1096 760 1197 785; x_wconf 85' lang='lat' dir='ltr'>ternae.</span> 
     </span>
    </p>

    <p class='ocr_par' dir='ltr' id='par_1_9' title="bbox 1095 805 2071 1218">
     <span class='ocr_line' id='line_1_72' title="bbox 1176 805 2071 842; baseline 0.008 -10"><span class='ocrx_word' id='word_1_528' title='bbox 1176 805 1224 833; x_wconf 84' lang='lat' dir='ltr'>Per</span> <span class='ocrx_word' id='word_1_529' title='bbox 1247 805 1320 833; x_wconf 89' lang='lat' dir='ltr'>hunc</span> <span class='ocrx_word' id='word_1_530' title='bbox 1341 805 1424 833; x_wconf 91' lang='lat' dir='ltr'>etiam</span> <span class='ocrx_word' id='word_1_531' title='bbox 1446 805 1557 833; x_wconf 92' lang='lat' dir='ltr'>modum</span> <span class='ocrx_word' id='word_1_532' title='bbox 1579 805 1606 834; x_wconf 92' lang='lat' dir='ltr'>in</span> <span class='ocrx_word' id='word_1_533' title='bbox 1627 815 1700 835; x_wconf 79' lang='lat' dir='ltr'>novo</span> <span class='ocrx_word' id='word_1_534' title='bbox 1722 810 1884 842; x_wconf 79' lang='lat' dir='ltr'>testamento</span> <span class='ocrx_word' id='word_1_535' title='bbox 1905 811 1943 837; x_wconf 82' lang='lat' dir='ltr'>te-</span> <span class='ocrx_word' id='word_1_536' title='bbox 1956 819 2071 839; x_wconf 69' lang='lat' dir='ltr'>smmum.</span> 
     </span>
     <span class='ocr_line' id='line_1_73' title="bbox 1095 851 1944 889; baseline 0.006 -10"><span class='ocrx_word' id='word_1_537' title='bbox 1095 851 1254 880; x_wconf 84' lang='lat' dir='ltr'>stimonium</span> <span class='ocrx_word' id='word_1_538' title='bbox 1279 851 1377 886; x_wconf 89' lang='lat' dir='ltr'>datur,</span> <span class='ocrx_word' id='word_1_539' title='bbox 1399 852 1446 880; x_wconf 90' lang='lat' dir='ltr'>sed</span> <span class='ocrx_word' id='word_1_540' title='bbox 1467 852 1613 889; x_wconf 70' lang='lat' dir='ltr'>explicite,</span> <span class='ocrx_word' id='word_1_541' title='bbox 1636 856 1691 882; x_wconf 88' lang='lat' dir='ltr'>tam</span> <span class='ocrx_word' id='word_1_542' title='bbox 1713 854 1740 882; x_wconf 93' lang='lat' dir='ltr'>in</span> <span class='ocrx_word' id='word_1_543' title='bbox 1762 855 1944 884; x_wconf 74' lang='lat' dir='ltr'>sacramentis</span> 
     </span>
     <span class='ocr_line' id='line_1_74' title="bbox 1095 899 1943 938; baseline 0.005 -12"><span class='ocrx_word' id='word_1_544' title='bbox 1095 906 1178 935; x_wconf 85' lang='lat' dir='ltr'>quam</span> <span class='ocrx_word' id='word_1_545' title='bbox 1201 899 1227 927; x_wconf 92' lang='lat' dir='ltr'>in</span> <span class='ocrx_word' id='word_1_546' title='bbox 1248 899 1420 927; x_wconf 88' lang='lat' dir='ltr'>documentis</span> <span class='ocrx_word' id='word_1_547' title='bbox 1441 899 1589 937; x_wconf 85' lang='lat' dir='ltr'>expressis.</span> <span class='ocrx_word' id='word_1_548' title='bbox 1613 900 1678 929; x_wconf 87' lang='lat' dir='ltr'>Nam</span> <span class='ocrx_word' id='word_1_549' title='bbox 1700 901 1821 938; x_wconf 90' lang='lat' dir='ltr'>primum</span> <span class='ocrx_word' id='word_1_550' title='bbox 1849 902 1943 930; x_wconf 84' lang='lat' dir='ltr'>Sacra-</span> 
     </span>
     <span class='ocr_line' id='line_1_75' title="bbox 1097 946 1947 986; baseline 0.006 -13"><span class='ocrx_word' id='word_1_551' title='bbox 1097 948 1271 979; x_wconf 84' lang='lat' dir='ltr'>mentorum,</span> <span class='ocrx_word' id='word_1_552' title='bbox 1287 946 1361 982; x_wconf 91' lang='lat' dir='ltr'>quod</span> <span class='ocrx_word' id='word_1_553' title='bbox 1375 949 1416 975; x_wconf 84' lang='lat' dir='ltr'>est</span> <span class='ocrx_word' id='word_1_554' title='bbox 1431 947 1600 984; x_wconf 81' lang='lat' dir='ltr'>baptismuS,</span> <span class='ocrx_word' id='word_1_555' title='bbox 1622 948 1775 977; x_wconf 87' lang='lat' dir='ltr'>secundum</span> <span class='ocrx_word' id='word_1_556' title='bbox 1790 949 1864 986; x_wconf 89' lang='lat' dir='ltr'>quod</span> <span class='ocrx_word' id='word_1_557' title='bbox 1879 949 1947 978; x_wconf 91' lang='lat' dir='ltr'>scri-</span> 
     </span>
     <span class='ocr_line' id='line_1_76' title="bbox 1096 991 1947 1028; baseline 0.008 -10"><span class='ocrx_word' id='word_1_558' title='bbox 1096 991 1172 1019; x_wconf 89' lang='lat' dir='ltr'>bitur</span> <span class='ocrx_word' id='word_1_559' title='bbox 1201 992 1298 1020; x_wconf 91' lang='lat' dir='ltr'>ultimo</span> <span class='ocrx_word' id='word_1_560' title='bbox 1326 993 1492 1028; x_wconf 81' lang='lat' dir='ltr'>Matthaei⁵‚</span> <span class='ocrx_word' id='word_1_561' title='bbox 1521 994 1580 1023; x_wconf 85' lang='lat' dir='ltr'>fieri</span> <span class='ocrx_word' id='word_1_562' title='bbox 1610 995 1692 1023; x_wconf 88' lang='lat' dir='ltr'>habet</span> <span class='ocrx_word' id='word_1_563' title='bbox 1720 995 1747 1024; x_wconf 92' lang='lat' dir='ltr'>in</span> <span class='ocrx_word' id='word_1_564' title='bbox 1776 996 1947 1026; x_wconf 80' lang='lat' dir='ltr'>invocatione</span> 
     </span>
     <span class='ocr_line' id='line_1_77' title="bbox 1095 1039 1947 1073; baseline 0.011 -9"><span class='ocrx_word' id='word_1_565' title='bbox 1095 1045 1229 1073; x_wconf 77' lang='lat' dir='ltr'>expressa</span> <span class='ocrx_word' id='word_1_566' title='bbox 1250 1039 1358 1067; x_wconf 87' lang='lat' dir='ltr'>divinae</span> <span class='ocrx_word' id='word_1_567' title='bbox 1380 1040 1529 1070; x_wconf 87' lang='lat' dir='ltr'>Trinitatis.</span> <span class='ocrx_word' id='word_1_568' title='bbox 1553 1041 1590 1069; x_wconf 91' lang='lat' dir='ltr'>lbi</span> <span class='ocrx_word' id='word_1_569' title='bbox 1612 1042 1684 1070; x_wconf 93' lang='lat' dir='ltr'>enim</span> <span class='ocrx_word' id='word_1_570' title='bbox 1705 1042 1825 1071; x_wconf 89' lang='lat' dir='ltr'>dicitur:</span> <span class='ocrx_word' id='word_1_571' title='bbox 1848 1044 1947 1073; x_wconf 83' lang='lat' dir='ltr'>Doeete</span> 
     </span>
     <span class='ocr_line' id='line_1_78' title="bbox 1095 1086 1948 1123; baseline 0.009 -12"><span class='ocrx_word' id='word_1_572' title='bbox 1095 1092 1193 1112; x_wconf 80' lang='lat' dir='ltr'>omnes</span> <span class='ocrx_word' id='word_1_573' title='bbox 1212 1089 1322 1122; x_wconf 74' lang='lat' dir='ltr'>yenteS,</span> <span class='ocrx_word' id='word_1_574' title='bbox 1345 1086 1529 1123; x_wconf 70' lang='lat' dir='ltr'>baptizantes</span> <span class='ocrx_word' id='word_1_575' title='bbox 1550 1096 1596 1116; x_wconf 81' lang='lat' dir='ltr'>eos</span> <span class='ocrx_word' id='word_1_576' title='bbox 1617 1089 1648 1116; x_wconf 85' lang='lat' dir='ltr'>in</span> <span class='ocrx_word' id='word_1_577' title='bbox 1668 1090 1783 1118; x_wconf 85' lang='lat' dir='ltr'>nomine</span> <span class='ocrx_word' id='word_1_578' title='bbox 1806 1091 1907 1119; x_wconf 81' lang='lat' dir='ltr'>Patris</span> <span class='ocrx_word' id='word_1_579' title='bbox 1922 1095 1948 1119; x_wconf 87' lang='lat' dir='ltr'>et</span> 
     </span>
     <span class='ocr_line' id='line_1_79' title="bbox 1095 1131 1947 1172; baseline 0.007 -13"><span class='ocrx_word' id='word_1_580' title='bbox 1095 1131 1166 1160; x_wconf 86' lang='lat' dir='ltr'>Filii</span> <span class='ocrx_word' id='word_1_581' title='bbox 1186 1134 1210 1159; x_wconf 87' lang='lat' dir='ltr'>et</span> <span class='ocrx_word' id='word_1_582' title='bbox 1232 1131 1363 1168; x_wconf 75' lang='lat' dir='ltr'>Spiritus</span> <span class='ocrx_word' id='word_1_583' title='bbox 1383 1134 1480 1162; x_wconf 79' lang='lat' dir='ltr'>sancti</span> <span class='ocrx_word' id='word_1_584' title='bbox 1490 1144 1499 1167; x_wconf 90' lang='lat'>,·</span> <span class='ocrx_word' id='word_1_585' title='bbox 1520 1137 1634 1171; x_wconf 89' lang='lat' dir='ltr'>propter</span> <span class='ocrx_word' id='word_1_586' title='bbox 1655 1135 1729 1172; x_wconf 89' lang='lat' dir='ltr'>qnod</span> <span class='ocrx_word' id='word_1_587' title='bbox 1748 1136 1775 1164; x_wconf 92' lang='lat' dir='ltr'>in</span> <span class='ocrx_word' id='word_1_588' title='bbox 1791 1136 1836 1165; x_wconf 89' lang='lat' dir='ltr'>illo</span> <span class='ocrx_word' id='word_1_589' title='bbox 1852 1138 1947 1165; x_wconf 86' lang='lat' dir='ltr'>Sacra-</span> 
     </span>
     <span class='ocr_line' id='line_1_80' title="bbox 1095 1178 1944 1218; baseline 0.007 -12"><span class='ocrx_word' id='word_1_590' title='bbox 1095 1182 1187 1207; x_wconf 90' lang='lat' dir='ltr'>mento</span> <span class='ocrx_word' id='word_1_591' title='bbox 1215 1178 1412 1208; x_wconf 84' lang='lat' dir='ltr'>fundamentali</span> <span class='ocrx_word' id='word_1_592' title='bbox 1440 1180 1584 1209; x_wconf 82' lang='lat' dir='ltr'>character</span> <span class='ocrx_word' id='word_1_593' title='bbox 1605 1181 1774 1218; x_wconf 88' lang='lat' dir='ltr'>imprimitur</span> <span class='ocrx_word' id='word_1_594' title='bbox 1795 1183 1944 1213; x_wconf 86' lang='lat' dir='ltr'>Trinitatis.</span> 
     </span>
    </p>

    <p class='ocr_par' dir='ltr' id='par_1_10' title="bbox 1095 1226 1947 1266">
     <span class='ocr_line' id='line_1_81' title="bbox 1095 1226 1947 1266; baseline 0.008 -13"><span class='ocrx_word' id='word_1_595' title='bbox 1095 1226 1149 1254; x_wconf 85' lang='lat' dir='ltr'>Hoc</span> <span class='ocrx_word' id='word_1_596' title='bbox 1170 1226 1262 1262; x_wconf 90' lang='lat' dir='ltr'>ipsum</span> <span class='ocrx_word' id='word_1_597' title='bbox 1286 1229 1422 1255; x_wconf 87' lang='lat' dir='ltr'>testantur</span> <span class='ocrx_word' id='word_1_598' title='bbox 1437 1230 1464 1255; x_wconf 92' lang='lat' dir='ltr'>et</span> <span class='ocrx_word' id='word_1_599' title='bbox 1478 1228 1579 1262; x_wconf 87' lang='lat' dir='ltr'>verba,</span> <span class='ocrx_word' id='word_1_600' title='bbox 1594 1228 1666 1257; x_wconf 90' lang='lat' dir='ltr'>inter</span> <span class='ocrx_word' id='word_1_601' title='bbox 1681 1237 1765 1266; x_wconf 88' lang='lat' dir='ltr'>quae,</span> <span class='ocrx_word' id='word_1_602' title='bbox 1780 1238 1844 1259; x_wconf 91' lang='lat' dir='ltr'>cum</span> <span class='ocrx_word' id='word_1_603' title='bbox 1859 1231 1947 1260; x_wconf 85' lang='lat' dir='ltr'>multa</span> 
     </span>
    </p>

    <p class='ocr_par' dir='ltr' id='par_1_11' title="bbox 1095 1273 1946 1314">
     <span class='ocr_line' id='line_1_82' title="bbox 1095 1273 1946 1314; baseline 0.008 -14"><span class='ocrx_word' id='word_1_604' title='bbox 1095 1273 1162 1307; x_wconf 85' lang='lat' dir='ltr'>sint,</span> <span class='ocrx_word' id='word_1_605' title='bbox 1185 1273 1253 1301; x_wconf 89' lang='lat' dir='ltr'>illud</span> <span class='ocrx_word' id='word_1_606' title='bbox 1274 1273 1389 1302; x_wconf 84' lang='lat' dir='ltr'>unicum</span> <span class='ocrx_word' id='word_1_607' title='bbox 1410 1277 1452 1302; x_wconf 85' lang='lat' dir='ltr'>est</span> <span class='ocrx_word' id='word_1_608' title='bbox 1472 1282 1651 1311; x_wconf 85' lang='lat' dir='ltr'>expressum,</span> <span class='ocrx_word' id='word_1_609' title='bbox 1667 1276 1742 1313; x_wconf 91' lang='lat' dir='ltr'>quod</span> <span class='ocrx_word' id='word_1_610' title='bbox 1756 1277 1865 1314; x_wconf 85' lang='lat' dir='ltr'>scripsit</span> <span class='ocrx_word' id='word_1_611' title='bbox 1879 1279 1946 1307; x_wconf 66' lang='lat' dir='ltr'>ami&lt;</span> 
     </span>
    </p>

    <p class='ocr_par' dir='ltr' id='par_1_12' title="bbox 1095 1320 1948 1411">
     <span class='ocr_line' id='line_1_83' title="bbox 1095 1320 1948 1364; baseline 0.007 -16"><span class='ocrx_word' id='word_1_612' title='bbox 1095 1328 1145 1348; x_wconf 91' lang='lat' dir='ltr'>cus</span> <span class='ocrx_word' id='word_1_613' title='bbox 1166 1320 1257 1357; x_wconf 88' lang='lat' dir='ltr'>sponsi</span> <span class='ocrx_word' id='word_1_614' title='bbox 1280 1320 1385 1357; x_wconf 88' lang='lat' dir='ltr'>primae</span> <span class='ocrx_word' id='word_1_615' title='bbox 1408 1321 1514 1350; x_wconf 86' lang='lat' dir='ltr'>loannis</span> <span class='ocrx_word' id='word_1_616' title='bbox 1535 1322 1673 1359; x_wconf 70' lang='lat' dir='ltr'>quinto⁶:</span> <span class='ocrx_word' id='word_1_617' title='bbox 1703 1324 1771 1353; x_wconf 81' lang='lat' dir='ltr'>Tres</span> <span class='ocrx_word' id='word_1_618' title='bbox 1792 1329 1876 1359; x_wconf 80' lang='lat' dir='ltr'>sunt,</span> <span class='ocrx_word' id='word_1_619' title='bbox 1896 1325 1948 1364; x_wconf 83' lang='lat' dir='ltr'>qai</span> 
     </span>
     <span class='ocr_line' id='line_1_84' title="bbox 1096 1368 1946 1411; baseline 0.007 -15"><span class='ocrx_word' id='word_1_620' title='bbox 1096 1368 1291 1397; x_wconf 81' lang='lat' dir='ltr'>testimoniam</span> <span class='ocrx_word' id='word_1_621' title='bbox 1313 1369 1386 1397; x_wconf 79' lang='lat' dir='ltr'>dant</span> <span class='ocrx_word' id='word_1_622' title='bbox 1406 1369 1438 1397; x_wconf 90' lang='lat' dir='ltr'>in</span> <span class='ocrx_word' id='word_1_623' title='bbox 1458 1370 1552 1404; x_wconf 82' lang='lat' dir='ltr'>caelo,</span> <span class='ocrx_word' id='word_1_624' title='bbox 1575 1370 1682 1405; x_wconf 85' lang='lat' dir='ltr'>Pater,</span> <span class='ocrx_word' id='word_1_625' title='bbox 1704 1371 1827 1400; x_wconf 77' lang='lat' dir='ltr'>Verbum</span> <span class='ocrx_word' id='word_1_626' title='bbox 1842 1376 1867 1401; x_wconf 86' lang='lat' dir='ltr'>et</span> <span class='ocrx_word' id='word_1_627' title='bbox 1881 1372 1946 1411; x_wconf 81' lang='lat' dir='ltr'>Spl—</span> 
     </span>
    </p>

    <p class='ocr_par' dir='ltr' id='par_1_13' title="bbox 1095 1415 2073 1505">
     <span class='ocr_line' id='line_1_85' title="bbox 1097 1415 2073 1451; baseline 0.006 -8"><span class='ocrx_word' id='word_1_628' title='bbox 1097 1415 1173 1443; x_wconf 70' lang='lat' dir='ltr'>ritus</span> <span class='ocrx_word' id='word_1_629' title='bbox 1193 1419 1331 1450; x_wconf 81' lang='lat' dir='ltr'>sanctas,</span> <span class='ocrx_word' id='word_1_630' title='bbox 1353 1420 1379 1445; x_wconf 87' lang='lat' dir='ltr'>et</span> <span class='ocrx_word' id='word_1_631' title='bbox 1399 1415 1431 1445; x_wconf 64' lang='lat' dir='ltr'>kz*</span> <span class='ocrx_word' id='word_1_632' title='bbox 1452 1420 1508 1445; x_wconf 76' lang='lat' dir='ltr'>tres</span> <span class='ocrx_word' id='word_1_633' title='bbox 1529 1426 1623 1446; x_wconf 79' lang='lat' dir='ltr'>unum</span> <span class='ocrx_word' id='word_1_634' title='bbox 1637 1422 1714 1447; x_wconf 77' lang='lat' dir='ltr'>sant.</span> <span class='ocrx_word' id='word_1_635' title='bbox 1731 1420 1784 1449; x_wconf 90' lang='lat' dir='ltr'>Hoc</span> <span class='ocrx_word' id='word_1_636' title='bbox 1798 1424 1891 1450; x_wconf 88' lang='lat' dir='ltr'>autem</span> <span class='ocrx_word' id='word_1_637' title='bbox 1907 1424 1945 1451; x_wconf 88' lang='lat' dir='ltr'>te·</span> <span class='ocrx_word' id='word_1_638' title='bbox 1959 1429 2073 1450; x_wconf 66' lang='lat' dir='ltr'>Notandum.</span> 
     </span>
     <span class='ocr_line' id='line_1_86' title="bbox 1095 1463 1945 1505; baseline 0.008 -14"><span class='ocrx_word' id='word_1_639' title='bbox 1095 1463 1256 1492; x_wconf 87' lang='lat' dir='ltr'>stimonium</span> <span class='ocrx_word' id='word_1_640' title='bbox 1277 1467 1318 1492; x_wconf 87' lang='lat' dir='ltr'>est</span> <span class='ocrx_word' id='word_1_641' title='bbox 1338 1464 1406 1493; x_wconf 82' lang='lat' dir='ltr'>adeo</span> <span class='ocrx_word' id='word_1_642' title='bbox 1427 1464 1527 1493; x_wconf 81' lang='lat' dir='ltr'>efficax</span> <span class='ocrx_word' id='word_1_643' title='bbox 1548 1468 1575 1494; x_wconf 90' lang='lat' dir='ltr'>et</span> <span class='ocrx_word' id='word_1_644' title='bbox 1595 1474 1777 1503; x_wconf 85' lang='lat' dir='ltr'>expressum,</span> <span class='ocrx_word' id='word_1_645' title='bbox 1799 1468 1873 1505; x_wconf 88' lang='lat' dir='ltr'>quod</span> <span class='ocrx_word' id='word_1_646' title='bbox 1891 1477 1945 1498; x_wconf 91' lang='lat' dir='ltr'>non</span> 
     </span>
    </p>

    <p class='ocr_par' dir='ltr' id='par_1_14' title="bbox 1094 1511 1946 1601">
     <span class='ocr_line' id='line_1_87' title="bbox 1095 1511 1946 1549; baseline 0.007 -10"><span class='ocrx_word' id='word_1_647' title='bbox 1095 1511 1185 1539; x_wconf 86' lang='lat' dir='ltr'>solum</span> <span class='ocrx_word' id='word_1_648' title='bbox 1207 1511 1379 1548; x_wconf 89' lang='lat' dir='ltr'>praedictum</span> <span class='ocrx_word' id='word_1_649' title='bbox 1401 1520 1499 1542; x_wconf 85' lang='lat' dir='ltr'>verum</span> <span class='ocrx_word' id='word_1_650' title='bbox 1521 1512 1584 1541; x_wconf 82' lang='lat' dir='ltr'>facit</span> <span class='ocrx_word' id='word_1_651' title='bbox 1605 1513 1751 1549; x_wconf 88' lang='lat' dir='ltr'>credibile,</span> <span class='ocrx_word' id='word_1_652' title='bbox 1773 1515 1800 1543; x_wconf 92' lang='lat' dir='ltr'>id</span> <span class='ocrx_word' id='word_1_653' title='bbox 1821 1519 1861 1544; x_wconf 87' lang='lat' dir='ltr'>est</span> <span class='ocrx_word' id='word_1_654' title='bbox 1880 1525 1946 1545; x_wconf 82' lang='lat' dir='ltr'>eon-</span> 
     </span>
     <span class='ocr_line' id='line_1_88' title="bbox 1094 1558 1946 1601; baseline 0.008 -15"><span class='ocrx_word' id='word_1_655' title='bbox 1094 1566 1205 1596; x_wconf 77' lang='lat' dir='ltr'>9runnz</span> <span class='ocrx_word' id='word_1_656' title='bbox 1227 1558 1318 1593; x_wconf 86' lang='lat' dir='ltr'>credi,</span> <span class='ocrx_word' id='word_1_657' title='bbox 1340 1567 1438 1588; x_wconf 89' lang='lat' dir='ltr'>verum</span> <span class='ocrx_word' id='word_1_658' title='bbox 1460 1559 1543 1588; x_wconf 88' lang='lat' dir='ltr'>etiam</span> <span class='ocrx_word' id='word_1_659' title='bbox 1564 1560 1706 1596; x_wconf 82' lang='lat' dir='ltr'>debitum,</span> <span class='ocrx_word' id='word_1_660' title='bbox 1731 1562 1798 1591; x_wconf 89' lang='lat' dir='ltr'>dum</span> <span class='ocrx_word' id='word_1_661' title='bbox 1820 1563 1946 1601; x_wconf 86' lang='lat' dir='ltr'>astringit</span> 
     </span>
    </p>

    <p class='ocr_par' dir='ltr' id='par_1_15' title="bbox 1096 1606 1645 1637">
     <span class='ocr_line' id='line_1_89' title="bbox 1096 1606 1645 1637; baseline 0.004 -3"><span class='ocrx_word' id='word_1_662' title='bbox 1096 1613 1145 1634; x_wconf 90' lang='lat' dir='ltr'>nos</span> <span class='ocrx_word' id='word_1_663' title='bbox 1166 1608 1193 1635; x_wconf 91' lang='lat' dir='ltr'>et</span> <span class='ocrx_word' id='word_1_664' title='bbox 1215 1609 1303 1635; x_wconf 88' lang='lat' dir='ltr'>arctat</span> <span class='ocrx_word' id='word_1_665' title='bbox 1323 1606 1357 1635; x_wconf 87' lang='lat' dir='ltr'>ad</span> <span class='ocrx_word' id='word_1_666' title='bbox 1378 1606 1446 1635; x_wconf 90' lang='lat' dir='ltr'>illud</span> <span class='ocrx_word' id='word_1_667' title='bbox 1468 1607 1645 1637; x_wconf 85' lang='lat' dir='ltr'>credendum.</span> 
     </span>
    </p>

    <p class='ocr_par' dir='ltr' id='par_1_16' title="bbox 1095 1653 2075 2447">
     <span class='ocr_line' id='line_1_90' title="bbox 1176 1653 1946 1695; baseline 0.009 -14"><span class='ocrx_word' id='word_1_668' title='bbox 1176 1653 1227 1682; x_wconf 85' lang='lat' dir='ltr'>Sed</span> <span class='ocrx_word' id='word_1_669' title='bbox 1249 1653 1315 1690; x_wconf 90' lang='lat' dir='ltr'>quia</span> <span class='ocrx_word' id='word_1_670' title='bbox 1335 1662 1393 1682; x_wconf 86' lang='lat' dir='ltr'>non</span> <span class='ocrx_word' id='word_1_671' title='bbox 1413 1662 1511 1682; x_wconf 81' lang='lat' dir='ltr'>omnes</span> <span class='ocrx_word' id='word_1_672' title='bbox 1532 1654 1668 1684; x_wconf 80' lang='lat' dir='ltr'>obediunt</span> <span class='ocrx_word' id='word_1_673' title='bbox 1695 1657 1890 1695; x_wconf 72' lang='lat' dir='ltr'>Evanyeli07,</span> <span class='ocrx_word' id='word_1_674' title='bbox 1919 1662 1946 1688; x_wconf 91' lang='lat' dir='ltr'>et</span> 
     </span>
     <span class='ocr_line' id='line_1_91' title="bbox 1096 1700 1946 1740; baseline 0.008 -13"><span class='ocrx_word' id='word_1_675' title='bbox 1096 1708 1194 1728; x_wconf 88' lang='lat' dir='ltr'>verum</span> <span class='ocrx_word' id='word_1_676' title='bbox 1216 1700 1284 1728; x_wconf 90' lang='lat' dir='ltr'>illud</span> <span class='ocrx_word' id='word_1_677' title='bbox 1305 1708 1391 1737; x_wconf 86' lang='lat' dir='ltr'>supra</span> <span class='ocrx_word' id='word_1_678' title='bbox 1412 1700 1546 1730; x_wconf 86' lang='lat' dir='ltr'>rationem</span> <span class='ocrx_word' id='word_1_679' title='bbox 1566 1705 1625 1736; x_wconf 89' lang='lat' dir='ltr'>est;</span> <span class='ocrx_word' id='word_1_680' title='bbox 1645 1702 1706 1732; x_wconf 87' lang='lat' dir='ltr'>ideo</span> <span class='ocrx_word' id='word_1_681' title='bbox 1720 1704 1840 1740; x_wconf 86' lang='lat' dir='ltr'>providit</span> <span class='ocrx_word' id='word_1_682' title='bbox 1853 1705 1946 1734; x_wconf 92' lang='lat' dir='ltr'>divina</span> 
     </span>
     <span class='ocr_line' id='line_1_92' title="bbox 1095 1746 2065 1789; baseline 0.008 -15"><span class='ocrx_word' id='word_1_683' title='bbox 1095 1746 1229 1783; x_wconf 84' lang='lat' dir='ltr'>sapientia</span> <span class='ocrx_word' id='word_1_684' title='bbox 1255 1749 1399 1776; x_wconf 90' lang='lat' dir='ltr'>aeternum</span> <span class='ocrx_word' id='word_1_685' title='bbox 1428 1748 1631 1784; x_wconf 84' lang='lat' dir='ltr'>testimonium,</span> <span class='ocrx_word' id='word_1_686' title='bbox 1662 1750 1737 1787; x_wconf 89' lang='lat' dir='ltr'>quod</span> <span class='ocrx_word' id='word_1_687' title='bbox 1765 1751 1876 1788; x_wconf 88' lang='lat' dir='ltr'>quidem</span> <span class='ocrx_word' id='word_1_688' title='bbox 1904 1756 1945 1782; x_wconf 90' lang='lat' dir='ltr'>est</span> <span class='ocrx_word' id='word_1_689' title='bbox 1958 1762 2015 1789; x_wconf 57' lang='lat' dir='ltr'>moy</span> <span class='ocrx_word' id='word_1_690' title='bbox 2026 1764 2065 1782; x_wconf 69' lang='lat' dir='ltr'>ton-</span> 
     </span>
     <span class='ocr_line' id='line_1_93' title="bbox 1097 1787 2031 1834; baseline 0.009 -13"><span class='ocrx_word' id='word_1_691' title='bbox 1097 1793 1167 1822; x_wconf 81' lang='lat' dir='ltr'>liber</span> <span class='ocrx_word' id='word_1_692' title='bbox 1194 1793 1278 1822; x_wconf 85' lang='lat' dir='ltr'>vitae.</span> <span class='ocrx_word' id='word_1_693' title='bbox 1309 1794 1355 1823; x_wconf 89' lang='lat' dir='ltr'>Hic</span> <span class='ocrx_word' id='word_1_694' title='bbox 1383 1797 1477 1824; x_wconf 88' lang='lat' dir='ltr'>autem</span> <span class='ocrx_word' id='word_1_695' title='bbox 1506 1795 1575 1825; x_wconf 88' lang='lat' dir='ltr'>liber</span> <span class='ocrx_word' id='word_1_696' title='bbox 1600 1797 1672 1826; x_wconf 90' lang='lat' dir='ltr'>vitae</span> <span class='ocrx_word' id='word_1_697' title='bbox 1693 1805 1742 1834; x_wconf 91' lang='lat' dir='ltr'>per</span> <span class='ocrx_word' id='word_1_698' title='bbox 1763 1806 1792 1827; x_wconf 86' lang='lat' dir='ltr'>se</span> <span class='ocrx_word' id='word_1_699' title='bbox 1813 1801 1840 1827; x_wconf 90' lang='lat' dir='ltr'>et</span> <span class='ocrx_word' id='word_1_700' title='bbox 1861 1799 1889 1828; x_wconf 93' lang='lat' dir='ltr'>in</span> <span class='ocrx_word' id='word_1_701' title='bbox 1917 1807 1945 1829; x_wconf 90' lang='lat' dir='ltr'>se</span> <span class='ocrx_word' id='word_1_702' title='bbox 1994 1787 2031 1805; x_wconf 66' lang='lat'>‘¹¹¹⁵</span> 
     </span>
     <span class='ocr_line' id='line_1_94' title="bbox 1096 1840 2065 1883; baseline 0.008 -15"><span class='ocrx_word' id='word_1_703' title='bbox 1096 1840 1225 1877; x_wconf 82' lang='lat' dir='ltr'>explicite</span> <span class='ocrx_word' id='word_1_704' title='bbox 1253 1843 1280 1869; x_wconf 92' lang='lat' dir='ltr'>et</span> <span class='ocrx_word' id='word_1_705' title='bbox 1307 1848 1440 1878; x_wconf 86' lang='lat' dir='ltr'>expresse</span> <span class='ocrx_word' id='word_1_706' title='bbox 1468 1843 1655 1872; x_wconf 87' lang='lat' dir='ltr'>testimonium</span> <span class='ocrx_word' id='word_1_707' title='bbox 1683 1844 1729 1873; x_wconf 87' lang='lat' dir='ltr'>dat</span> <span class='ocrx_word' id='word_1_708' title='bbox 1756 1844 1946 1883; x_wconf 83' lang='lat' dir='ltr'>irrefragabile</span> <span class='ocrx_word' id='word_1_709' title='bbox 1958 1856 2065 1881; x_wconf 65' lang='lat' dir='ltr'>numium:</span> 
     </span>
     <span class='ocr_line' id='line_1_95' title="bbox 1096 1881 2057 1931; baseline 0.008 -15"><span class='ocrx_word' id='word_1_710' title='bbox 1096 1888 1223 1917; x_wconf 90' lang='lat' dir='ltr'>Trinitati</span> <span class='ocrx_word' id='word_1_711' title='bbox 1244 1892 1373 1918; x_wconf 87' lang='lat' dir='ltr'>aeternae</span> <span class='ocrx_word' id='word_1_712' title='bbox 1394 1890 1438 1919; x_wconf 81' lang='lat' dir='ltr'>liis</span> <span class='ocrx_word' id='word_1_713' title='bbox 1458 1890 1506 1928; x_wconf 90' lang='lat' dir='ltr'>qui</span> <span class='ocrx_word' id='word_1_714' title='bbox 1528 1891 1655 1920; x_wconf 80' lang='lat' dir='ltr'>revelata</span> <span class='ocrx_word' id='word_1_715' title='bbox 1675 1890 1775 1929; x_wconf 58' lang='lat' dir='ltr'>facies</span> <span class='ocrx_word' id='word_1_716' title='bbox 1796 1893 1824 1922; x_wconf 90' lang='lat' dir='ltr'>in</span> <span class='ocrx_word' id='word_1_717' title='bbox 1842 1894 1946 1931; x_wconf 86' lang='lat' dir='ltr'>patria</span> <span class='ocrx_word' id='word_1_718' title='bbox 1970 1881 2057 1900; x_wconf 64' lang='lat' dir='ltr'>mmm.</span> 
     </span>
     <span class='ocr_line' id='line_1_96' title="bbox 1096 1936 1946 1971; baseline 0.008 -7"><span class='ocrx_word' id='word_1_719' title='bbox 1096 1936 1183 1965; x_wconf 82' lang='lat' dir='ltr'>Deum</span> <span class='ocrx_word' id='word_1_720' title='bbox 1205 1936 1313 1971; x_wconf 90' lang='lat' dir='ltr'>vident,</span> <span class='ocrx_word' id='word_1_721' title='bbox 1342 1937 1370 1966; x_wconf 94' lang='lat' dir='ltr'>in</span> <span class='ocrx_word' id='word_1_722' title='bbox 1397 1937 1448 1966; x_wconf 83' lang='lat' dir='ltr'>via</span> <span class='ocrx_word' id='word_1_723' title='bbox 1469 1941 1562 1967; x_wconf 84' lang='lat' dir='ltr'>autem</span> <span class='ocrx_word' id='word_1_724' title='bbox 1584 1939 1771 1969; x_wconf 90' lang='lat' dir='ltr'>testimonium</span> <span class='ocrx_word' id='word_1_725' title='bbox 1793 1941 1946 1971; x_wconf 90' lang='lat' dir='ltr'>secundum</span> 
     </span>
     <span class='ocr_line' id='line_1_97' title="bbox 1096 1983 1947 2026; baseline 0.008 -15"><span class='ocrx_word' id='word_1_726' title='bbox 1096 1983 1268 2012; x_wconf 81' lang='lat' dir='ltr'>influentiam</span> <span class='ocrx_word' id='word_1_727' title='bbox 1296 1984 1380 2019; x_wconf 83' lang='lat' dir='ltr'>lucis,</span> <span class='ocrx_word' id='word_1_728' title='bbox 1406 1985 1487 2014; x_wconf 88' lang='lat' dir='ltr'>cuius</span> <span class='ocrx_word' id='word_1_729' title='bbox 1514 1993 1603 2023; x_wconf 84' lang='lat' dir='ltr'>capax</span> <span class='ocrx_word' id='word_1_730' title='bbox 1630 1989 1672 2026; x_wconf 84' lang='lat' dir='ltr'>est</span> <span class='ocrx_word' id='word_1_731' title='bbox 1699 1988 1790 2017; x_wconf 86' lang='lat' dir='ltr'>anima</span> <span class='ocrx_word' id='word_1_732' title='bbox 1817 1988 1845 2017; x_wconf 93' lang='lat' dir='ltr'>in</span> <span class='ocrx_word' id='word_1_733' title='bbox 1873 1992 1947 2018; x_wconf 87' lang='lat' dir='ltr'>statu</span> 
     </span>
     <span class='ocr_line' id='line_1_98' title="bbox 1096 2031 1947 2070; baseline 0.007 -11"><span class='ocrx_word' id='word_1_734' title='bbox 1096 2031 1170 2065; x_wconf 83' lang='lat' dir='ltr'>viae;</span> <span class='ocrx_word' id='word_1_735' title='bbox 1192 2034 1223 2059; x_wconf 91' lang='lat' dir='ltr'>ut</span> <span class='ocrx_word' id='word_1_736' title='bbox 1244 2031 1318 2060; x_wconf 87' lang='lat' dir='ltr'>enim</span> <span class='ocrx_word' id='word_1_737' title='bbox 1338 2031 1440 2061; x_wconf 90' lang='lat' dir='ltr'>dicitur</span> <span class='ocrx_word' id='word_1_738' title='bbox 1461 2032 1568 2062; x_wconf 90' lang='lat' dir='ltr'>Ioannis</span> <span class='ocrx_word' id='word_1_739' title='bbox 1588 2034 1697 2070; x_wconf 84' lang='lat' dir='ltr'>prim0·:</span> <span class='ocrx_word' id='word_1_740' title='bbox 1726 2035 1789 2064; x_wconf 88' lang='lat' dir='ltr'>Vita</span> <span class='ocrx_word' id='word_1_741' title='bbox 1810 2040 1875 2065; x_wconf 78' lang='lat' dir='ltr'>erat</span> <span class='ocrx_word' id='word_1_742' title='bbox 1895 2036 1947 2065; x_wconf 76' lang='lat' dir='ltr'>lux</span> 
     </span>
     <span class='ocr_line' id='line_1_99' title="bbox 1096 2077 1947 2121; baseline 0.007 -15"><span class='ocrx_word' id='word_1_743' title='bbox 1096 2077 1263 2112; x_wconf 73' lang='lat' dir='ltr'>hominum,</span> <span class='ocrx_word' id='word_1_744' title='bbox 1284 2078 1351 2116; x_wconf 89' lang='lat' dir='ltr'>quia</span> <span class='ocrx_word' id='word_1_745' title='bbox 1371 2079 1441 2108; x_wconf 91' lang='lat' dir='ltr'>liber</span> <span class='ocrx_word' id='word_1_746' title='bbox 1463 2079 1515 2109; x_wconf 91' lang='lat' dir='ltr'>iste</span> <span class='ocrx_word' id='word_1_747' title='bbox 1536 2080 1607 2109; x_wconf 83' lang='lat' dir='ltr'>vitae</span> <span class='ocrx_word' id='word_1_748' title='bbox 1628 2084 1669 2110; x_wconf 91' lang='lat' dir='ltr'>est</span> <span class='ocrx_word' id='word_1_749' title='bbox 1691 2081 1742 2110; x_wconf 73' lang='lat' dir='ltr'>lux</span> <span class='ocrx_word' id='word_1_750' title='bbox 1763 2091 1850 2117; x_wconf 80' lang='lat' dir='ltr'>vera,</span> <span class='ocrx_word' id='word_1_751' title='bbox 1872 2092 1947 2121; x_wconf 81' lang='lat' dir='ltr'>quae</span> 
     </span>
     <span class='ocr_line' id='line_1_100' title="bbox 1095 2125 1945 2159; baseline 0.006 -5"><span class='ocrx_word' id='word_1_752' title='bbox 1095 2125 1243 2154; x_wconf 79' lang='lat' dir='ltr'>illuminat</span> <span class='ocrx_word' id='word_1_753' title='bbox 1263 2134 1377 2154; x_wconf 73' lang='lat' dir='ltr'>omnem</span> <span class='ocrx_word' id='word_1_754' title='bbox 1391 2125 1535 2155; x_wconf 74' lang='lat' dir='ltr'>bominem</span> <span class='ocrx_word' id='word_1_755' title='bbox 1553 2128 1709 2157; x_wconf 74' lang='lat' dir='ltr'>venientem</span> <span class='ocrx_word' id='word_1_756' title='bbox 1723 2129 1754 2157; x_wconf 90' lang='lat' dir='ltr'>in</span> <span class='ocrx_word' id='word_1_757' title='bbox 1768 2128 1846 2158; x_wconf 79' lang='lat' dir='ltr'>ltune</span> <span class='ocrx_word' id='word_1_758' title='bbox 1859 2139 1945 2159; x_wconf 82' lang='lat' dir='ltr'>mun-</span> 
     </span>
     <span class='ocr_line' id='line_1_101' title="bbox 1096 2172 2075 2214; baseline 0.006 -13"><span class='ocrx_word' id='word_1_759' title='bbox 1096 2172 1175 2201; x_wconf 80' lang='lat' dir='ltr'>dum.</span> <span class='ocrx_word' id='word_1_760' title='bbox 1198 2173 1337 2202; x_wconf 91' lang='lat' dir='ltr'>Illuminat</span> <span class='ocrx_word' id='word_1_761' title='bbox 1357 2176 1451 2203; x_wconf 90' lang='lat' dir='ltr'>autem</span> <span class='ocrx_word' id='word_1_762' title='bbox 1471 2173 1634 2212; x_wconf 84' lang='lat' dir='ltr'>dupliciter,</span> <span class='ocrx_word' id='word_1_763' title='bbox 1656 2175 1759 2205; x_wconf 87' lang='lat' dir='ltr'>scilicet</span> <span class='ocrx_word' id='word_1_764' title='bbox 1780 2185 1830 2214; x_wconf 91' lang='lat' dir='ltr'>per</span> <span class='ocrx_word' id='word_1_765' title='bbox 1849 2177 1945 2206; x_wconf 81' lang='lat' dir='ltr'>lumen</span> <span class='ocrx_word' id='word_1_766' title='bbox 1957 2187 2028 2206; x_wconf 72' lang='lat' dir='ltr'>Lumen</span> <span class='ocrx_word' id='word_1_767' title='bbox 2041 2187 2075 2206; x_wconf 74' lang='lat' dir='ltr'>au-</span> 
     </span>
     <span class='ocr_line' id='line_1_102' title="bbox 1095 2211 2038 2261; baseline 0.007 -13"><span class='ocrx_word' id='word_1_768' title='bbox 1095 2215 1222 2249; x_wconf 74' lang='lat' dir='ltr'>inditnm</span> <span class='ocrx_word' id='word_1_769' title='bbox 1246 2223 1274 2250; x_wconf 88' lang='lat' dir='ltr'>et</span> <span class='ocrx_word' id='word_1_770' title='bbox 1294 2229 1345 2258; x_wconf 91' lang='lat' dir='ltr'>per</span> <span class='ocrx_word' id='word_1_771' title='bbox 1366 2221 1462 2250; x_wconf 78' lang='lat' dir='ltr'>lumen</span> <span class='ocrx_word' id='word_1_772' title='bbox 1483 2221 1635 2259; x_wconf 79' lang='lat' dir='ltr'>infusum,</span> <span class='ocrx_word' id='word_1_773' title='bbox 1657 2231 1693 2252; x_wconf 88' lang='lat' dir='ltr'>ex</span> <span class='ocrx_word' id='word_1_774' title='bbox 1714 2232 1835 2261; x_wconf 90' lang='lat' dir='ltr'>quorum</span> <span class='ocrx_word' id='word_1_775' title='bbox 1863 2225 1944 2254; x_wconf 90' lang='lat' dir='ltr'>lumi-</span> <span class='ocrx_word' id='word_1_776' title='bbox 1989 2211 2038 2235; x_wconf 63' lang='lat'>&#39;³¹⁸¹‘</span> 
     </span>
     <span class='ocr_line' id='line_1_103' title="bbox 1095 2268 1944 2309; baseline 0.006 -13"><span class='ocrx_word' id='word_1_777' title='bbox 1095 2275 1163 2296; x_wconf 90' lang='lat' dir='ltr'>num</span> <span class='ocrx_word' id='word_1_778' title='bbox 1191 2275 1331 2297; x_wconf 85' lang='lat' dir='ltr'>concursu</span> <span class='ocrx_word' id='word_1_779' title='bbox 1359 2268 1471 2298; x_wconf 87' lang='lat' dir='ltr'>habitus</span> <span class='ocrx_word' id='word_1_780' title='bbox 1498 2269 1561 2299; x_wconf 88' lang='lat' dir='ltr'>fidei</span> <span class='ocrx_word' id='word_1_781' title='bbox 1590 2273 1721 2308; x_wconf 85' lang='lat' dir='ltr'>tanquam</span> <span class='ocrx_word' id='word_1_782' title='bbox 1748 2275 1944 2309; x_wconf 83' lang='lat' dir='ltr'>argumentum</span> 
     </span>
     <span class='ocr_line' id='line_1_104' title="bbox 1095 2314 1944 2353; baseline 0.005 -10"><span class='ocrx_word' id='word_1_783' title='bbox 1095 2314 1204 2344; x_wconf 87' lang='lat' dir='ltr'>elicitur</span> <span class='ocrx_word' id='word_1_784' title='bbox 1225 2315 1259 2344; x_wconf 88' lang='lat' dir='ltr'>ad</span> <span class='ocrx_word' id='word_1_785' title='bbox 1287 2315 1472 2351; x_wconf 86' lang='lat' dir='ltr'>credendum,</span> <span class='ocrx_word' id='word_1_786' title='bbox 1494 2317 1583 2346; x_wconf 91' lang='lat' dir='ltr'>Deum</span> <span class='ocrx_word' id='word_1_787' title='bbox 1603 2325 1663 2347; x_wconf 89' lang='lat' dir='ltr'>esse</span> <span class='ocrx_word' id='word_1_788' title='bbox 1684 2318 1804 2353; x_wconf 89' lang='lat' dir='ltr'>trinum,</span> <span class='ocrx_word' id='word_1_789' title='bbox 1826 2321 1853 2347; x_wconf 91' lang='lat' dir='ltr'>et</span> <span class='ocrx_word' id='word_1_790' title='bbox 1880 2326 1944 2347; x_wconf 90' lang='lat' dir='ltr'>con-</span> 
     </span>
     <span class='ocr_line' id='line_1_105' title="bbox 1095 2364 1943 2402; baseline 0.004 -11"><span class='ocrx_word' id='word_1_791' title='bbox 1095 2365 1244 2399; x_wconf 88' lang='lat' dir='ltr'>sequenter</span> <span class='ocrx_word' id='word_1_792' title='bbox 1265 2371 1346 2392; x_wconf 88' lang='lat' dir='ltr'>omne</span> <span class='ocrx_word' id='word_1_793' title='bbox 1367 2371 1482 2398; x_wconf 84' lang='lat' dir='ltr'>verum,</span> <span class='ocrx_word' id='word_1_794' title='bbox 1504 2364 1579 2401; x_wconf 88' lang='lat' dir='ltr'>quod</span> <span class='ocrx_word' id='word_1_795' title='bbox 1597 2364 1717 2402; x_wconf 86' lang='lat' dir='ltr'>pertinet</span> <span class='ocrx_word' id='word_1_796' title='bbox 1730 2365 1764 2393; x_wconf 88' lang='lat' dir='ltr'>ad</span> <span class='ocrx_word' id='word_1_797' title='bbox 1778 2365 1943 2394; x_wconf 87' lang='lat' dir='ltr'>christianae</span> 
     </span>
     <span class='ocr_line' id='line_1_106' title="bbox 1095 2409 1371 2447; baseline 0.004 -9"><span class='ocrx_word' id='word_1_798' title='bbox 1095 2409 1235 2447; x_wconf 84' lang='lat' dir='ltr'>religionis</span> <span class='ocrx_word' id='word_1_799' title='bbox 1255 2410 1371 2439; x_wconf 88' lang='lat' dir='ltr'>cultum.</span> 
     </span>
    </p>

    <p class='ocr_par' dir='ltr' id='par_1_17' title="bbox 1093 2457 2085 2639">
     <span class='ocr_line' id='line_1_107' title="bbox 1174 2457 2072 2495; baseline 0.001 -9"><span class='ocrx_word' id='word_1_800' title='bbox 1174 2457 1205 2486; x_wconf 90' lang='lat' dir='ltr'>Et</span> <span class='ocrx_word' id='word_1_801' title='bbox 1226 2457 1279 2486; x_wconf 89' lang='lat' dir='ltr'>hoc</span> <span class='ocrx_word' id='word_1_802' title='bbox 1300 2461 1375 2495; x_wconf 88' lang='lat' dir='ltr'>patet</span> <span class='ocrx_word' id='word_1_803' title='bbox 1402 2458 1449 2488; x_wconf 90' lang='lat' dir='ltr'>sic.</span> <span class='ocrx_word' id='word_1_804' title='bbox 1478 2459 1529 2488; x_wconf 88' lang='lat' dir='ltr'>Per</span> <span class='ocrx_word' id='word_1_805' title='bbox 1557 2458 1655 2488; x_wconf 85' lang='lat' dir='ltr'>lumen·</span> <span class='ocrx_word' id='word_1_806' title='bbox 1678 2459 1751 2488; x_wconf 90' lang='lat' dir='ltr'>enim</span> <span class='ocrx_word' id='word_1_807' title='bbox 1778 2459 1942 2489; x_wconf 87' lang='lat' dir='ltr'>naturaliter</span> <span class='ocrx_word' id='word_1_808' title='bbox 1963 2468 2072 2495; x_wconf 52' lang='lat' dir='ltr'>nxpncqmr</span> 
     </span>
     <span class='ocr_line' id='line_1_108' title="bbox 1095 2492 2085 2544; baseline 0.001 -11"><span class='ocrx_word' id='word_1_809' title='bbox 1095 2504 1198 2534; x_wconf 89' lang='lat' dir='ltr'>homini</span> <span class='ocrx_word' id='word_1_810' title='bbox 1220 2513 1236 2534; x_wconf 90' lang='lat' dir='ltr'>a</span> <span class='ocrx_word' id='word_1_811' title='bbox 1256 2505 1313 2534; x_wconf 89' lang='lat' dir='ltr'>Deo</span> <span class='ocrx_word' id='word_1_812' title='bbox 1333 2505 1452 2535; x_wconf 89' lang='lat' dir='ltr'>inditum</span> <span class='ocrx_word' id='word_1_813' title='bbox 1473 2509 1500 2535; x_wconf 90' lang='lat' dir='ltr'>et</span> <span class='ocrx_word' id='word_1_814' title='bbox 1525 2506 1663 2544; x_wconf 84' lang='lat' dir='ltr'>signatum</span> <span class='ocrx_word' id='word_1_815' title='bbox 1691 2509 1822 2543; x_wconf 86' lang='lat' dir='ltr'>tanquam</span> <span class='ocrx_word' id='word_1_816' title='bbox 1850 2507 1943 2536; x_wconf 89' lang='lat' dir='ltr'>lumen</span> <span class='ocrx_word' id='word_1_817' title='bbox 1952 2492 2085 2535; x_wconf 43' lang='lat' dir='ltr'>affinium-</span> 
     </span>
     <span class='ocr_line' id='line_1_109' title="bbox 1094 2552 1944 2592; baseline 0.002 -11"><span class='ocrx_word' id='word_1_818' title='bbox 1094 2552 1178 2581; x_wconf 86' lang='lat' dir='ltr'>divini</span> <span class='ocrx_word' id='word_1_819' title='bbox 1200 2553 1317 2582; x_wconf 79' lang='lat' dir='ltr'>vultus⁹</span> <span class='ocrx_word' id='word_1_820' title='bbox 1338 2553 1490 2591; x_wconf 88' lang='lat' dir='ltr'>unicuique</span> <span class='ocrx_word' id='word_1_821' title='bbox 1510 2553 1594 2582; x_wconf 84' lang='lat' dir='ltr'>dictat</span> <span class='ocrx_word' id='word_1_822' title='bbox 1622 2554 1692 2583; x_wconf 86' lang='lat' dir='ltr'>ratio</span> <span class='ocrx_word' id='word_1_823' title='bbox 1720 2554 1847 2591; x_wconf 87' lang='lat' dir='ltr'>propria,</span> <span class='ocrx_word' id='word_1_824' title='bbox 1869 2554 1944 2592; x_wconf 89' lang='lat' dir='ltr'>quod</span> 
     </span>
     <span class='ocr_line' id='line_1_110' title="bbox 1093 2598 1942 2639; baseline 0.002 -11"><span class='ocrx_word' id='word_1_825' title='bbox 1093 2598 1127 2628; x_wconf 90' lang='lat' dir='ltr'>de</span> <span class='ocrx_word' id='word_1_826' title='bbox 1148 2599 1238 2636; x_wconf 91' lang='lat' dir='ltr'>primo</span> <span class='ocrx_word' id='word_1_827' title='bbox 1258 2599 1394 2637; x_wconf 88' lang='lat' dir='ltr'>principio</span> <span class='ocrx_word' id='word_1_828' title='bbox 1421 2600 1596 2630; x_wconf 89' lang='lat' dir='ltr'>sentiendum</span> <span class='ocrx_word' id='word_1_829' title='bbox 1616 2604 1657 2630; x_wconf 89' lang='lat' dir='ltr'>est</span> <span class='ocrx_word' id='word_1_830' title='bbox 1678 2601 1818 2630; x_wconf 78' lang='lat' dir='ltr'>altissime</span> <span class='ocrx_word' id='word_1_831' title='bbox 1831 2604 1859 2630; x_wconf 88' lang='lat' dir='ltr'>et</span> <span class='ocrx_word' id='word_1_832' title='bbox 1868 2601 1942 2639; x_wconf 76' lang='lat' dir='ltr'>piis-</span> 
     </span>
    </p>
   </div>
   <div class='ocr_carea' id='block_1_8' title="bbox 1157 2761 1942 2868">
    <p class='ocr_par' dir='ltr' id='par_1_18' title="bbox 1157 2761 1942 2868">
     <span class='ocr_line' id='line_1_111' title="bbox 1157 2761 1880 2793; baseline 0.001 -8"><span class='ocrx_word' id='word_1_833' title='bbox 1157 2761 1167 2774; x_wconf 75' lang='lat'><strong>⁴</strong></span> <span class='ocrx_word' id='word_1_834' title='bbox 1184 2763 1267 2786; x_wconf 85' lang='lat' dir='ltr'>Psalm.</span> <span class='ocrx_word' id='word_1_835' title='bbox 1285 2764 1328 2791; x_wconf 78' lang='lat'>32,</span> <span class='ocrx_word' id='word_1_836' title='bbox 1346 2764 1367 2787; x_wconf 85' lang='lat'>6.</span> <span class='ocrx_word' id='word_1_837' title='bbox 1384 2763 1430 2787; x_wconf 83' lang='lat' dir='ltr'>Csr.</span> <span class='ocrx_word' id='word_1_838' title='bbox 1447 2765 1463 2787; x_wconf 89' lang='lat'>1.</span> <span class='ocrx_word' id='word_1_839' title='bbox 1481 2765 1543 2787; x_wconf 75' lang='lat' dir='ltr'>Seni.</span> <span class='ocrx_word' id='word_1_840' title='bbox 1560 2764 1592 2787; x_wconf 87' lang='lat' dir='ltr'>lit.</span> <span class='ocrx_word' id='word_1_841' title='bbox 1608 2764 1722 2793; x_wconf 83' lang='lat' dir='ltr'>Magistri,</span> <span class='ocrx_word' id='word_1_842' title='bbox 1739 2764 1762 2787; x_wconf 90' lang='lat' dir='ltr'>d.</span> <span class='ocrx_word' id='word_1_843' title='bbox 1779 2764 1803 2786; x_wconf 88' lang='lat' dir='ltr'>ll.</span> <span class='ocrx_word' id='word_1_844' title='bbox 1820 2769 1840 2786; x_wconf 87' lang='lat' dir='ltr'>c.</span> <span class='ocrx_word' id='word_1_845' title='bbox 1858 2763 1880 2786; x_wconf 75' lang='lat'>4.</span> 
     </span>
     <span class='ocr_line' id='line_1_112' title="bbox 1158 2800 1812 2832; baseline 0.002 -8"><span class='ocrx_word' id='word_1_846' title='bbox 1158 2800 1167 2813; x_wconf 88' lang='lat'>⁵</span> <span class='ocrx_word' id='word_1_847' title='bbox 1185 2802 1251 2825; x_wconf 87' lang='lat' dir='ltr'>Vers.</span> <span class='ocrx_word' id='word_1_848' title='bbox 1269 2803 1305 2826; x_wconf 63' lang='lat'>⁴9.</span> <span class='ocrx_word' id='word_1_849' title='bbox 1322 2803 1369 2826; x_wconf 83' lang='lat' dir='ltr'>Ct‘r.</span> <span class='ocrx_word' id='word_1_850' title='bbox 1386 2804 1424 2827; x_wconf 88' lang='lat' dir='ltr'>1V.</span> <span class='ocrx_word' id='word_1_851' title='bbox 1441 2804 1503 2827; x_wconf 84' lang='lat' dir='ltr'>Sent.</span> <span class='ocrx_word' id='word_1_852' title='bbox 1519 2803 1544 2827; x_wconf 87' lang='lat' dir='ltr'>d.</span> <span class='ocrx_word' id='word_1_853' title='bbox 1561 2804 1582 2827; x_wconf 87' lang='lat'>3.</span> <span class='ocrx_word' id='word_1_854' title='bbox 1600 2810 1623 2832; x_wconf 92' lang='lat' dir='ltr'>p.</span> <span class='ocrx_word' id='word_1_855' title='bbox 1640 2804 1655 2826; x_wconf 90' lang='lat'>1.</span> <span class='ocrx_word' id='word_1_856' title='bbox 1672 2809 1694 2826; x_wconf 87' lang='lat' dir='ltr'>a.</span> <span class='ocrx_word' id='word_1_857' title='bbox 1711 2804 1733 2826; x_wconf 82' lang='lat'>2.</span> <span class='ocrx_word' id='word_1_858' title='bbox 1750 2809 1773 2832; x_wconf 91' lang='lat' dir='ltr'>q.</span> <span class='ocrx_word' id='word_1_859' title='bbox 1790 2803 1812 2825; x_wconf 80' lang='lat'>2.</span> 
     </span>
     <span class='ocr_line' id='line_1_113' title="bbox 1157 2839 1942 2868; baseline 0 -5"><span class='ocrx_word' id='word_1_860' title='bbox 1157 2839 1168 2853; x_wconf 77' lang='lat'>⁶</span> <span class='ocrx_word' id='word_1_861' title='bbox 1184 2842 1250 2864; x_wconf 84' lang='lat' dir='ltr'>Vers.</span> <span class='ocrx_word' id='word_1_862' title='bbox 1266 2842 1290 2865; x_wconf 89' lang='lat'>7.</span> <span class='ocrx_word' id='word_1_863' title='bbox 1736 2840 1744 2854; x_wconf 84' lang='lat'>⁷</span> <span class='ocrx_word' id='word_1_864' title='bbox 1762 2842 1829 2864; x_wconf 85' lang='lat' dir='ltr'>Rom.</span> <span class='ocrx_word' id='word_1_865' title='bbox 1849 2842 1887 2868; x_wconf 76' lang='lat'>10,</span> <span class='ocrx_word' id='word_1_866' title='bbox 1906 2842 1942 2864; x_wconf 74' lang='grc'>16.</span> 
     </span>
    </p>
   </div>
   <div class='ocr_carea' id='block_1_9' title="bbox 1095 2879 1941 2982">
    <p class='ocr_par' dir='ltr' id='par_1_19' title="bbox 1095 2879 1941 2982">
     <span class='ocr_line' id='line_1_114' title="bbox 1157 2879 1941 2911; baseline -0.001 -8"><span class='ocrx_word' id='word_1_867' title='bbox 1157 2879 1167 2892; x_wconf 78' lang='lat'><strong>⁰</strong></span> <span class='ocrx_word' id='word_1_868' title='bbox 1185 2881 1255 2909; x_wconf 87' lang='lat' dir='ltr'>Epist.</span> <span class='ocrx_word' id='word_1_869' title='bbox 1266 2882 1290 2904; x_wconf 89' lang='lat'>11.</span> <span class='ocrx_word' id='word_1_870' title='bbox 1302 2881 1355 2905; x_wconf 86' lang='lat' dir='ltr'>Cor.</span> <span class='ocrx_word' id='word_1_871' title='bbox 1372 2882 1400 2910; x_wconf 86' lang='lat'>3,</span> <span class='ocrx_word' id='word_1_872' title='bbox 1418 2882 1455 2904; x_wconf 73' lang='lat'>48.</span> <span class='ocrx_word' id='word_1_873' title='bbox 1471 2894 1503 2899; x_wconf 93' lang='lat'><strong>—</strong></span> <span class='ocrx_word' id='word_1_874' title='bbox 1520 2882 1573 2911; x_wconf 82' lang='lat' dir='ltr'>Seq.</span> <span class='ocrx_word' id='word_1_875' title='bbox 1591 2885 1664 2904; x_wconf 76' lang='lat' dir='ltr'>textus</span> <span class='ocrx_word' id='word_1_876' title='bbox 1681 2883 1715 2903; x_wconf 84' lang='lat' dir='ltr'>est</span> <span class='ocrx_word' id='word_1_877' title='bbox 1732 2881 1791 2903; x_wconf 87' lang='lat' dir='ltr'>loan.</span> <span class='ocrx_word' id='word_1_878' title='bbox 1810 2881 1835 2908; x_wconf 75' lang='lat' dir='ltr'>t,</span> <span class='ocrx_word' id='word_1_879' title='bbox 1854 2880 1875 2903; x_wconf 70' lang='lat'>4.</span> <span class='ocrx_word' id='word_1_880' title='bbox 1887 2883 1908 2902; x_wconf 86' lang='lat' dir='ltr'>et</span> <span class='ocrx_word' id='word_1_881' title='bbox 1920 2880 1941 2902; x_wconf 84' lang='lat'>9.</span> 
     </span>
     <span class='ocr_line' id='line_1_115' title="bbox 1157 2918 1941 2949; baseline -0.001 -6"><span class='ocrx_word' id='word_1_882' title='bbox 1157 2918 1167 2932; x_wconf 81' lang='lat'>⁹</span> <span class='ocrx_word' id='word_1_883' title='bbox 1186 2921 1268 2943; x_wconf 81' lang='lat' dir='ltr'>Psalm.</span> <span class='ocrx_word' id='word_1_884' title='bbox 1286 2920 1311 2948; x_wconf 75' lang='lat'>4,</span> <span class='ocrx_word' id='word_1_885' title='bbox 1328 2920 1354 2943; x_wconf 85' lang='lat'>7:</span> <span class='ocrx_word' id='word_1_886' title='bbox 1373 2921 1493 2949; x_wconf 76' lang='lat' dir='ltr'>Signatum</span> <span class='ocrx_word' id='word_1_887' title='bbox 1510 2924 1544 2944; x_wconf 83' lang='lat' dir='ltr'>est</span> <span class='ocrx_word' id='word_1_888' title='bbox 1560 2926 1631 2949; x_wconf 84' lang='lat' dir='ltr'>super</span> <span class='ocrx_word' id='word_1_889' title='bbox 1648 2926 1689 2943; x_wconf 87' lang='lat' dir='ltr'>nos</span> <span class='ocrx_word' id='word_1_890' title='bbox 1706 2920 1783 2943; x_wconf 85' lang='lat' dir='ltr'>lumen</span> <span class='ocrx_word' id='word_1_891' title='bbox 1802 2921 1879 2942; x_wconf 83' lang='lat' dir='ltr'>vultus</span> <span class='ocrx_word' id='word_1_892' title='bbox 1896 2919 1941 2946; x_wconf 85' lang='lat' dir='ltr'>tui,</span> 
     </span>
     <span class='ocr_line' id='line_1_116' title="bbox 1095 2960 1199 2982; baseline 0 0"><span class='ocrx_word' id='word_1_893' title='bbox 1095 2960 1199 2982; x_wconf 87' lang='lat' dir='ltr'>Domine.</span> 
     </span>
    </p>
   </div>
  </div>
 </body>
</html>
