2285 3398
767 186 797 216 ιΝ
820 178 1039 214 HEXAEMERON
1060 183 1223 213 coctano
1244 185 1330 214 xviii.

172 268 205 294 ut
225 265 290 294 dicit
312 265 497 303 Augustinus,
520 273 569 294 nec
591 266 678 294 Deum
701 273 750 294 nec
779 265 916 293 hominem
945 264 1021 292 time-

173 312 237 341 bat:
260 312 399 341 hominem
421 320 491 347 non,
513 313 579 350 quia
601 321 682 349 sopor
705 312 826 341 irruerat
855 312 880 340 in
909 318 1019 344 omnes;

173 359 261 388 Deum
283 368 353 394 non,
375 360 441 397 quia
463 360 506 389 ille
529 360 694 397 reprobatus
721 362 796 393 erat,
824 362 851 388 et
875 358 958 387 David
980 365 1021 387 se-

173 406 295 435 cundum
327 406 470 435 veritatem
493 414 544 435 rex
576 409 650 440 erat,
672 409 699 435 et
731 409 821 435 minen
843 414 878 434 cx
908 405 1021 434 caritate

172 453 282 482 dimisit.
306 453 337 482 Et
364 453 490 482 similiter
519 454 546 482 in
573 453 702 482 omnibus
725 453 850 482 Patribus
882 452 933 481 suit
955 452 1021 480 llaec

173 501 303 534 caritas,-
324 501 371 538 qui
394 504 500 535 tamen,
522 501 544 529 si
565 500 714 537 aliquando
732 501 906 531 reciderunt,
929 499 1020 536 poeni-

174 551 296 577 tuerunt.
319 548 394 577 Unde
416 549 437 577 si
459 548 585 585 displicet
608 548 655 576 tibi
684 556 765 576 rasus
787 547 887 582 David,
917 547 1022 584 placatt

175 595 222 624 tibi
244 596 304 624 eius
325 595 505 633 poenitentia,
528 597 559 623 ut
586 594 652 623 dicit
682 595 894 631 Hier‹›uyinus¹,
920 596 946 622 et
973 594 1020 622 lia-

173 642 222 671 bes
244 643 269 671 in
293 643 360 677 lior,
383 644 414 671 ut
438 642 472 671 de
499 649 565 670 casu
588 649 638 669 suo
661 642 754 670 nullus
774 641 916 678 desperet,
939 644 966 669 et
987 640 1020 669 de

173 692 246 718 statu
268 698 319 719 suo
340 690 434 718 nullus
455 691 623 726 praesumat.

254 738 297 766 15.
319 737 412 765 Gratia
442 738 535 764 autem
557 744 679 764 sursum
711 744 800 772 asseris
823 736 940 764 liabetur
972 743 1021 771 per

47 788 131 811 namma
145 789 163 807 ³-
172 793 259 822 spem.
283 783 445 813 Psalmus2:
469 782 546 818 Qulcl
567 782 642 810 enim.
670 782 743 810 milei
764 787 803 810 es!
824 782 856 810 in
881 781 975 815 caelo,
996 785 1022 809 ec

31 812 193 860 32r⁴5·³g¹mffia
215 836 239 860 te
256 832 327 870 quid
348 830 428 859 volui
447 838 536 867 super
558 829 694 858 terram?
726 830 801 858 Deus·
829 829 927 858 cordis
947 828 1021 861 mel,

31 859 165 878 consideratio·
497 876 502 881 ,
808 876 811 880 ,
837 876 840 880 ,
916 876 920 880 ,
948 876 952 880 ,

31 888 80 902 nem·
173 882 197 907 et
215 887 292 916 pars
312 886 377 906 mea
394 877 469 905 Deus
490 885 521 905 ιη
542 880 709 910 aeternavit,
731 880 758 905 et
779 876 858 904 alibi:
884 876 967 904 Dzaez:
990 879 1021 903 tu

172 934 201 953 es
221 933 285 962 spes
305 932 387 957 meu,
415 923 509 961 portio
536 931 602 951 ‘inea
627 923 658 951 in
687 927 767 951 terra
787 923 961 954 viventium,
991 925 1022 950 nt

173 975 262 1000 totum
284 973 443 1000 reservetur
465 970 492 999 in
514 970 588 998 illam
611 970 737 1007 patriani.
768 970 828 998 ldeo
863 969 936 1006 quod
961 978 1021 997 mo-

174 1022 358 1047 mentaneum
389 1022 430 1047 cst
459 1022 486 1046 el
516 1017 571 1046 leoc
603 1017 800 1046 trilmlationis
830 1020 947 1045 nostrae
975 1026 1021 1045 ae-

173 1069 289 1094 ternum
308 1065 422 1103 gyloriae
432 1064 550 1102 pondus
571 1068 720 1102 operatur.
737 1063 870 1092 Dominus
887 1063 959 1091 enim
975 1063 1021 1092 de-

173 1113 331 1142 lectationes
353 1112 436 1141 habet
456 1112 484 1140 in
505 1112 637 1146 dextera;
657 1112 794 1141 Psalmus:
818 1110 1021 1139 Delectationcs

172 1160 203 1188 in
224 1161 343 1189 dextera
372 1164 424 1189 tua
445 1168 536 1198 usque
563 1159 594 1188 in
615 1159 719 1196 finem.;
747 1159 774 1187 in
802 1158 914 1187 sinistra
940 1158 1021 1186 liabet

171 1207 280 1236 divitias
301 1211 328 1236 et
349 1207 450 1245 glorias
464 1209 491 1236 et
511 1207 711 1236 consolationes
732 1199 904 1243 temporales.
934 1205 1021 1234 Debe-

172 1262 234 1283 mus
255 1258 348 1284 autem
369 1255 519 1284 adhaerere
540 1254 688 1288 dexteram
706 1253 842 1283 Psalmus:
865 1253 907 1281 Me
925 1261 1020 1281 susce-
1049 1266 1050 1270 =

169 1302 214 1338 pit
235 1302 354 1330 dextera
375 1305 444 1336 tua,
466 1301 589 1330 Domine.
614 1301 684 1338 Ergo
706 1300 843 1338 praemia
871 1300 1021 1337 disponunt

171 1349 205 1377 ad
228 1349 341 1383 tertium
362 1352 455 1378 actum
476 1349 588 1386 gratiae.
602 1365 638 1369 —
654 1348 784 1377 Similiter
799 1348 915 1385 gratiam
939 1347 1020 1376 [neli-

171 1400 287 1426 na'ncem
310 1397 374 1426 facit
394 1397 498 1426 habere
519 1399 619 1434 quarta
634 1395 828 1430 consideratio,
844 1395 947 1424 scilicet
962 1400 1020 1423 lor-

171 1448 336 1474 mentorum
358 1443 551 1482 infernalium
563 1444 583 1472 ⁸.

256 1492 299 1520 16.
336 1491 466 1520 Similiter
501 1491 631 1519 iustitiae
665 1493 787 1527 quatuor
821 1493 901 1519 actus
936 1493 1019 1519 sunt:

42 1543 156 1570 ‚nqsruezu
169 1538 267 1577 facere
295 1539 386 1573 bona,
414 1537 517 1576 fuyere
544 1537 643 1571 mala,
671 1535 838 1574 formidare
856 1546 1019 1574 prospera,

41 1569 158 1610 ffifflagcffl
168 1585 248 1623 ferre
267 1586 402 1615 adversa.
419 1602 457 1606 -—
471 1585 510 1614 De
532 1584 629 1621 primis
649 1584 759 1612 duobus
780 1584 942 1612 Psalmus⁴:
967 1585 1019 1612 De—

41 1614 81 1633 bus'
169 1633 247 1661 clina
268 1641 288 1661 a
308 1630 386 1661 malo
407 1635 433 1660 et
458 1630 509 1669 fac
531 1631 647 1659 bonum.
672 1630 757 1659 Oculi
786 1630 907 1659 Domini
930 1639 1020 1668 super

170 1680 279 1714 iustos,-
300 1683 342 1709 et:
373 1679 473 1708 Vultus
497 1682 596 1707 aulem
626 1678 744 1707 Dmnini
763 1686 853 1715 super
880 1676 1020 1714 facientes

169 1728 259 1757 mala.
282 1744 319 1748 —
342 1727 380 1756 De
402 1726 498 1755 tertio:
522 1726 631 1754 Beatus
652 1725 753 1760 homo,
775 1725 827 1764 qui
846 1733 959 1762 semper
980 1729 1020 1753 est

168 1776 296 1812 pavidus
317 1775 344 1803 in
367 1773 606 1811 prosperitatibus.
630 1773 705 1802 Unde
727 1774 817 1802 iustus
844 1773 1019 1810 deprecatur,

170 1830 204 1851 ne
226 1825 304 1855 ruat,
327 1824 354 1850 et
374 1821 397 1849 si
412 1824 541 1854 corruat,
562 1824 594 1849 ut
608 1825 751 1858 resurgat;
773 1821 838 1858 quia
856 1820 957 1858 septies
971 1829 1019 1849 ca-

170 1869 214 1898 det
229 1869 326 1897 iustus
346 1871 370 1896 et
388 1871 528 1905 resur-yet.
544 1884 584 1889 —
598 1868 636 1897 De
657 1871 758 1905 quarto
779 1868 806 1897 in
829 1868 983 1897 Proverbiis
995 1868 1018 1896 ⁵:

170 1917 271 1945 Iustus
291 1915 380 1953 qua-si
400 1915 440 1943 leo
461 1914 607 1952 conficiens
628 1915 735 1954 absque
756 1920 866 1944 terrore
886 1915 948 1944 crit.
973 1915 1018 1944 Et:

171 1963 270 1997 Beati,
292 1962 345 2001 qui
369 1962 596 2000 persecutionem
616 1963 775 2000 patiuntur
794 1967 915 2000 propter
936 1963 1019 1992 iusti-

171 2010 251 2038 tiam.
276 2010 321 2038 Et:
344 2010 406 2038 Pro
428 2009 542 2038 iustitia
563 2010 728 2048 ayonizare
747 2019 802 2048 pro
824 2010 928 2039 anima
942 2013 1019 2044 tua,

170 2061 195 2086 cl
217 2066 307 2096 usque
327 2057 367 2086 ad
387 2060 509 2086 mortem
532 2061 611 2086 certa
629 2066 686 2095 pro
707 2057 830 2087 iustitia.

252 2106 294 2133 17.
322 2105 367 2134 Isti
399 2105 508 2134 fructus
539 2105 670 2134 oriuntur
690 2113 738 2134 ex
769 2102 892 2142 quatuor
923 2105 1020 2134 mediis

28 2158 160 2201 egifffiltffi
169 2152 450 2186 considerationibus,
482 2152 586 2181 scilicet
616 2155 806 2186 antrorsum,
839 2155 1018 2186 retrorsum,

27 2200 355 2234 cqnsmerauo-‹Ieaelrorsum
368 2223 376 2234 ,
397 2200 624 2233 sinistrorsum,
653 2202 703 2233 ut,
735 2199 888 2228 secundum
920 2199 1019 2236 Diony-

29 2230 90 2249 nnm'
170 2248 241 2277 sium
254 2247 275 2282 ⁶,
296 2248 388 2276 anima
415 2250 560 2276 moveatur
588 2246 789 2281 circulariter,
819 2250 892 2276 recte
916 2250 941 2275 et
961 2247 1018 2275 cir-

1864 187 1919 214 417

1078 263 1223 299 cumsbfaee.
1248 264 1279 291 Et
1306 264 1372 292 dicit.
1403 264 1570 299 lticliardus,
1593 265 1665 301 quod
1695 265 1828 302 quaedam
1859 272 1922 293 aves

1078 318 1191 338 sursum
1214 311 1321 345 volant,
1343 311 1477 347 <praedam
1504 312 1649 346 deorsum,
1672 311 1806 349 quaedam
1834 311 1922 340 circu-

1080 357 1188 392 lariter,
1211 357 1344 395 quaedam
1367 362 1429 386 ante
1450 362 1501 386 etr..
1524 359 1566 387 Sic
1588 359 1678 387 anima
1699 368 1747 395 per
1775 359 1839 387 istas
1859 366 1922 386 con-

1078 404 1265 433 siderationcs.

1160 453 1202 480 18.
1227 452 1266 480 Ex
1298 453 1388 489 prima
1418 452 1634 481 consideratione
1667 454 1784 481 liabetur
1816 452 2044 489 primusmctusm-

1078 502 1169 533 actus,
1191 499 1294 528 scilicet
1315 500 1412 537 s'acere
1434 499 1553 533 honuni,
1577 509 1624 536 per
1645 500 1824 529 directionem
1847 507 1924 537 prae·
1967 487 2013 499 ΠΜ

1078 548 1238 582 ceptorum3
1259 546 1287 574 si
1316 546 1361 574 vis
1381 547 1421 574 art
1454 547 1543 574 eitam
1565 547 1696 583 ingredi,
1728 556 1814 575 serva
1842 555 1925 575 man-

1078 593 1180 621 ‹lata⁷.
1202 592 1390 621 Consideratio
1410 593 1483 621 enim
1513 594 1705 622 mandatorum
1728 594 1774 623 Dei
1805 593 1867 623 facit
1889 594 1926 622 sa—

1078 648 1140 669 cere
1167 641 1277 669 honum.
1302 641 1479 677 Praeceptum
1502 641 1609 669 Domini
1639 645 1745 670 rectum
1767 645 1808 670 est
1829 642 1856 670 in
1879 649 1926 675 se;

1080 688 1183 717 iustitia
1210 689 1283 717 enim
1312 688 1379 717 nihil
1408 688 1482 717 aliud
1511 692 1567 722 est,
1596 697 1679 726 quam
1707 689 1861 724 rectitud03
1884 697 1926 718 re-

1078 735 1183 763 ctitudo
1210 738 1302 763 autem
1331 743 1380 772 per
1406 744 1434 764 se
1459 738 1500 764 est
1522 735 1548 763 in
1571 736 1642 772 lege,
1665 744 1713 772 per
1742 736 1927 774 participatio-

1079 790 1141 810 nem
1163 782 1190 810 in
1211 785 1347 811 servante.
1369 782 1485 819 Oportet
1506 790 1572 819 ergo
1587 786 1733 820 praecepta
1754 783 1846 812 divina
1860 792 1925 812 con-
1939 789 1981 807 wa
1998 793 2060 815 neces-

1078 829 1226 862 sulm-are,
1248 832 1413 866 acceptare,
1435 838 1557 863 amare,-
1585 830 1606 859 si
1629 830 1667 859 sic
1695 830 1823 859 fecissent
1844 831 1925 859 Adam
1972 817 2027 831 ΝΜ

1078 878 1106 903 et
1133 876 1202 909 Eva,
1234 884 1288 904 non
1314 876 1493 910 cecidissent;
1525 880 1552 905 et
1580 877 1618 905 sic
1647 877 1852 906 transformaris
1877 874 1926 915 per

1079 930 1210 951 amorem.

1161 971 1204 998 19.
1238 970 1277 998 Ex
1307 969 1428 999 secunda
1455 970 1672 999 consideratione
1700 971 1790 999 oritur
1818 970 1926 1001 fructus
1940 977 2044 996 Secundus·

1080 1017 1215 1051 iustitiae,
1244 1017 1347 1046 scilicet
1367 1015 1470 1054 fugere
1492 1017 1591 1051 mala,
1613 1017 1715 1046 scilicet
1737 1026 1786 1054 per
1814 1018 1927 1047 iudicia

1079 1064 1230 1096 districtiu
1246 1064 1451 1093 Ecclesiasticus
1462 1063 1486 1092 ⁸:
1503 1063 1544 1092 Ne
1557 1064 1679 1092 semines
1696 1064 1777 1092 mala
1792 1065 1824 1093 in
1838 1065 1928 1093 sulcis

1079 1110 1255 1148 initis-tiliae,
1278 1114 1303 1139 el
1323 1119 1381 1139 non
1409 1114 1494 1139 metes
1514 1119 1548 1139 ea
1576 1111 1608 1139 in
1628 1111 1800 1148 septuplam.
1830 1111 1928 1140 Nullus

1079 1158 1151 1186 enini
1175 1158 1234 1186 vult
1255 1161 1359 1187 metere
1381 1158 1511 1186 zizaniam
1534 1158 1577 1186 vel
1599 1158 1710 1193 lolium,
1732 1159 1812 1195 quia,
1835 1162 1867 1187 ut
1887 1159 1928 1188 di-

1079 1205 1151 1233 citur
1174 1205 1199 1233 in
1226 1205 1456 1239 Deuteronomio,
1486 1205 1572 1233 iuxta
1599 1205 1719 1234 modum
1747 1206 1850 1243 culpae
1875 1207 1930 1235 erit

1078 1256 1103 1280 ec
1122 1252 1284 1289 playarum
1305 1252 1417 1280 modus.
1440 1251 1627 1280 Consideratio
1649 1252 1733 1289 igitur
1749 1253 1929 1282 iudiciorum

1079 1299 1142 1327 facit
1163 1299 1259 1336 sugere
1280 1299 1359 1328 mala.

1158 1348 1202 1376 20.
1226 1347 1266 1375 Ex
1290 1347 1370 1376 tertia
1388 1347 1618 1382 consideratione,
1640 1348 1743 1377 scilicet
1765 1356 1814 1385 per
1834 1357 1929 1378 severe
1942 1354 2022 1373 Tertius-

1078 1394 1200 1428 solatia,
1223 1394 1314 1423 oritur
1336 1394 1445 1424 fructus
1470 1394 1606 1429 iustitiae,
1634 1395 1737 1425 scilicet
1764 1395 1929 1434 formidare

1076 1450 1228 1479 prospera.
1251 1441 1356 1472 Oblatis
1376 1443 1449 1472 enim
1465 1442 1631 1477 honoribus,
1654 1443 1724 1480 sugit
1745 1444 1841 1479 homo,
1864 1445 1929 1482 quia

1078 1489 1156 1518 timet
1177 1489 1205 1517 in
1226 1489 1336 1526 culpam
1358 1489 1492 1524 incidere,
1514 1490 1580 1526 quia
1594 1490 1621 1518 in
1643 1490 1767 1527 quolibet
1788 1499 1874 1528 grano
1888 1494 1929 1520 est

1078 1536 1195 1565 vermis:
1218 1536 1245 1564 in
1266 1544 1353 1573 grano
1382 1536 1510 1571 honoris,
1532 1536 1633 1570 elatio;
1655 1537 1682 1565 in
1714 1545 1800 1574 grano
1821 1538 1928 1567 divitia—

1078 1592 1158 1617 rum,
1174 1583 1322 1616 auaritia,-
1344 1583 1370 1611 in
1385 1591 1472 1620 grano
1489 1583 1664 1619 deliciarum,
1684 1584 1926 1621 concupiscentia.

1078 1630 1196 1659 Fructus
1216 1630 1290 1659 enim
1311 1629 1423 1667 quidam
1438 1633 1516 1664 sunt,
1537 1630 1585 1667 qui
1607 1631 1699 1659 statim
1715 1631 1849 1668 incipiunt
1864 1639 1927 1660 ver-

1077 1677 1192 1711 minari,
1216 1679 1246 1705 ut
1266 1684 1361 1705 cerasa
1382 1676 1409 1705 in
1432 1677 1514 1705 ltalia.
1536 1677 1653 1714 Quidam
1675 1682 1755 1713 sunt,
1777 1679 1825 1716 qui
1843 1686 1927 1716 appa—

1078 1728 1140 1753 rent
1160 1724 1272 1761 optimi,
1292 1727 1320 1753 et
1341 1726 1433 1753 tamen
1455 1725 1557 1753 vermis
1578 1728 1619 1754 est
1640 1725 1723 1755 intus.
1740 1743 1778 1746 —
1798 1726 1926 1761 Econtra,
1940 1736 2028 1758 Quartus.

1077 1779 1126 1808 per
1141 1771 1241 1799 dulcia
1254 1770 1371 1808 flagella
1392 1771 1548 1800 ostenditur
1569 1772 1679 1801 fructus
1701 1773 1820 1802 iustitiae
1842 1781 1927 1811 quar-

1078 1821 1139 1852 tus,
1160 1818 1263 1847 scilicet
1285 1818 1420 1855 patienter
1445 1817 1524 1856 serre
1545 1820 1689 1854 adversa,-
1710 1820 1772 1849 vide
1795 1821 1925 1855 Paulum,

1077 1866 1265 1895 Laurentium.

1156 1915 1202 1943 21.
1224 1914 1355 1943 Similiter
1375 1914 1536 1952 sapientiae
1556 1914 1675 1953 fructus
1690 1923 1725 1944 ex
1747 1919 1868 1953 quatuor
1883 1916 1926 1945 ul-
1935 1923 2069 1951 neri-uniusa-

1078 1962 1151 1991 timis
1171 1962 1312 1991 antithetis
1332 1962 1464 1991 nascitur.
1494 1962 1580 1991 Huius
1601 1965 1666 1991 sunt
1693 1967 1814 2000 quatuor
1834 1966 1925 1993 actus:
1941 1949 2064 2004 ειὲὲξῗῖὲῗῗι.

1077 2010 1210 2047 sapientia
1231 2010 1304 2038 enirn
1325 2013 1367 2038 est
1394 2009 1581 2047 confortans,
1603 2010 1778 2046 colluctans,
1804 2015 1926 2041 contem-
1967 1996 2035 2014 cum

1074 2057 1179 2094 pians,
1202 2057 1382 2086 collaudans.
1406 2073 1443 2078 ——
1466 2056 1644 2095 Confortans
1666 2058 1693 2087 in
1715 2057 1809 2094 ‘bon03
1836 2059 1926 2089 Eccle-

1077 2104 1210 2134 siastes⁹:
1233 2104 1384 2142 Sapientia
1400 2103 1577 2142 confortabit
1596 2106 1755 2143 sapientem
1776 2116 1865 2145 super
1879 2108 1925 2137 de-

1077 2160 1136 2181 cem
1147 2152 1297 2189 principes
1312 2152 1447 2181 civitatis.
1464 2168 1502 2173 -
1518 2153 1563 2181 Est
1583 2153 1666 2182 etiam
1681 2153 1840 2183 colluctans
1861 2163 1925 2185 con-

1077 2202 1120 2227 tra
1141 2199 1259 2233 malum;
1281 2199 1355 2228 unde
1376 2198 1567 2228 Ecclesiastes:
1590 2199 1689 2228 Melior
1710 2204 1750 2229 est
1777 2202 1924 2238 sapientia

1076 2255 1167 2285 quam
1188 2254 1277 2274 arma
1298 2245 1416 2278 bellica,-
1433 2249 1460 2274 et
1475 2246 1501 2274 in
1517 2246 1667 2283 Sapientia:
1684 2247 1834 2277 Certamen
1848 2247 1924 2286 forte

233 2450 241 2463 ¹
260 2452 329 2479 Epist.
346 2452 384 2474 77.
403 2451 466 2480 (alias
483 2451 530 2479 30.)
548 2457 570 2473 ιι.
589 2450 618 2473 4:
635 2451 709 2479 Atque
722 2451 806 2473 sactum
818 2453 863 2479 est,
877 2451 952 2480 utqui
965 2450 1017 2480 [Da—

170 2490 222 2520 vid]
240 2497 277 2513 me
293 2491 358 2518 prius
374 2491 485 2513 docuerat
501 2489 625 2512 virtutibus
641 2490 700 2519 suis,
717 2490 836 2519 quomodo
853 2494 915 2513 stans
925 2497 971 2513 nou
982 2497 1017 2513 ca-

169 2530 261 2557 derem,
277 2530 371 2553 doceret
388 2536 428 2558 per
446 2529 621 2558 poenitentiam,
637 2529 755 2558 quomodo
766 2530 851 2553 cadens
862 2536 1016 2558 resurgerem.

169 2569 214 2592 Ct'r.
231 2569 300 2597 Epist.
318 2570 370 2592 122.
388 2570 451 2599 iulias
469 2569 514 2597 46.)
532 2575 554 2591 n.
572 2569 593 2591 3.

232 2607 241 2620 ²
259 2609 340 2631 Psalm.
357 2609 400 2637 72,
419 2609 455 2631 25.
473 2612 495 2631 et
512 2609 549 2631 26,
566 2620 597 2625 -
614 2609 666 2637 seq.
683 2608 746 2631 locus
762 2611 797 2631 est
813 2609 848 2631 Ps.
869 2609 1017 2637 141,6;ter-

170 2648 214 2669 tius
231 2648 255 2670 ll.
271 2647 323 2670 Cor.
341 2647 366 2676 4,
385 2648 426 2677 17,
445 2647 485 2670 ubi
502 2648 600 2676 Vulgata
623 2648 675 2670 voci
696 2649 819 2671 aeternum
839 2648 963 2676 praemittit
978 2654 1017 2671 su-

168 2693 215 2716 pra
226 2685 324 2709 modum
336 2686 360 2710 in
371 2686 531 2716 sublimatam,-
543 2689 639 2716 quartus
651 2687 685 2709 Ps.
699 2687 734 2715 15,
749 2687 789 2716 1ος
799 2687 893 2716 quintus
902 2688 938 2710 Ps.
946 2688 985 2717 62,
994 2688 1016 2710 9.

232 2724 242 2738 ³
259 2726 275 2748 E
292 2726 321 2748 ad
338 2726 467 2754 marginem
485 2727 521 2750 hic
539 2726 619 2749 habet:
636 2726 733 2755 Quarto,
750 2726 902 2749 consideratio
919 2730 1016 2750 tormen-

170 2768 246 2788 torum
264 2764 355 2788 inclinat
375 2766 476 2788 animam
497 2765 527 2788 ad
548 2765 653 2788 divinum
671 2765 789 2794 timorem,
806 2766 873 2795 quia,
890 2766 948 2788 sieut
970 2772 1016 2789 cre-

170 2807 246 2826 scente
261 2810 303 2831 spe
318 2804 400 2826 crescit
415 2804 488 2832 gratia
504 2810 597 2827 sursum
615 2810 686 2832 agens
702 2804 739 2827 vel
757 2805 841 2833 serens,
853 2805 883 2827 ita
900 2808 1016 2828 crescente

171 2843 252 2865 timore
267 2842 348 2864 crescit
365 2842 437 2870 gratia
455 2843 564 2865 inclinans
581 2841 698 2865 deorsum.

232 2881 242 2894 ⁴
260 2881 340 2904 Psalm.
357 2881 400 2909 33,
418 2881 454 2904 15.
472 2882 510 2904 16.
527 2884 549 2904 et
567 2881 603 2903 17.
615 2893 646 2897 —
658 2882 710 2910 Seq.
722 2881 785 2904 locus
795 2884 830 2905 est
841 2882 908 2905 Prov.
920 2883 957 2911 28,
973 2882 1014 2911 14,

170 2922 249 2944 tertius
266 2921 322 2943 ibid.
339 2920 381 2949 24,
401 2921 437 2942 16.

233 2959 242 2973 ⁶
259 2960 314 2988 Cap.
332 2960 374 2988 28,
395 2960 418 2982 l-
431 2972 461 2976 —
478 2961 531 2989 Seq.
551 2960 615 2982 locus
632 2962 666 2981 est
683 2960 758 2983 Maltli.
775 2961 802 2989 5,
820 2961 863 2989 103
882 2961 961 2984 tertius
979 2962 1016 2984 Ec-

170 3001 205 3023 ‹·li.
223 3000 248 3029 4,
266 3000 303 3021 33.

264 3047 290 3071 S.
308 3047 396 3070 Honav.
412 3059 444 3063 —
461 3047 528 3069 Tom.
546 3046 574 3069 V.

1136 2449 1145 2462 ‘³
1164 2451 1195 2473 De
1212 2451 1263 2473 Div.
1280 2451 1345 2473 Noni.
1363 2457 1382 2474 c.
1395 2451 1416 2473 4.
1428 2451 1441 2480 33
1453 2451 1475 2473 9.
1487 2463 1517 2468 -
1529 2451 1667 2473 Sententiam
1685 2451 1791 2474 llicliard.
1803 2457 1816 2473 a
1829 2452 1851 2474 S.
1863 2452 1921 2474 Vict.

1073 2491 1176 2513 invenire
1192 2490 1215 2512 in
1231 2490 1282 2513 eius
1298 2490 1409 2519 operibus
1431 2497 1476 2513 nou
1495 2491 1613 2519 potuimus
1623 2499 1628 2518 ;
1647 2492 1687 2513 csr.
1704 2492 1763 2519 Hug.
1781 2497 1793 2513 a
1811 2492 1833 2514 S.
1850 2491 1921 2520 Vict.,

1074 2530 1088 2552 l.
1105 2532 1127 2552 et
1144 2530 1176 2552 lll.
1193 2536 1213 2552 c.
1231 2529 1268 2552 27.
1285 2536 1350 2560 seqq.
1367 2530 1396 2553 de
1413 2530 1493 2553 Bestiis
1509 2533 1564 2557 ete,
1583 2531 1605 2553 in
1622 2530 1708 2559 quibus
1725 2534 1805 2553 natura
1822 2531 1922 2554 diversa-

1073 2575 1125 2591 rum
1142 2570 1222 2592 avium
1240 2570 1376 2599 (secundum
1394 2570 1485 2598 isidor.,
1503 2571 1550 2593 ΧΗ.
1567 2571 1694 2598 Etymolog.
1711 2577 1731 2593 c.
1749 2571 1776 2599 7,
1788 2573 1810 2592 et
1821 2570 1920 2599 Raban.,

1073 2609 1142 2631 xxn.
1164 2609 1193 2631 de
1215 2609 1339 2638 Universo,
1357 2616 1376 2632 c.
1394 2610 1423 2638 6.)
1442 2609 1587 2632 describitur.
1608 2610 1732 2638 Praecipue
1754 2611 1794 2632 cl'r.
1817 2610 1870 2632 Plin.
1893 2610 1922 2633 X.

1073 2648 1151 2670 Natur.
1168 2648 1251 2671 Histor.
1268 2655 1288 2671 r.
1309 2649 1345 2671 16.
1363 2649 1400 2672 35.
1418 2649 1455 2671 54.
1472 2652 1494 2670 et
1512 2649 1548 2671 Xl.
1567 2656 1586 2670 r.
1605 2650 1641 2671 22.

1135 2686 1143 2699 ⁷
1162 2688 1238 2711 Mattn.
1256 2689 1297 2717 19,
1316 2689 1352 2711 17.
1369 2701 1399 2705 —
1417 2689 1483 2717 Quod
1508 2688 1591 2711 iustitia
1609 2689 1637 2711 sit
1654 2689 1778 2714 rectitudo,
1796 2689 1862 2711 docet
1879 2690 1920 2711 An-

1072 2727 1151 2756 selm.;
1168 2728 1209 2750 cfr.
1230 2734 1300 2756 supra
1326 2734 1380 2756 pagi
1397 2728 1455 2756 256,
1472 2731 1525 2750 nota
1543 2729 1564 2749 6.
1582 2739 1612 2744 -
1629 2728 1688 2756 Hug.
1706 2734 1718 2749 a
1737 2729 1758 2750 S.
1778 2729 1847 2756 Vict.,
1865 2729 1921 2751 Soli-

1072 2767 1118 2796 loq.
1134 2767 1164 2789 de
1180 2768 1247 2789 arrha
1264 2767 1369 2790 animae:
1393 2768 1453 2796 Scis,
1471 2767 1534 2796 quod
1551 2774 1616 2789 amor
1634 2768 1693 2795 iguis
1711 2770 1766 2790 est...
1784 2771 1805 2790 ct
1822 2768 1863 2796 qui
1879 2773 1920 2795 per

1072 2807 1178 2829 affectum
1196 2806 1354 2836 conjungeris,
1366 2807 1388 2829 in
1400 2807 1473 2835 ipsius
1489 2807 1661 2829 similitudinem
1673 2807 1722 2834 ipsa
1735 2807 1836 2835 quodam
1850 2806 1919 2828 modo

1072 2844 1199 2867 dilectionis
1216 2845 1323 2868 societate
1340 2846 1516 2868 transformaris.

1135 2882 1144 2895 ⁸
1161 2883 1216 2912 Cap.
1241 2884 1267 2913 7,
1294 2885 1323 2907 3:
1341 2885 1391 2913 Fili,
1417 2892 1462 2907 non
1487 2885 1585 2907 semines
1610 2888 1652 2906 etc.
1670 2897 1699 2900 —
1723 2886 1774 2911 δρα.
1800 2884 1862 2905 Iocus
1885 2886 1917 2905 est

1072 2923 1138 2945 Dent.
1155 2924 1197 2951 25,
1215 2924 1244 2946 2:
1262 2924 1304 2946 Pro
1321 2930 1428 2947 mensura
1446 2925 1532 2952 peccati
1549 2925 1591 2946 erit
1607 2927 1649 2945 etc.

1136 2960 1145 2973 ⁹
1160 2961 1216 2990 Cap.
1233 2963 1259 2991 7,
1278 2963 1322 2985 2οι
1345 2963 1458 2991 Sapientia
1477 2962 1611 2985 confortavit
1628 2955 1670 2984 eir.
1688 2973 1717 2977 —
1735 2962 1786 2989 Seq.
1805 2961 1866 2983 lorus
1883 2964 1916 2983 est

1073 3000 1129 3023 ibid.
1146 3001 1172 3029 9,
1194 3001 1235 3029 18,
1253 3001 1332 3024 tertius
1350 3003 1402 3030 Sap.
1422 3002 1461 3030 10,
1483 3002 1523 3029 12;
1540 3006 1636 3030 <plurius
1653 3000 1707 3022 ibid.
1725 3000 1752 3027 7,
1770 3000 1806 3022 29.

1792 3048 1819 3069 555
