2285 3398
230 679 349 704 ssepi-chatm-

237 705 342 727 peccatum.

217 1007 325 1026 Cavendum
335 1013 347 1027 a

222 1031 340 1050 mulieribus.

244 1335 348 1360 Exponilur

228 1359 281 1378 locus
299 1360 349 1378 Scri·

229 1384 303 1406 pturae.

259 2182 344 2202 Monitio.

368 173 424 203 [186

367 259 447 287 cave,
459 260 492 282 ne
504 253 540 281 sis
552 252 672 280 imitator
683 252 768 286 Evae;
784 252 831 289 sed
843 260 894 289 pro
905 259 1081 289 quacumque
1092 252 1209 282 delecta-

365 299 438 328 tione
457 299 574 328 animam
597 301 673 327 tuam
690 298 756 333 das;
776 298 897 327 imitator
912 306 941 327 es
957 298 1034 327 Evae.
1052 298 1128 334 Quid
1139 308 1208 336 pro-

364 346 424 375 dest
444 345 563 379 homini,
578 345 606 374 si
619 345 789 374 universum
803 345 948 373 inunctum
968 345 1106 379 lucretur,
1121 346 1209 375 decri-

363 397 492 422 mentum
513 396 609 421 autem
630 392 748 421 animae
767 400 840 421 suae
857 391 1019 429 patiatur?
1038 393 1099 420 Aut
1118 401 1208 430 quam

364 440 615 469 commutationem
643 438 725 467 dabit
749 438 833 468 homo
851 447 908 476 pro
930 439 1033 467 anima
1054 439 1135 468 sua?
1157 440 1208 468 Pro

362 490 434 521 toto,
456 487 529 524 quod
551 487 625 516 Deus
646 486 765 520 creavit,
787 494 842 515 non
862 486 955 515 darem
975 486 1095 514 animam
1110 494 1207 515 meam.

362 527 489 563 Christus
509 533 669 570 sanguinem
692 541 775 562 suum
797 533 871 562 dedit
892 541 943 570 pro
963 533 1054 561 anima
1076 535 1124 561 tua
1137 533 1208 562 redi—

362 581 476 614 menda,
498 584 525 609 et
546 588 598 617 pro
619 583 730 617 peccato
752 579 848 609 vendis
869 583 895 609 te
914 583 942 608 et
962 579 1082 608 animam
1102 582 1197 609 tuam!

443 627 485 657 13.
508 627 603 662 Scitis,
625 627 691 664 quid
716 627 814 656 accidit
842 635 891 664 per
919 629 1085 664 peccatum?
1107 627 1208 656 Pretio-

361 675 486 704 sissimus
506 675 538 703 fit
558 675 716 703 vilissimus.
745 674 821 704 Unde
845 674 873 703 in
896 673 1124 703 Ecclesiastic01:
1146 674 1208 702 Mu-

361 722 413 751 lier
433 720 604 758 fornicaria
624 721 712 760 quasi
731 725 843 750 stereus
857 720 1076 750 conculcabitur
1097 720 1128 748 in
1148 721 1207 749 via.

360 769 483 798 Clericus
504 769 589 806 igitur
603 772 631 798 et
645 768 773 798 sacerdos
786 768 952 798 fornicarius
967 767 1034 805 quid
1048 770 1110 797 est?
1129 767 1208 797 Certe

359 815 527 845 abominatio
547 815 672 844 Domino.
694 815 789 852 Fugite
810 815 895 852 igitur
916 814 1154 851 concupiscentias
1182 817 1209 843 et

359 862 506 900 sequimini
535 861 691 899 Virginem,
717 870 789 900 quae
810 862 925 891 credidit
946 861 1065 891 Gabrieli
1087 862 1208 891 Archan-

358 910 434 947 gelo,
449 918 504 938 non
524 910 687 944 mulierem,
702 918 774 947 quae
795 909 911 938 credidit
931 909 1061 946 serpenti.
1081 909 1207 938 Salomon

359 960 472 986 secutus
495 959 537 986 est
564 957 697 986 mulieres
717 957 822 991 fatuas,
843 956 904 986 ideo
932 956 1008 994 luget
1035 959 1062 985 et
1089 956 1155 985 dicit
1180 956 1207 985 in

359 1004 561 1033 Ecclesiaste²x
585 1004 686 1033 Inveni
712 1004 872 1033 mulierem.
891 1004 1072 1033 amariorem
1099 1007 1206 1038 morte,

358 1059 433 1089 quae
454 1051 575 1090 laqueus
595 1055 637 1080 est
662 1054 853 1085 venatorum,
875 1055 901 1080 et
919 1059 1031 1089 sagyena
1052 1059 1102 1079 eor
1127 1050 1206 1084 eius,

357 1098 477 1127 vincula
497 1101 567 1127 sum
588 1107 697 1127 manus
718 1098 805 1127 illius.
824 1098 882 1135 Qui
897 1098 993 1136 placet
1014 1098 1071 1127 Deo
1093 1096 1209 1136 effugiet

357 1153 438 1180 eam,
460 1145 512 1184 qui
532 1148 631 1174 aulem
648 1149 784 1183 peccator
808 1149 858 1175 esc,
874 1146 1006 1183 capietur
1028 1145 1064 1174 ab
1085 1154 1128 1174 ea.
1151 1145 1207 1173 La-

358 1200 448 1230 queus
468 1194 510 1221 est
530 1192 742 1229 aspicientibus,
770 1201 881 1230 sayena
901 1192 1160 1230 concupiscentibus
1180 1195 1208 1221 et

359 1238 609 1273 consentientibus,
630 1242 657 1268 01
677 1239 797 1268 vincula
818 1239 1048 1276 contingentibus.

441 1285 484 1313 llt.
506 1285 573 1314 Dico
599 1285 705 1322 primo,
733 1286 807 1322 quod
835 1289 876 1315 est
904 1285 1026 1323 laqueus
1052 1285 1207 1322 aspicienti-

360 1331 432 1365 bus3
463 1331 537 1360 unde
568 1331 700 1360 scribitur
715 1332 744 1359 ⁵:
778 1331 905 1368 Speciem
932 1331 1065 1360 mulieris
1096 1331 1207 1359 alienae

362 1377 448 1406 mulii
468 1377 622 1412 admirati,
643 1378 761 1414 reprobi
773 1376 848 1414 facti
860 1381 937 1406 suut.
954 1378 1071 1415 Legitur.
1079 1378 1113 1407 de
1127 1378 1207 1406 beato

360 1424 515 1458 Bernardo,
530 1424 605 1461 quod
625 1426 705 1453 soror
725 1424 786 1453 eius
806 1424 881 1453 venit
901 1432 965 1453 eum
986 1424 1095 1458 videre,
1110 1427 1207 1453 ornata

358 1471 549 1508 pulcherrimo
567 1474 683 1505 ornatu;
698 1471 756 1507 ipse
771 1470 846 1507 spuit
860 1470 888 1498 in
902 1471 998 1499 faciem
1020 1471 1080 1500 eius
1098 1474 1125 1499 et
1138 1471 1208 1508 sugit

358 1517 394 1546 ab
414 1525 454 1546 ea.
477 1517 524 1546 Illa
544 1517 690 1554 impatiens
718 1517 870 1554 quaesivit,
892 1525 979 1554 quare
1007 1517 1059 1545 1100
1087 1517 1206 1551 faceret;

358 1562 517 1602 respondit:
545 1576 558 1589 «
572 1564 638 1602 quia
658 1564 687 1593 111
707 1564 870 1593 meretriceo
891 1566 992 1592 ornatu
1012 1564 1089 1592 venis
1109 1563 1143 1592 ad
1164 1572 1208 1592 ca-

357 1612 490 1649 piendum
509 1612 615 1641 animas
629 1614 657 1641 et
671 1614 766 1649 portas
785 1611 926 1653 diabolum
941 1613 1032 1640 tecum
1044 1622 1071 1638 ».
1088 1610 1149 1639 Ideo
1167 1610 1207 1639 di-

358 1659 414 1688 cit:
435 1660 571 1698 Laqueus
582 1663 633 1688 >est
652 1663 843 1693 venatorum,
866 1658 892 1687 id
908 1661 949 1687 est
963 1658 1079 1692 diaboli,
1094 1658 1142 1694 qui
1158 1665 1207 1694 per

358 1714 418 1735 eam
440 1707 512 1743 capit
532 1706 656 1740 animas;
685 1705 752 1743 quia
778 1706 830 1744 qui
856 1705 962 1734 viderit
989 1704 1140 1733 mulierem
1168 1704 1208 1733 ad

359 1754 621 1791 concupiscendum
649 1762 730 1787 eam,
753 1753 814 1781 iam
835 1751 1002 1781 moechatus
1023 1755 1064 1781 est
1083 1760 1149 1781 eam
1176 1752 1207 1780 iu

359 1801 444 1830 corde
463 1809 518 1829 suo
528 1800 549 1828 4.
564 1816 604 1821 —-
618 1800 697 1834 Item,
719 1803 761 1829 est
781 1808 892 1837 saqena
907 1799 1166 1836 concupiscentibus
1180 1795 1208 1827 et

359 1847 601 1877 consentientibus.
623 1847 699 1876 Unde
714 1847 741 1875 in
757 1846 945 1876 Ecclesiastico
956 1846 985 1874 ⁵:
1002 1846 1127 1883 Propter
1145 1854 1207 1883 spe-

359 1895 431 1923 ciem
440 1894 574 1924 iizulieris
584 1894 670 1923 multi
679 1894 839 1931 perierunt.
855 1894 971 1922 Difficile
981 1895 1023 1922 est
1034 1893 1129 1931 iguem
1136 1902 1206 1931 por-

360 1946 424 1971 tare
431 1942 461 1971 in
469 1942 549 1976 siuu,
561 1945 594 1970 ut
604 1950 663 1970 non
673 1941 888 1970 comburamur
899 1940 1074 1969 vestimenta.
1085 1957 1121 1961 —-
1130 1941 1206 1974 ltem,

359 1998 467 2018 marius
477 1989 611 2018 mulieris
620 1992 691 2017 sunt
700 1988 820 2017 vincula
830 1987 1061 2025 contingentibus,
1069 1988 1135 2025 quia
1142 1988 1206 2017 stri-

359 2040 402 2066 cte
419 2039 507 2071 tenet,
529 2036 604 2074 quod
618 2044 673 2065 non
688 2038 778 2073 potest
791 2035 875 2064 homo
889 2035 923 2064 ab
936 2042 969 2064 ea
983 2035 1114 2072 separari.
1130 2034 1205 2064 Unde

359 2084 544 2121 Apostolusss:
566 2084 683 2112 Bonum
703 2086 745 2111 est
764 2081 876 2111 homini?
888 2081 1040 2111 mulierem
1060 2090 1118 2110 ηοη
1140 2085 1205 2110 tau-

357 2139 431 2169 qere.
454 2147 490 2152 —
512 2132 536 2159 A
560 2126 724 2161 vestimento
742 2129 874 2167 procedit
888 2129 982 2164 tinea,
997 2132 1023 2158 ec
1043 2138 1063 2158 a
1083 2129 1205 2158 muliere

359 2179 500 2216 iniquitas
520 2178 587 2207 viri.
604 2195 640 2198 —
656 2178 682 2206 Si
702 2178 832 2206 volumus
852 2185 912 2206 esse
933 2176 1138 2214 pretiosissimi,
1157 2176 1204 2205 de-

358 2227 456 2256 bemus
473 2218 628 2255 adhaerere
639 2225 727 2262 pretio
741 2224 867 2254 mulieris
886 2224 1067 2258 fortissimae,
1082 2224 1203 2261 Virginis

421 2426 429 2440 ²
447 2427 503 2456 Cap.
519 2428 546 2455 9,
566 2427 609 2449 1οι
626 2427 707 2450 Omnis
723 2426 819 2454 mulier,
836 2432 896 2456 quae
912 2429 947 2449 est
969 2426 1089 2449 fornicaria
1114 2428 1157 2449 cte.
1174 2438 1206 2443 ·—

359 2467 455 2489 lnserius
465 2466 587 2494 respicitur
598 2466 654 2488 Gen.
666 2466 691 2494 3,
705 2465 726 2487 1.
737 2471 803 2494 seqq.
813 2465 851 2494 (de
862 2467 968 2493 serpente
980 2465 1104 2488 seducente
1115 2465 1205 2493 Evam).

421 2503 430 2517 ²
448 2504 504 2533 Cap.
520 2504 547 2532 7,
565 2505 603 2527 27.

421 2542 431 2555 ⁸
448 2544 514 2566 Eccli.
531 2544 558 2572 9,
571 2544 608 2566 ll.
624 2556 655 2560 —
672 2543 705 2566 De
721 2544 745 2566 B.
762 2543 879 2566 Bernardo
895 2544 993 2572 ejusque
1008 2549 1088 2566 sorore
1104 2542 1206 2566 Humbe-

360 2583 414 2611 lina,
432 2589 492 2612 quae
509 2588 535 2605 ex
553 2582 636 2610 1110110,
653 2589 700 2611 quo
717 2582 848 2605 Ber-nardus
865 2582 939 2610 ipsam
956 2582 1081 2611 arguebat,
1093 2588 1205 2605 conversa

359 2624 405 2648 est,
421 2622 463 2644 cfr.
480 2622 503 2644 S.
519 2621 628 2644 Bernardi
649 2621 710 2643 vitae
734 2621 824 2649 primae
850 2621 951 2646 (auctore
976 2621 1096 2650 Gulielmo)
1114 2621 1130 2644 1.
1146 2628 1166 2644 c.
1183 2622 1206 2644 6.

360 2667 382 2683 n.
399 2660 437 2683 30.
454 2663 476 2683 et
492 2660 553 2682 vitae
570 2660 686 2683 secundae
700 2660 801 2689 (auctore
821 2659 916 2689 Alano),
929 2666 948 2682 c.
960 2660 982 2682 7.
1000 2666 1023 2682 n.
1040 2661 1078 2683 22.
1094 2660 1134 2683 His
1150 2660 1206 2683 locis

360 2699 457 2721 dicitur:
474 2698 580 2728 Cumque
596 2699 697 2722 venisset
714 2698 792 2729 [soror
810 2699 832 2721 in
856 2699 947 2722 saeculo
972 2702 1043 2727 nupta
1068 2702 1091 2722 et
1115 2699 1206 2722 saeculo

361 2737 455 2767 dedita]
467 2737 532 2766 quasi
544 2737 621 2760 visura
634 2738 791 2761 venerabilem
809 2739 902 2760 fratrem
919 2744 987 2760 suum
995 2755 1000 2765 ,
1012 2741 1034 2760 et
1050 2739 1141 2761 adesset
1152 2744 1205 2761 cum

361 2777 469 2800 comitatu
486 2776 588 2805 superbo
605 2780 627 2799 et
643 2777 769 2805 apparatu,
786 2777 822 2799 ille
847 2777 962 2799 detestans
979 2780 1001 2800 et
1017 2783 1138 2801 exsecrans
1154 2783 1206 2799 eam

362 2820 471 2845 tanquam
487 2819 536 2839 rete
552 2815 637 2838 diaboli
654 2816 683 2838 ad
701 2815 825 2844 capiendas
837 2816 938 2844 animas,
949 2817 1079 2839 nullatenus
1090 2815 1208 2845 acquievit

361 2855 423 2878 exire
439 2855 468 2877 ad
485 2855 612 2878 videndum
630 2861 690 2877 eam.
707 2855 774 2883 Quod
796 2854 892 2877 audiens
916 2855 963 2883 illa,
981 2857 1073 2878 confusa
1099 2857 1122 2878 et
1146 2860 1207 2877 com-

362 2897 446 2923 puncta
463 2895 636 2917 vehementer...
652 2896 698 2916 tota
715 2894 739 2915 in
754 2894 868 2921 lacrymas
892 2894 1007 2916 resoluta:
1028 2903 1038 2914 ι(
1050 2895 1076 2917 Et
1092 2894 1112 2917 si
1128 2899 1207 2922 pecca-

363 2934 405 2956 trix
422 2939 486 2961 sum,
504 2933 590 2961 inquit,
604 2939 646 2961 pro
664 2932 746 2955 talibus
762 2931 865 2955 Christus
881 2935 986 2955 mortuus
1002 2936 1060 2956 est...
1080 2934 1105 2955 Et
1127 2932 1146 2955 si
1170 2931 1207 2954 de-

362 2972 429 3000 spicit
445 2972 513 2994 frater
529 2977 596 2994 meus
617 2977 709 2994 carnem
728 2977 815 2999 meam,
832 2977 862 2993 ne
878 2972 990 2999 despiciat
1006 2978 1088 2994 servus
1104 2971 1146 2993 Dei
1162 2970 1208 2993 ani-

929 174 972 202 DE
993 174 1092 203 DONIS
1113 175 1257 204 SPIRITUS
1279 176 1303 203 S.
1325 174 1486 203 COLLATIO
1508 175 1550 203 Vl.

1266 253 1455 288 incorruptae,
1470 251 1706 281 obedientissimae
1721 256 1749 281 et
1762 253 1973 282 amantissimae.
1990 254 2036 282 llla
2049 261 2111 282 mu—

1266 299 1325 333 lier,
1346 298 1449 327 scilicet
1469 298 1538 332 Eva,
1561 306 1611 327 nos
1631 307 1648 327 a
1668 298 1795 335 paradiso
1816 299 1930 336 expellit
1951 302 1978 328 et
1999 300 2109 333 vendit;

1265 346 1317 374 ista
1337 353 1387 373 nos
1409 345 1517 374 reducit
1541 347 1568 373 et
1592 345 1665 374 emit.
1689 362 1725 366 ——
1748 345 1864 374 Protulit
1885 346 1969 382 igitur
1990 346 2110 382 pretium

1265 392 1386 421 illud-ut
1406 392 1507 420 mulier
1527 391 1614 429 sortis
1635 395 1660 420 et
1679 396 1793 421 sancta.

1347 440 1389 467 15,
1413 439 1551 473 Secundo,
1564 439 1700 476 persolvit
1721 439 1795 468 istud
1816 439 1936 476 pretium
1958 442 1990 468 ut
2011 440 2111 469 mulier
2125 445 2255 472 Versu-Pre—

1264 485 1352 523 fortis
1372 488 1396 514 el
1413 486 1485 523 pia,
1507 486 1609 515 scilicet
1630 486 1740 524 quando
1761 486 1889 515 Christus
1910 494 2007 523 passus
2028 490 2070 515 est
2084 486 2111 515 111
2145 471 2254 511 iiiiii-per*

1265 540 1348 561 cruce
1369 532 1402 561 ad
1423 532 1636 569 persolvendum
1658 534 1778 570 pretium
1793 532 1884 567 istud,
1901 535 1932 562 ut
1946 541 1996 562 nos
2010 541 2112 570 purga-

1265 583 1322 613 ret,
1345 580 1449 607 lavaret
1470 582 1497 608 et
1511 579 1677 615 redimeret;
1694 584 1760 609 tunc
1774 580 1854 609 beata
1869 580 1952 617 Virgo
1966 580 2019 609 suit
2032 588 2112 617 prae-

1265 634 1342 659 sens,
1371 629 1515 663 acceptans
1533 630 1560 655 et
1588 628 1756 656 concordans
1784 627 1918 655 voluntati
1936 627 2056 656 divinae.
2081 627 2112 655 Et

1265 674 1368 710 placuit
1389 673 1429 707 ei,
1451 673 1525 710 quod
1543 674 1664 710 pretium
1678 675 1751 704 uteri
1766 675 1809 703 sui
1823 674 1972 703 offerretur
1986 674 2013 702 in
2029 681 2116 705 cruce

1265 729 1316 757 pro
1338 720 1423 748 nobis
1447 720 1522 749 Unde
1542 720 1570 749 in
1590 720 1688 750 Ioanne
1700 722 1729 749 ⁷:
1752 721 1875 750 Stabant
1895 720 1982 749 iuxta
1996 729 2112 749 crucem
2124 726 2163 745 Sul>
2176 731 2238 745 cruce-

1265 768 1331 796 Iesu
1351 770 1446 795 mater
1466 767 1529 796 eius
1549 771 1575 796 et
1594 776 1679 796 soror
1699 769 1806 797 matris
1821 768 1897 802 eius,
1913 767 2013 796 Maria
2036 767 2111 797 Cleo-

1262 813 1354 851 pltae,
1370 816 1395 842 ec
1409 814 1510 842 Maria
1524 814 1706 852 Maydalena.
1725 815 1799 844 Cum
1813 815 1931 843 vidisset
1945 823 2013 852 erqo
2022 815 2112 843 Iesus

1264 856 1389 890 matrem
1410 864 1436 890 et
1454 860 1633 898 discipulum
1646 864 1784 896 stantem,
1800 870 1883 899 quem
1901 861 2054 899 diliyebal;
2068 861 2111 890 di-

1265 909 1303 937 cit
1329 908 1423 936 matri
1448 917 1540 936 suae.-
1562 908 1676 943 Mulier,
1701 917 1762 937 eece
1782 908 1863 945 filius
1884 912 1970 943 tuuc,
1992 908 2111 943 scilicet,

1264 956 1312 993 qui
1328 955 1454 984 tradetur
1468 955 1496 984 in
1510 956 1631 992 pretium
1647 956 1843 993 redemptionis
1857 955 1966 992 generis
1980 955 2110 988 humani;

1264 1011 1296 1032 ac
1317 1003 1338 1032 si
1360 1003 1478 1032 diceret:
1493 1005 1618 1039 oportet,
1634 1005 1659 1032 te
1673 1011 1768 1032 carere
1783 1011 1843 1037 me,
1858 1005 1885 1031 et
1902 1010 1947 1031 me
1968 1009 2064 1031 carere
2084 1004 2111 1031 te

1266 1067 1301 1071 —
1317 1053 1345 1079 et
1358 1054 1389 1079 tu
1410 1050 1469 1087 ipsa
1490 1050 1562 1079 sicut
1582 1053 1676 1079 sancta
1696 1050 1787 1087 ipsum
1810 1049 2023 1087 concepisti‚-et
2040 1049 2112 1078 sicut

1264 1097 1309 1134 pia
1323 1105 1386 1126 eum
1402 1097 1484 1126 offers
1499 1114 1535 1118 —-
1551 1098 1656 1134 placeat
1670 1097 1734 1132 tibi,
1749 1097 1848 1134 Virgo,
1863 1096 1939 1134 quod
1952 1104 2040 1134 genus
2058 1096 2111 1125 hu-

1264 1153 1378 1173 manum
1401 1144 1506 1173 redimo
1527 1147 1555 1173 et
1575 1145 1664 1173 Deum
1680 1145 1767 1182 placo.
1784 1145 1815 1173 Et
1830 1152 1864 1173 ne
1877 1144 2009 1173 destituta
2023 1145 2110 1177 esset,

1263 1191 1336 1219 dixit
1362 1191 1514 1228 discipulo:
1540 1192 1618 1225 Ecce,
1640 1195 1734 1220 mater
1761 1196 1835 1225 tua,-
1863 1191 2004 1219 hominem
2031 1189 2111 1226 virgi-

1264 1244 1326 1265 nem
1348 1237 1423 1266 dedit
1443 1237 1557 1274 Virgini.

1345 1285 1389 1313 16.
1411 1284 1561 1313 Audiamus
1588 1284 1693 1321 aliquid
1712 1284 1746 1313 de
1767 1284 1873 1321 pietate·
1889 1284 1957 1312 eius.
1980 1283 2049 1311 Haec
2070 1285 2111 1311 est

1264 1340 1327 1369 spes
1348 1334 1455 1365 nostra,
1477 1339 1548 1367 quae
1563 1331 1695 1367 persolvit
1709 1330 1831 1367 pretium
1845 1329 1935 1364 istud,
1950 1331 1982 1358 ut
1995 1329 2041 1366 pia
2054 1328 2111 1366 pie-
2123 1336 2256 1364 Triplex-Vir—

1264 1381 1319 1407 tate
1339 1378 1535 1407 venerationis
1555 1378 1673 1406 divinae
1683 1388 1693 1411 ,·
1714 1377 1848 1411 secundo,
1862 1377 1963 1414 pietate
1981 1385 2111 1414 eompas-
2123 1365 2172 1383 ΨΜ
2184 1362 2252 1384 mm*

1263 1425 1355 1454 sionis
1376 1425 1416 1453 ad
1439 1423 1605 1457 Clerislum;
1626 1427 1653 1453 et
1669 1424 1765 1458 tertio,
1786 1424 1887 1461 pietate
1913 1424 2111 1453 miserationis

1264 1472 1304 1500 ad
1324 1471 1486 1505 mundum,
1507 1475 1535 1500 et
1555 1471 1703 1508 praecipue
1717 1471 1751 1500 ad
1766 1472 1900 1508 populum
1920 1471 2110 1501 christianum.

1346 1520 1389 1547 17.
1411 1518 1517 1552 Primo,
1539 1518 1615 1552 dico,
1637 1518 1770 1555 persolvit
1784 1519 1904 1555 pretium
1920 1519 1995 1548 istud
2009 1519 2110 1548 111101·-
2125 1524 2188 1567 meg:
2201 1525 2240 1549 pri-

1264 1565 1299 1594 tis
1319 1568 1346 1594 et
1367 1565 1412 1601 pia
1428 1565 1534 1602 pietate
1553 1565 1747 1594 venerationis
1768 1566 1893 1594 diuinae.
1914 1566 1989 1595 Unde
2003 1566 2031 1595 in
2046 1566 2110 1596 Pro-
2189 1562 2194 1567 ’

1265 1611 1408 1641 verbiis⁸z
1436 1611 1544 1639 Fallax
1570 1612 1678 1648 qratia*
1699 1615 1724 1640 el
1751 1621 1831 1646 ‘vana
1856 1616 1897 1641 est
1921 1613 2109 1650 pulcritudo,

1264 1658 1370 1686 mulier·
1398 1658 1500 1686 limeris
1526 1658 1699 1692 Dominum,
1721 1659 1788 1696 ipsa
1809 1659 1990 1689 laudabitur.
2012 1661 2110 1690 Nullus

1264 1708 1357 1734 autem
1378 1707 1434 1738 est,
1456 1704 1504 1741 qui
1530 1707 1621 1741 posset
1645 1705 1760 1734 reddere
1781 1706 1913 1736 honorem
1935 1707 2109 1737 subtractum

1264 1752 1320 1781 Deo
1341 1751 1392 1780 nisi
1414 1751 1549 1780 Christus.
1579 1751 1610 1779 Et
1631 1751 1710 1780 beata
1730 1752 1817 1790 Virgo
1835 1756 1875 1782 est
1896 1755 2056 1783 venerativa
2083 1757 2110 1783 et

1264 1799 1448 1828 restaurativa
1468 1798 1581 1827 honoris
1601 1798 1657 1827 Deo
1678 1799 1827 1834 subtracti,
1846 1803 1873 1829 et
1887 1804 1975 1830 mater
1996 1810 2110 1831 consen—

1264 1846 1349 1880 tiens,
1365 1845 1439 1882 quod
1459 1845 1586 1874 Christus
1600 1845 1628 1873 in
1643 1846 1764 1882 pretium
1779 1847 1936 1876 offerretur.
1952 1848 2022 1885 Ergo
2043 1848 2109 1877 lau-
2122 1853 2254 1881 virssplauda-

1263 1892 1392 1922 dabitur.
1413 1892 1533 1921 Laudata
1554 1892 1606 1920 suit
1626 1893 1716 1926 Anna,
1738 1893 1803 1930 quia
1817 1893 1917 1922 obtulit
1938 1895 2108 1930 Samuelem;
2158 1878 2208 1896 'mm'

1264 1940 1338 1970 unde
1358 1940 1460 1969 dicitur
1481 1939 1514 1968 de
1536 1939 1633 1976 ipsass:
1648 1939 1730 1968 Abiit
1750 1940 1782 1968 in
1799 1940 1880 1969 viam
1894 1950 1981 1970 suam
2002 1942 2109 1971 mulier

1263 1991 1289 2016 et
1308 1987 1445 2021 comedit,
1473 1986 1627 2025 vultusque
1651 1986 1732 2015 illius
1752 1995 1811 2015 non
1831 1991 1901 2016 suni
1920 1989 2050 2025 amplius
2077 1989 2109 2017 in

1262 2035 1380 2064 (lit-ersa
1407 2034 1524 2063 mutati.
1547 2034 1607 2071 Ipsa
1627 2033 1728 2062 obtulit
1748 2034 1836 2062 filium
1857 2034 1891 2063 ad
1913 2035 2108 2071 serviendum;

1262 2083 1310 2112 sed
1324 2083 1403 2112 beata
1417 2082 1501 2119 Virgo
1515 2081 1615 2110 obtulit
1635 2080 1723 2109 filium
1742 2088 1825 2109 suum
1839 2081 1873 2109 ad
1887 2082 2106 2112 sacrificandum.

1262 2146 1299 2150 —
1320 2129 1476 2163 Abraham,
1498 2128 1608 2157 voluisti
1629 2128 1729 2156 offerre
1753 2127 1842 2156 filium
1868 2130 1967 2163 tuum,
1989 2129 2036 2158 sed
2059 2129 2108 2159 ob-

1261 2177 1348 2206 tulisti
1375 2176 1509 2205 arieteml
1535 2175 1582 2204 sed
1603 2175 1686 2212 Virgo
1707 2174 1826 2212 gloriosa
1847 2175 1935 2204 filium
1956 2183 2039 2205 suum
2060 2176 2108 2205 ob-

1260 2224 1332 2253 tulit.
1349 2240 1385 2244 —
1401 2223 1541 2252 Laudatur
1562 2222 1644 2251 vidua
1661 2222 1846 2260 paupercula,
1862 2222 1928 2259 quia
1947 2222 2047 2252 obtulit
2067 2226 2108 2252 to-

1261 2431 1323 2448 mam
1341 2432 1425 2448 meam.
1450 2425 1543 2454 Veniat,
1560 2425 1701 2454 praecipiat;
1718 2425 1834 2455 quidquid
1855 2425 2014 2454 praeceperit,
2032 2425 2107 2448 faeere

1261 2467 1339 2493 parata
1356 2470 1409 2487 sum
1419 2473 1439 2486 n.
1457 2465 1520 2487 Hanc
1536 2471 1592 2493 ergo
1617 2465 1795 2493 promissionem
1813 2468 1906 2492 tenens,
1924 2464 1977 2487 exiit
2000 2464 2030 2487 ad
2055 2469 2107 2486 eam

1261 2509 1314 2525 cum
1332 2503 1440 2526 fratribus
1456 2504 1505 2526 suis
1521 2504 1589 2526 frater
1605 2504 1655 2526 eius
1671 2507 1714 2526 010.

1324 2541 1335 2555 ⁴
1352 2543 1427 2565 Matth.
1445 2542 1472 2570 5,
1489 2543 1527 2565 28.

1323 2580 1333 2593 ⁶
1349 2581 1405 2609 Cap.
1423 2581 1448 2608 9,
1465 2582 1486 2603 9.
1503 2593 1534 2598 —
1551 2581 1638 2604 Deinde
1654 2577 1775 2610 respicitur
1792 2582 1859 2604 Prov.
1881 2581 1908 2609 (i,
1933 2581 1975 2603 27:
1998 2580 2107 2610 Nunquid

1261 2623 1336 2649 potest
1352 2621 1422 2643 homo
1440 2619 1582 2643 abscondere
1600 2620 1677 2648 ignem
1696 2621 1718 2643 in
1735 2621 1786 2643 sinu
1807 2627 1863 2649 suo,
1880 2624 1905 2644 ut
1926 2620 2064 2643 vestimenta
2082 2619 2107 2642 il-

1262 2659 1305 2682 lius
1321 2664 1369 2681 non
1385 2658 1497 2681 ardeant?

1324 2696 1334 2709 ⁵
1350 2697 1421 2726 Epist.
1438 2697 1453 2720 l.
1469 2697 1522 2720 Cor.
1538 2697 1566 2725 7,
1585 2698 1606 2720 1.
1622 2710 1653 2714 -
1670 2699 1724 2726 Seq.
1740 2699 1804 2721 locus
1820 2700 1854 2720 est
1870 2698 1937 2721 Eccli.
1955 2697 1997 2725 42,
2015 2698 2057 2720 43:
2074 2696 2107 2718 De

1262 2736 1403 2759 vestimentis
1419 2737 1481 2759 0111111
1498 2737 1603 2764 procedit
1618 2739 1662 2759 etc.

1324 2773 1334 2787 ⁷
1350 2775 1408 2803 Cap.
1425 2775 1466 2804 19,
1483 2776 1521 2798 25.
1538 2779 1560 2798 et
1576 2777 1614 2798 26.
1631 2775 1688 2798 lbid.
1705 2783 1729 2798 v.
1746 2776 1784 2798 27.
1800 2776 1864 2798 locus
1880 2782 1929 2804 seq.

1324 2812 1334 2826 ⁸
1350 2814 1406 2843 Cap.
1424 2815 1461 2842 31,
1478 2815 1516 2838 30.

1325 2851 1334 2865 ⁹
1350 2853 1412 2877 Libr.
1423 2855 1439 2876 1.
1450 2855 1508 2882 Reg.
1520 2854 1541 2882 1,
1556 2855 1590 2876 18.
1602 2854 1659 2877 lbid.
1670 2861 1694 2876 v.
1712 2854 1735 2876 11
1747 2853 1828 2877 :Dabo
1845 2860 1899 2877 eum
1916 2854 2015 2877 Domino
2032 2852 2107 2875 omni-

1263 2891 1307 2915 bus
1324 2892 1406 2916 diebus
1422 2893 1483 2915 vitae
1500 2893 1557 2916 eius.
1568 2905 1598 2910 —
1611 2892 1714 2916 Subinde
1730 2893 1850 2921 respicitur
1867 2893 1924 2916 Gen.
1941 2894 1983 2920 22,
2001 2892 2024 2914 9.
2041 2896 2106 2919 seqq.

1257 2930 1303 2960 ’(110
1327 2930 1451 2960 Abraham)
1478 2934 1500 2954 et
1524 2933 1590 2955 Marc.
1609 2933 1651 2960 42,
1669 2932 1706 2955 41.
1723 2938 1800 2962 seqq.,
1816 2934 1871 2956 Luc.
1888 2933 1926 2961 21,
1944 2933 1965 2955 1.
1982 2936 2049 2959 seqq·
2067 2929 2105 2958 (de

1263 2969 1352 2999 vidua).
