2285 3398
324 199 380 228 368

406 280 448 306 17.
474 278 551 311 ltem,
567 277 594 305 in
610 280 746 314 quantum
763 276 969 314 informantur
984 278 1118 312 caritate,
1130 278 1177 306 de-

181 333 273 359 secundo,
292 325 471 362 insignantur
492 332 542 361 per
564 327 686 361 quatuor
707 328 881 353 ornamenta
903 325 1090 359 tabernaculi,
1105 332 1177 362 quae

187 357 305 375 'mmmm'
323 376 402 401 erant
433 375 554 409 quatuor
586 371 724 405 cortinae,
753 371 839 408 pelles
866 371 1080 408 hyacinthinae,
1112 379 1176 408 saga

323 419 431 448 cilicina
445 422 472 447 et
493 418 578 455 pelles
592 418 712 447 arietum
731 418 890 447 rubricatae
901 417 920 447 ¹.
935 418 1047 447 Cortina
1062 426 1175 454 respon-

322 465 368 494 det
383 465 604 502 temperantiae,
619 464 704 501 pelles
720 464 914 501 hyacinthinae
936 465 1061 494 caelestis
1075 464 1176 493 coloris

320 512 510 550 prudentiae,
533 520 598 549 saga
626 512 734 540 cilicina
765 512 912 546 iustitiae,
941 512 1025 549 pelles
1056 511 1175 539 arietum

243 569 309 587 siner.
324 553 481 588 rubricatae
502 558 683 596 fortitudini.
697 575 733 579 —
746 559 794 587 Vel
816 559 871 588 sic:
887 559 915 587 in
929 561 1092 587 ornamento
1108 561 1176 585 tem-

322 606 359 643 pli
381 605 496 634 ruerunt
520 608 642 642 quatuor
671 606 793 634 colores:
815 605 960 642 byssinus,
982 606 1009 633 in
1032 613 1088 642 quo
1109 608 1176 632 tem-

319 652 460 690 perantia
468 663 478 686 ,·
507 653 717 689 hyacinthinus,
741 653 767 681 in
790 661 846 690 quo
871 652 1047 690 praetoriam
1070 659 1177 688 purpu—

323 707 404 732 reus,
426 699 620 728 indumentum
644 700 751 737 regale,
778 700 911 732 iastitia;
940 699 1102 732 coccineus,
1125 699 1177 726 boc

322 749 363 775 est
385 746 547 780 flammeus,
569 745 721 783 fortitudo.
747 747 862 775 Ornam
891 754 957 783 ergo
985 746 1098 774 domum
1128 753 1177 782 per

207 804 276 830 τιηιιρ,
289 805 308 821 ιιι
321 796 443 830 quatuor
465 793 559 822 latera.
576 810 612 814 —
629 794 708 827 ltem,
723 793 876 822 stabiliunt
890 797 917 822 et
932 793 1114 821 introducunt
1128 800 1177 829 per

207 827 308 845 ⁵¹³¹¹¹¹'¹³⁰'
321 843 449 877 portani,
475 848 525 877 per
547 843 668 877 quatuor
684 840 771 869 latera
792 841 942 874 civitatis2,
967 839 1113 868 stabilitae
1125 848 1178 876 per

321 896 401 925 spem
422 887 457 916 ad
478 896 605 916 normam
626 888 779 925 aequalem.

404 936 448 964 18.
471 935 612 964 Adiunctis
626 943 693 973 ergo
708 935 799 963 tribus
814 935 980 968 virtutibus,
993 934 1096 963 scilicet
1111 934 1177 975 fide,

201 992 301 1019 Αιιιιιιιςιιρ
322 990 369 1019 spe
391 985 418 1010 et
439 982 569 1016 caritate,
592 985 766 1019 consurgunt
788 982 815 1010 in
838 981 1026 1018 septenarium
1052 981 1178 1018 designa-

188 1015 238 1066 >²3¹3
239 1016 314 1066 Ῠῗῗκιῖῗ-
322 1032 382 1058 tum
398 1038 447 1066 per
468 1033 573 1067 septem
594 1029 707 1063 stellas,
729 1037 779 1066 per
801 1033 906 1066 scptem
927 1029 1064 1057 mulieres
1085 1031 1113 1057 et
1128 1037 1177 1066 per

200 1063 302 1109 pssffssi‘iafesf'
323 1080 428 1114 septem
448 1086 540 1114 panes
562 1076 772 1114 evangelicos³;
795 1079 823 1105 et
844 1076 896 1105 boc
912 1076 938 1105 in
957 1079 1094 1113 quantum
1112 1078 1178 1104 sunt

205 1122 473 1161 r1·1030.utfal9idae,
502 1123 662 1161 secamtae,
691 1124 853 1161 viqorosae.
883 1123 911 1151 ln
944 1125 1081 1160 quantum
1113 1126 1178 1151 sunt

212 1156 300 1180 mmm&
322 1170 472 1208 fulyidac,
495 1179 544 1207 per
565 1174 670 1208 septem
691 1170 796 1199 stellas.
820 1170 895 1199 Unde
911 1170 938 1198 in
961 1170 1019 1198 lob:
1035 1169 1179 1207 Numquid

323 1218 499 1256 comanyere
526 1217 635 1247 valebis
662 1218 802 1246 micantes
830 1217 927 1246 stellas
953 1217 1099 1254 pleiadas,
1124 1220 1179 1245 aat

321 1274 432 1303 pyram
447 1265 567 1293 arcturi
579 1264 748 1302 dissipare?
763 1264 897 1293 Pleiades
912 1267 977 1293 sunt
995 1264 1057 1293 illae
1072 1267 1177 1301 septem

324 1312 418 1341 stellae
439 1312 618 1345 coniunctae,
634 1319 704 1349 quas
719 1312 820 1348 vulgus
833 1311 979 1349 yaltmam
1000 1320 1068 1340 cum
1087 1311 1178 1349 pullis

324 1362 411 1388 vocat.
434 1359 487 1387 Hae
509 1359 627 1387 virtutes
648 1359 753 1387 faciunt
772 1367 883 1397 ygsram
908 1358 1176 1395 imperturbabilem.

406 1407 449 1434 19.
483 1405 624 1440 Secundo,
656 1409 688 1434 ut
714 1404 874 1442 secandae,
900 1414 950 1443 per
981 1409 1086 1443 septem
1113 1415 1178 1434 mu—

181 1461 274 1489 εςιιιιιᾱο,
291 1463 311 1480 ιιι
325 1453 415 1481 lieres.
432 1453 546 1481 1saias4:
562 1451 783 1490 Apprcltemlent
797 1456 903 1489 septem
923 1452 1059 1481 mulieres
1077 1452 1179 1481 viram

197 1485 296 1504 ¹e⁶⁰¹¹d³⁹'
324 1508 419 1528 unum
440 1499 471 1528 in
485 1499 531 1528 dic
553 1499 617 1533 illa,
634 1499 757 1528 dicentes
778 1502 829 1528 etc.
859 1499 974 1533 Virum,
994 1499 1060 1536 quia
1074 1499 1179 1528 faciunt

325 1547 466 1576 hominem
488 1546 609 1579 virilem;
632 1550 659 1575 et
674 1555 782 1580 unum,
804 1546 870 1583 quia
885 1555 939 1575 non
953 1546 1081 1575 dividunt
1099 1554 1178 1580 eum,

326 1593 373 1622 sed
398 1593 525 1622 stabilem
549 1593 654 1622 faciunt
677 1596 704 1622 et
724 1593 883 1622 secundum.

229 1674 233 1677 ,
304 1674 307 1676 ,
405 1641 450 1669 ΞΟ.
474 1641 582 1675 Tertio,
604 1641 632 1669 in
654 1643 791 1678 quantum
818 1640 971 1678 vaporosae
998 1640 1179 1677 designantur

183 1674 375 1724 T‘g‘ssi‘sskiifhper
403 1691 508 1725 septem
527 1696 620 1724 pa‘rzes
648 1687 836 1724 evangelicos,
859 1694 895 1715 ex
924 1687 1027 1724 quibus
1055 1687 1179 1723 pascitur

933 199 965 228 1N
986 193 1208 228 ΗΕΧΑΕΜΕΒΟΝ
1228 197 1391 227 commo
1413 198 1477 226 viu.

1234 276 1400 305 universitas
1414 275 1575 304 electorum.
1596 276 1624 304 lu
1640 275 1813 312 philosophis
1828 277 1879 305 liae
1893 280 2014 313 quatuor
2030 278 2084 306 vir-

1234 326 1307 352 tutes
1328 322 1443 351 fuerunt
1464 322 1583 359 lapides,
1605 322 1653 351 sed
1673 322 1755 350 modo
1780 325 1846 351 sunt
1866 326 1971 359 septem
2000 332 2085 360 panes

1234 370 1313 397 vitae.
1336 369 1421 397 Panes
1442 369 1526 404 Moysi
1548 369 1676 407 quinque
1698 368 1813 397 fuerunt
1828 367 1981 397 hordeacei
1992 370 2014 403 ⁵,
2039 370 2085 398 sed

1232 420 1336 453 septem
1345 424 1437 453 panes
1451 414 1596 453 frumenti
1607 416 1633 444 in
1649 416 1775 444 doctrina
1787 415 1945 452 evangelica
1955 424 1989 443 ea:
2001 416 2087 452 adipe

1232 462 1383 500 frumenti.

1313 511 1358 538 21.
1383 510 1464 543 ltem,
1479 514 1601 547 quatuor
1616 510 1769 539 cardinales
1783 510 1870 538 ducas
1884 510 1911 537 iu
1935 513 1991 538 tres
2014 510 2088 538 tlieo-
2102 517 2229 543 Augeat-arad

1234 556 1350 593 logicas,
1373 560 1400 585 et
1421 556 1460 585 sic
1481 560 1546 586 sunt
1567 557 1730 590 duodecim,
1752 557 1819 594 quia
1840 556 1988 593 prudentia
2005 540 2230 597 deheilfflfffsstffi'mtslt

1233 613 1293 633 esse
1314 603 1423 641 fideli&
1445 604 1537 641 fidens
1558 607 1585 633 et
1606 613 1732 637 ama1ns,·
1754 604 1834 633 etsie
1855 603 1888 632 de
1903 604 1971 632 aliis.
1996 604 2026 632 Et
2041 603 2087 632 de-
2097 588 2178 611 ‘muer'

1234 652 1379 689 signantur
1402 659 1452 688 per
1472 651 1617 680 duodecim
1638 650 1748 689 fontes,
1771 659 1821 688 per
1846 650 1992 679 duodecim
2014 650 2087 687 lapi-

1234 699 1283 727 des
1301 699 1444 736 pretiosos
1466 698 1493 726 in
1516 699 1677 727 vestimento
1700 698 1853 732 Pontificis,
1872 706 1922 734 per
1943 698 2088 726 duodecim

1232 749 1336 783 portas
1351 745 1505 774 civitatisffz
1528 749 1555 774 et
1577 746 1642 780 boc,
1658 746 1685 774 in
1701 749 1838 782 quantum
1854 744 2006 779 inchoant,
2021 753 2088 782 pro-

1236 797 1347 821 movent
1367 796 1395 822 et
1413 793 1589 830 perducunt.
1605 810 1643 814 ——
1660 793 1762 827 Primo,
1778 800 1829 829 per
1850 792 2001 820 duodecim
2023 791 2087 829 fon-
2099 799 2232 832 culmum..

1236 844 1289 874 tes,
1312 840 1394 878 quia,
1427 844 1459 869 ut
1484 848 1512 869 se
1543 840 1800 874 circumincedunt,
1833 839 1937 868 faciunt
1968 839 2088 867 animani
2127 823 2202 841 ”¹¹⁰³''‘'

1235 888 1376 917 mundam.
1400 905 1437 908 —
1459 888 1599 922 Secundo,
1622 896 1671 925 per
1692 887 1843 916 (laodecim
1874 887 2001 924 lapides,
2024 886 2090 923 quia
2103 893 2195 912 Secundo,
2212 895 2232 933 ιιι

1235 939 1336 964 ornant
1357 936 1477 964 animam
1499 936 1526 964 in
1558 936 1687 964 omnibus
1718 935 1870 964 virtutibus
1902 934 1929 962 in
1962 936 2089 970 pectore,
2109 921 2225 940 'mmmm'

1235 983 1307 1011 sicut
1329 982 1366 1011 illi
1388 982 1493 1019 lapides
1514 982 1541 1010 in
1564 985 1674 1019 pectore
1696 981 1842 1010 Pontificis.
1860 997 1896 1001 —
1912 980 2020 1013 Tertio,
2039 988 2089 1017 per
2108 987 2213 1028 Ἰτειῇἰιιικιὼιιιιι

1235 1030 1387 1058 duodecim
1404 1032 1525 1067 portas,
1548 1029 1576 1057 in
1598 1032 1734 1066 quantum
1750 1028 1947 1057 introducunt:
1970 1036 2033 1056 nam
2055 1016 2108 1056 ad¹
2164 1017 2173 1028 L
2211 1024 2214 1027 '

1234 1077 1370 1106 orientem
1392 1077 1548 1105 sinceritas
1574 1077 1798 1114 tempera-ntiae,
1821 1076 1855 1104 ad
1884 1075 2027 1104 meridiem
2048 1083 2090 1103 se-

1235 1124 1346 1152 renitas
1357 1124 1548 1161 prudentiae,
1564 1124 1598 1153 ad
1619 1124 1778 1161 aquilonem
1793 1123 1939 1152 stabilitas
1954 1126 2088 1151 constan—

1235 1172 1305 1205 tiae,
1328 1171 1362 1200 ad
1383 1171 1552 1200 occidentem
1573 1172 1709 1200 saavitas
1731 1171 1868 1199 iustitiae.

1314 1220 1359 1247 22.
1383 1219 1519 1252 Ulterius,
1542 1219 1609 1247 istae
1631 1218 1749 1247 virtutes
1770 1217 1936 1252 duodecim,
1956 1217 2088 1255 yemina-
2102 1221 2170 1247 Uerum
2184 1221 2219 1239 ¹¹³0

2101 1250 2122 1268 gc
2126 1246 2219 1262 minantur

1236 1270 1280 1294 tae
1302 1266 1329 1294 in
1348 1266 1500 1303 prosperis
1521 1268 1548 1294 et
1569 1266 1596 1294 in
1615 1265 1758 1298 adversis,
1773 1265 1954 1301 designantur
1976 1272 2026 1302 per
2047 1264 2088 1292 vi—
2101 1271 2130 1310 fet!-
2140 1268 2219 1315 &2130ss

1233 1313 1310 1350 9z'mz·
1323 1315 1452 1350 quatuor
1468 1311 1567 1346 leoras,
1582 1312 1728 1341 duodecim
1750 1312 1777 1340 in
1796 1315 1877 1340 nocte
1897 1311 2087 1345 adversitatis,
2102 1317 2138 1334 tur-

1235 1363 1262 1388 et
1272 1359 1418 1388 duodecim
1431 1359 1457 1387 in
1470 1359 1515 1387 die
1527 1360 1726 1396 prosperitatis.
1737 1376 1774 1380 -
1787 1359 1862 1393 Item,
1874 1359 2027 1396 geminatae
2039 1366 2088 1395 per

1235 1407 1364 1435 activam
1385 1410 1413 1435 et
1434 1406 1687 1443 contemplativam
1695 1417 1705 1440 ,⁴
1727 1409 1754 1435 et
1775 1406 1814 1435 sic
1829 1414 1879 1443 per
1897 1405 2002 1443 viginti
2015 1414 2088 1443 qaa-

1236 1456 1303 1481 taor
1330 1453 1457 1481 seniores
1469 1453 1490 1486 ⁷,
1520 1453 1568 1489 qui
1596 1453 1678 1481 modo
1698 1453 1852 1481 volvuntur
1880 1452 1914 1481 ad
1936 1452 2087 1486 actionem,

1235 1500 1317 1529 modo
1339 1500 1372 1528 ad
1394 1500 1670 1537 contemplationem,
1693 1500 1759 1537 quia
1773 1500 1879 1528 faciunt
1900 1502 2041 1528 sensatum
2062 1502 2090 1528 et

1236 1550 1389 1575 maturum.
1403 1563 1438 1567 —
1451 1546 1531 1581 Item,
1547 1554 1597 1584 per
1612 1546 1865 1584 contemplativam
1880 1547 2046 1583 practicam
2062 1549 2090 1575 et

1235 1593 1448 1631 speculativam
1453 1604 1463 1627 ;
1474 1597 1501 1622 et
1515 1594 1554 1622 sic
1568 1602 1619 1630 per
1631 1594 1736 1631 viyinti
1746 1597 1875 1632 quatuor
1890 1593 1956 1621 alas
1967 1597 2089 1631 quatuor

1237 1640 1413 1674 animalium,
1429 1649 1551 1677 quorum
1572 1641 1715 1678 quodlibet
1730 1648 1810 1670 senas
1828 1641 1885 1669 alas
1904 1641 1995 1669 habet.
2009 1657 2046 1661 —
2059 1640 2090 1669 Et
2103 1645 2225 1688 rigant-svi-

1238 1687 1264 1715 in
1288 1687 1340 1715 hoc
1362 1687 1528 1715 terminatur
1549 1687 1640 1724 prima
1662 1687 1730 1716 visio
1755 1690 1783 1716 et
1807 1695 1878 1724 opus
1899 1687 2005 1724 primae
2026 1686 2088 1715 diei.
2192 1683 2196 1687 '

994 1852 1263 1901 OOLLATIO
1298 1853 1421 1901 VIII.

472 1981 518 2014 De
544 1981 680 2014 secunda
706 1981 839 2023 visione,
867 1981 979 2015 scilicet
1004 1981 1219 2025 intelligentiae
1245 1992 1299 2026 per
1325 1980 1415 2014 fidem
1443 1980 1638 2023 sublevatae,
1666 1981 1804 2014 tractatio
1831 1981 1946 2026 prima,

944 2051 1024 2085 quae
1050 2040 1110 2085 agit
1135 2040 1173 2073 de
1199 2039 1359 2073 altitudine
1386 2039 1465 2073 fidei.

328 2170 505 2198 Suniimniuii.
530 2187 564 2190 —
588 2170 775 2199 Introductio.
808 2171 927 2200 Caelum
955 2170 1040 2200 habet
1061 2171 1137 2199 tria:
1160 2175 1201 2199 est
1221 2171 1359 2205 sublime,
1382 2171 1499 2205 stabile,
1521 2171 1689 2208 spectabile,
1716 2173 1738 2199 1.
1764 2188 1798 2191 —
1825 2170 1864 2199 Ob
1886 2171 2001 2199 easdem
2018 2179 2089 2208 pro-

404 2220 543 2258 prietates
563 2220 634 2258 sidcs
657 2226 779 2250 vocatur
800 2223 929 2256 eaelum,
952 2224 978 2251 2.
995 2239 1032 2243 —
1048 2222 1135 2251 Fides
1157 2221 1239 2250 lzabet
1261 2222 1358 2250 lamen
1379 2225 1405 2251 et
1424 2222 1546 2255 nabcm5
1568 2226 1608 2251 est
1630 2222 1792 2256 altissima,
1813 2222 2005 2259 firmissima,
2026 2230 2089 2259 spe-

407 2272 588 2306 ciosissima,
611 2272 637 2300 3.
653 2290 691 2293 —
706 2273 771 2302 Pars
794 2274 810 2301 l.
833 2274 872 2302 De
893 2273 1039 2302 altitudine
1061 2273 1139 2308 fidei,
1161 2273 1316 2302 secundum
1337 2273 1510 2302 altitudinem
1534 2273 1711 2302 sublimitatis
1733 2276 1760 2302 et
1780 2273 1954 2302 altitudinem
1975 2273 2089 2310 profun-

407 2323 516 2357 ditatis,
538 2324 595 2352 sive
617 2325 770 2353 secuudum
803 2325 967 2361 mysterium
1000 2325 1142 2354 Trinitatis
1173 2328 1200 2354 et
1231 2325 1443 2359 incarnationis,
1466 2325 1492 2353 4.
1514 2342 1553 2346 -
1575 2325 1616 2353 De
1636 2329 1763 2363 utraque
1784 2324 1938 2353 altitudine
1959 2324 2089 2362 loquitar

392 2492 400 2506 ¹
418 2493 465 2516 Cir.
481 2493 554 2516 Exod.
570 2493 613 2520 26,
632 2494 651 2515 l.
670 2499 736 2522 seqq,
757 2494 815 2516 Vide
842 2496 941 2523 bedam,
959 2496 981 2518 ll.
1008 2496 1037 2518 de
1065 2496 1180 2518 Taberna-

329 2534 381 2556 culo
399 2536 442 2556 etc.
460 2539 480 2555 c.
497 2533 543 2555 2-4.

391 2571 401 2585 ²
418 2572 464 2595 Ctr.
486 2574 560 2600 Apoc.
582 2572 619 2599 21,
644 2573 680 2594 16.
704 2573 763 2595 Vide
788 2580 858 2601 supra
882 2580 936 2602 pag.
962 2575 1020 2603 363,
1037 2580 1090 2598 nota
1113 2576 1131 2597 1.
1149 2587 1180 2592 —-

328 2612 363 2634 B:
386 2610 512 2635 stabilium*
531 2616 577 2641 per
602 2610 684 2634 eadem
709 2613 813 2641 quatuor
840 2612 929 2641 latera,
957 2613 1115 2637 introducunt
1135 2620 1180 2643 per

329 2652 433 2680 quatuor
447 2651 533 2680 portas
551 2650 575 2673 in
593 2650 649 2680 ipsis
667 2652 771 2680 quatuor
789 2651 903 2674 lateribus
921 2652 1027 2676 civitatis.

391 2687 402 2701 ³
419 2689 491 2717 Apoc.
509 2689 571 2716 3,1.
585 2701 617 2706 —
633 2689 682 2711 lsai.
702 2689 762 2716 1,1.
778 2702 809 2706 —
827 2691 903 2713 Mami.
923 2692 962 2718 15,
978 2692 1016 2714 34.
1030 2705 1062 2709 -
1079 2693 1132 2722 Seq.
1151 2693 1179 2715 lo-

330 2734 371 2751 cus
388 2731 422 2750 est
434 2727 474 2750 lob
491 2728 534 2755 38,
547 2728 584 2750 31.
603 2728 701 2755 Vulgata
720 2727 792 2750 verbo
810 2727 925 2758 dissipare
942 2730 1067 2757 praemittit
1081 2731 1180 2760 poteris.

393 2765 403 2778 ⁴
419 2765 476 2794 Cap.
494 2766 520 2793 4,
540 2767 561 2789 1.

392 2804 402 2817 ⁵
419 2806 480 2828 loan.
493 2806 519 2833 6,
532 2806 546 2827 9
557 2813 561 2827 :
574 2806 613 2828 Est
624 2811 683 2834 puer
701 2812 761 2828 unus
779 2806 828 2833 liic,
843 2806 882 2834 qui
901 2807 970 2829 babet
986 2808 1090 2837 quinque
1108 2815 1181 2837 panes

330 2845 473 2868 hordeaceos
490 2843 533 2867 etc'.
550 2845 574 2867 ln
591 2850 662 2873 quem
680 2845 757 2867 locum
772 2845 868 2872 August.
877 2862 882 2872 ,
895 2845 917 2867 in
929 2846 991 2869 loan.
1002 2847 1091 2874 Evang.
1103 2850 1130 2870 tr.
1142 2848 1180 2870 24.

329 2891 354 2907 n.
371 2884 397 2911 5,
415 2884 460 2907 ait:
479 2884 582 2906 Breviter
599 2886 623 2906 ut
643 2889 777 2910 curramus,
795 2884 900 2912 quinquo
925 2891 997 2912 panes
1023 2886 1180 2914 intelliguntur

330 2923 434 2952 quinque
451 2922 501 2945 libri
520 2923 614 2953 Moysi,
631 2923 713 2945 merito
732 2929 779 2945 nou
798 2923 890 2950 triticei,
908 2923 949 2945 sed
970 2924 1108 2952 hordeacei,
1126 2926 1180 2954 quia

330 2962 360 2985 ad
377 2965 445 2985 vetus
462 2965 625 2984 testamentum
639 2962 762 2990 pertinent.
774 2962 848 2984 Nostis
861 2964 938 2984 autem
951 2963 1066 2985 hordeum
1079 2964 1108 2985 ita
1120 2969 1181 2986 crea-

332 3005 395 3029 tum,
408 3004 433 3024 ut
444 3001 474 3024 ad
486 3001 611 3024 medullam
624 3001 673 3023 eius
686 3001 724 3023 vix
736 3001 899 3028 peri-enititum
912 3002 1007 3024 vestitur
1019 3002 1081 3024 enim
1098 3003 1180 3025 eadem

1238 2496 1339 2518 medulla
1365 2496 1466 2523 tegmine
1489 2496 1581 2523 paleae,
1598 2498 1620 2517 et
1638 2496 1687 2523 ipsa
1705 2495 1770 2523 palca
1789 2497 1855 2516 tenax
1873 2497 1895 2516 et
1913 2494 2047 2521 inhaerens,
2065 2496 2090 2516 ut

1237 2541 1291 2557 cum
1309 2533 1388 2556 labore
1405 2538 1509 2557 exuatur.
1527 2535 1589 2557 Talis
1606 2537 1640 2556 cst
1658 2535 1730 2556 littera
1748 2533 1832 2555 veteris
1850 2533 1990 2560 testamenti,
2007 2533 2089 2555 vestita

1238 2574 1379 2602 tegminibus
1397 2574 1524 2596 carnalium
1541 2576 1741 2596 sacramentorum
1753 2575 1795 2595 etc.
1807 2585 1839 2589 —
1852 2572 1955 2595 Subinde
1967 2572 2089 2600 respicitur

1238 2613 1272 2635 Ps.
1291 2613 1333 2639 80,
1352 2613 1395 2634 17:
1409 2613 1435 2635 Et
1452 2612 1538 2635 cibavit
1554 2619 1595 2635 eos
1612 2619 1639 2635 ex
1657 2612 1726 2640 adipe
1744 2612 1861 2634 frumenti.
1877 2611 1924 2634 Ctr.
1941 2612 1977 2634 Ps.
1995 2611 2052 2638 147,
2066 2612 2088 2633 3.

1300 2650 1310 2663 ⁶
1327 2652 1397 2674 Exod.
1418 2652 1457 2679 15,
1475 2652 1512 2674 27.
1530 2654 1553 2674 et
1570 2652 1637 2674 Num.
1655 2652 1697 2679 33,
1715 2652 1736 2673 9.
1754 2663 1786 2668 --
1808 2651 1879 2673 Exod.
1904 2651 1946 2679 28,
1965 2651 2041 2673 17-21.
2057 2662 2089 2667 —

1239 2692 1311 2719 Apoc.
1329 2692 1371 2718 21,
1390 2692 1426 2713 1²2.
1444 2697 1494 2720 seq.
1511 2694 1533 2713 et
1557 2692 1595 2714 21.
1618 2703 1650 2708 —
1675 2691 1708 2713 De
1733 2690 1952 2712 circumincessione
1977 2689 2088 2712 virtutum

1238 2730 1280 2752 cfr.
1296 2736 1368 2758 supra
1385 2730 1460 2752 collat.
1478 2730 1499 2752 6.
1517 2736 1540 2752 n.
1556 2725 1598 2757 ἶ13ς
1617 2729 1673 2752 ibid.
1689 2736 1713 2752 n.
1732 2729 1769 2752 14.
1787 2728 1884 2751 liabetur
1901 2729 1970 2751 etiam
1988 2728 2017 2750 de
2034 2733 2088 2756 qua-

1239 2771 1290 2791 tuor
1307 2768 1430 2791 virtutibus
1438 2786 1443 2796 ‚
1456 2769 1479 2791 in
1491 2771 1605 2797 quantum
1617 2769 1760 2796 respondent
1771 2770 1870 2796 quatuor
1882 2767 1963 2790 mundi
1976 2765 2089 2794 partibus.

1300 2806 1309 2819 '¹
1327 2808 1400 2836 Apoc.
1418 2808 1444 2835 4,
1464 2808 1492 2835 4,
1510 2808 1536 2835 5,
1555 2809 1577 2831 8.
1594 2804 1672 2837 seq'qq
1691 2808 1731 2835 11,
1751 2808 1786 2830 16.
1804 2813 1854 2836 seq.
1871 2809 1893 2829 ct
1914 2806 1953 2834 19,
1971 2806 1993 2828 4.
2009 2817 2040 2822 --
2058 2806 2088 2827 ln-

1238 2848 1308 2870 terIus
1325 2847 1447 2875 respicitur
1464 2848 1537 2875 Apoc.
1554 2847 1580 2874 4,
1599 2848 1628 2869 8:
1647 2848 1673 2869 Et
1688 2850 1789 2876 quatuor
1806 2846 1926 2873 animalia,
1943 2845 2034 2873 singula
2051 2850 2088 2866 eo-

1237 2893 1290 2909 rum
1316 2886 1434 2908 habebant
1458 2887 1506 2909 alas
1523 2892 1598 2909 senas.
1614 2898 1646 2903 -·
1664 2886 1759 2908 interius
1777 2886 1793 2907 B
1811 2888 1833 2907 et
1850 2885 1901 2907 Vat.
1919 2885 2012 2912 legunt:
2030 2883 2087 2905 Item

1238 2925 1432 2955 contemplativa,
1450 2925 1472 2948 si
1487 2925 1608 2949 dividatur
1622 2931 1668 2955 per
1682 2925 1817 2954 practicam
1829 2926 1850 2948 et
1861 2923 2045 2953 speculativam,
2060 2921 2088 2944 si-

1238 2964 1335 2995 qnz'ficat
1353 2964 1378 2987 ἱη
1395 2964 1444 2988 istis
1462 2964 1585 2988 diwdecim
1608 2964 1735 2994 duplicatis
1754 2963 1838 2993 clysma*
1854 2964 1957 2992 quatuor
1974 2961 2027 2984 alus
2044 2963 2088 2982 etc.
