2285 3398
422 200 462 229 Lll
1121 196 1364 228 PROLEGOMENA
1386 197 1413 224 C.
1436 196 1477 225 Xl.

421 280 532 307 opuscula
555 285 605 301 esse
628 284 709 306 reapse
730 278 799 300 liuius
818 276 877 299 Petri
893 276 982 299 loannis
999 276 1066 304 Olivi,
1087 277 1111 298 P.
1131 275 1213 298 Fidelis
1239 275 1269 297 ibi

420 326 547 350 annotavit.

485 375 532 396 lloc
545 373 657 396 iudicium
670 372 785 401 approbat
803 374 826 395 et
846 371 921 399 magis
938 371 1059 394 conflrmat
1075 374 1103 393 ct.
1121 370 1145 392 P.
1157 370 1194 392 Fr.
1206 369 1272 391 Elirle

424 422 446 443 S.
458 421 472 443 l.
485 420 580 449 (Archiv
598 419 632 441 tur
647 418 828 442 Litteratur-und
844 417 1080 446 Kirchengeschiebte
1097 419 1148 444 etc„
1160 415 1224 438 Band
1239 416 1272 438 ΙΙΙ.

424 474 478 497 pag.
490 467 544 496 495)
561 467 658 496 loquens
675 466 704 489 de
724 465 849 494 praedictis
865 465 969 494 quinque
985 464 1111 492 opusculis.
1127 463 1221 486 Certum
1239 468 1273 484 ar-

424 518 561 544 gumentum
584 513 614 536 ab
634 520 662 536 eo
681 513 781 536 sumitur
796 519 823 535 ex
839 512 945 540 catalogo
965 511 1119 534 bibliothecae
1143 509 1274 539 pontificiae

424 562 509 591 scripto
527 562 587 584 ’1369
604 560 649 584 sub
665 560 757 583 Urbano
775 560 802 588 V,
817 560 839 582 in
854 565 902 589 quo
917 559 949 588 (n.
961 558 1025 587 38⁴.)
1043 558 1078 580 illa
1094 557 1197 587 quinque
1215 563 1274 585 opu-

424 610 499 637 scula,
511 608 619 637 inscripta
636 607 759 637 Principia
774 606 896 636 qenerolia
912 612 986 636 super
1002 610 1075 629 sacra
1092 603 1232 634 Scriptura,
1245 606 1275 626 at-

425 655 558 678 tribuuntur
575 655 610 677 Fr.
623 655 689 677 Petro
707 654 797 677 loannis
813 653 881 676 Olivi.

793 748 855 771 CAP.
873 747 909 770 xi.

452 836 490 867 De
506 834 592 866 variis
605 833 771 865 editionibus
785 832 974 872 opusculorum
988 832 1016 863 S.
1030 830 1251 862 Bonavonturae.

490 939 540 961 Non
551 944 604 960 raro
616 937 722 960 citandae
733 939 787 959 sunt
797 935 939 965 antiquiores
949 934 1093 958 collectiones
1104 933 1279 964 opusculorum

429 986 453 1008 S.
472 986 662 1011 Bonaventurae,
678 989 740 1013 quae
752 984 824 1006 tactae
835 985 888 1009 sunt
899 985 952 1005 ante
964 981 1099 1004 Vaticanam
1110 979 1219 1004 omma-m
1230 985 1281 1010 ope·

428 1039 485 1056 rum
502 1032 674 1059 collectionem,
691 1037 791 1060 quorum
809 1032 948 1059 conspectus
964 1028 1062 1052 liabetur
1078 1031 1133 1051 tom.
1152 1029 1166 1051 Ι.
1184 1028 1280 1050 Praetat.

430 1086 485 1108 pag.
503 1079 622 1103 xut-xxl.
635 1079 692 1101 Hinc
703 1077 836 1106 praedictae
853 1077 1009 1104 collectiones,
1020 1082 1081 1106 quae
1092 1076 1201 1098 omittunt
1215 1074 1281 1098 Com-

431 1126 555 1149 mentarios
568 1126 589 1148 in
601 1124 760 1148 Lotnbardum
772 1127 795 1147 et
806 1124 962 1153 scripturam,
974 1122 1103 1146 secundum
1121 1122 1226 1145 ordinem
1244 1127 1282 1144 ae-

430 1173 481 1196 tatis
498 1174 542 1196 noc
557 1173 608 1196 loco
625 1171 793 1195 describendae
808 1171 925 1194 videntur.

493 1220 510 1242 l.
526 1219 614 1247 Editio,
629 1225 642 1241 a
668 1219 754 1241 Bonelli
780 1221 861 1241 vocata
883 1224 1011 1246 anonyma,
1034 1220 1057 1240 et
1078 1217 1208 1240 secundum
1232 1216 1282 1239 eius

431 1268 611 1296 descriptionem
639 1267 666 1289 ¹5
691 1267 803 1295 opuscula
821 1267 991 1294 complectens,
1016 1264 1061 1288 sub
1085 1265 1166 1288 oculos
1191 1266 1283 1287 nostros

431 1321 477 1337 non
495 1314 566 1337 venit.

495 1360 520 1382 ll.
531 1360 607 1382 Prima
619 1359 674 1382 edit.
686 1359 827 1382 Coloniensis
839 1364 876 1382 an.
889 1358 963 1386 ⁴484,
975 1364 1036 1387 quae
1047 1357 1177 1380 secundum
1190 1357 1215 1378 L.
1226 1355 1283 1378 Hain

434 1413 460 1430 ex
477 1406 567 1429 officina
584 1407 675 1429 Bartnel
693 1406 723 1429 de
748 1406 835 1429 Unckel
858 1405 957 1434 prodiit,
974 1404 1004 1427 ab
1029 1404 1113 1427 eodem
1130 1404 1154 1426 L.
1172 1403 1230 1425 Hain
1247 1403 1285 1425 de-

433 1453 540 1477 scribitur
557 1453 601 1476 sub
618 1460 641 1476 n.
659 1453 728 1476 3463.
745 1453 889 1476 Collectionis
905 1452 1021 1480 tabulam,
1040 1452 1068 1474 16
1090 1451 1203 1480 opuscula
1228 1450 1284 1473 indi-

433 1504 532 1529 cantem,
549 1501 635 1524 Bonelli
651 1502 717 1524 ass'ert
741 1500 831 1530 absque
847 1503 901 1523 nota
924 1500 968 1523 loci
984 1502 1007 1522 et
1023 1500 1118 1523 nomine
1135 1498 1285 1527 typographi.

435 1549 542 1572 Nostrum
559 1549 689 1576 exemplar,
700 1548 730 1571 ad
741 1547 888 1571 Conventum
901 1549 996 1570 tratrum
1009 1547 1094 1570 Recoll.
1105 1546 1246 1574 nietbergae
1261 1545 1284 1568 in

434 1595 575 1624 Westphalia
592 1597 713 1623 spectans,
724 1585 759 1617 est
770 1594 889 1622 mutilum,
905 1593 1017 1617 exhibens
1028 1594 1042 1616 5
1055 1595 1143 1616 tantum
1160 1592 1285 1621 opuscula,

434 1648 496 1672 quae
512 1649 565 1665 cum
584 1643 613 1665 ⁴2
631 1642 750 1671 opusculis
767 1642 789 1664 2.
805 1641 861 1664 edit.
876 1629 965 1664 emon.
987 1647 1025 1663 an.
1043 1640 1103 1663 ⁴486
1122 1642 1144 1663 et
1161 1645 1215 1663 curn
1232 1639 1286 1661 Am-

436 1690 508 1713 brosii
524 1689 583 1712 libro
600 1689 758 1712 Hexaemeron
775 1689 881 1717 colligata
898 1690 960 1711 sunt.

498 1738 531 1760 ΙΙΙ.
543 1737 649 1760 Secunda
666 1737 721 1759 edit.
737 1736 880 1760 Coloniensis
891 1742 929 1759 an.
951 1735 1025 1763 1486,
1042 1735 1110 1758 cuius
1126 1733 1229 1757 tabulam
1246 1734 1287 1755 Bo-

436 1784 489 1807 nelli
505 1786 595 1813 profert
608 1785 659 1826 sine
675 1784 769 1807 nomine
785 1783 940 1812 typographi,
956 1783 998 1812 qui
1015 1782 1057 1805 fuit
1074 1783 1169 1804 loannes
1185 1780 1292 1804 Coelboss‘

437 1832 467 1854 de
485 1831 587 1860 Lubeck,
604 1831 712 1855 Coloniae
737 1831 807 1858 civis,
823 1830 925 1853 continet
950 1830 980 1853 23
1003 1829 1125 1858 opuscula.
1145 1827 1288 1850 Describitur

437 1886 450 1901 a
467 1880 491 1902 L.
508 1879 566 1902 Hain
583 1879 628 1902 sub
645 1886 667 1902 n.
685 1878 755 1901 3454.
772 1879 794 1901 ln
811 1877 951 1906 exemplari,
967 1876 1033 1906 quod
1050 1882 1106 1904 prae
1126 1874 1235 1898 manibus
1251 1875 1289 1897 ha>

438 1925 533 1953 bemus,
545 1929 568 1949 et
578 1926 642 1956 quod
654 1928 689 1949 est
700 1925 833 1949 Conventus
846 1925 941 1948 fratrum
954 1925 1057 1946 Reform.
1068 1922 1174 1949 Bulsani‚
1192 1922 1216 1944 Η
1233 1927 1289 1950 opu-

439 1974 501 1996 scula
519 1973 555 1996 bis
571 1974 741 2002 producuntur.

502 2019 540 2042 lV.
556 2020 631 2042 Prima
648 2019 704 2042 edit.
720 2019 847 2046 Argentina
859 2024 896 2040 an.
908 2017 983 2044 ⁴489,
995 2022 1056 2045 quae
1072 2015 1172 2038 debetur
1188 2015 1251 2037 curis
1267 2016 1290 2036 et

441 2066 525 2094 praelis
542 2067 630 2089 Martini
646 2067 722 2093 Flacti,
739 2066 769 2088 22
781 2066 894 2094 opuscula
905 2063 1006 2087 exbibet.
1016 2063 1160 2086 Describitur
1171 2068 1184 2084 a
1195 2062 1220 2084 L.
1232 2062 1289 2084 Hain

441 2113 486 2136 sub
503 2120 524 2136 n.
542 2114 610 2137 3465.
628 2114 749 2142 Exemplar
767 2115 885 2139 nostrum,
901 2111 967 2141 quod
984 2111 1014 2133 ad
1035 2110 1183 2133 Conventum
1201 2110 1224 2131 S.
1237 2109 1290 2131 Ber-

441 2161 531 2183 nardini
548 2161 652 2184 Tridenti
670 2160 780 2189 pertinet,
797 2159 876 2189 quoad
899 2164 1023 2182 numerum
1045 2160 1068 2180 et
1084 2157 1216 2186 qualitatem
1234 2162 1290 2184 opu-

441 2208 556 2230 sculorum
574 2215 670 2236 prorsus
686 2207 812 2236 respondet
837 2206 941 2234 tabulae,
958 2213 970 2228 a
988 2205 1073 2228 Bonelli
1090 2204 1180 2234 absque
1196 2203 1291 2226 nomine

442 2256 580 2283 typographi
597 2256 706 2283 prolatae.

505 2302 532 2324 V.
549 2303 655 2325 Secunda
672 2302 775 2326 collectio
793 2301 918 2330 Argentina
935 2308 972 2324 an.
991 2300 1064 2328 moti,
1081 2300 1132 2323 sine
1148 2300 1243 2322 nomine
1260 2302 1291 2327 ty-

443 2351 558 2378 pograptn
576 2350 598 2372 in
615 2350 690 2373 lucem
708 2350 782 2378 edita,
799 2350 825 2373 7¹
847 2350 959 2378 opuscula
978 2348 1048 2372 habet
1063 2348 1086 2371 in
1104 2348 1164 2371 duas
1181 2350 1259 2376 partes
1270 2350 1292 2370 et

443 2396 490 2418 duo
506 2391 625 2419 volumina
642 2397 729 2424 divisa,
745 2403 847 2426 quorum
865 2396 967 2419 tabulam
984 2395 1071 2418 Bonelli
1084 2395 1179 2423 profert.
1192 2393 1290 2416 Secundi

444 2444 533 2466 tantum
555 2444 680 2467 voluminis
704 2445 821 2472 exemplar
842 2444 957 2472 inspicere
979 2443 1110 2472 potuimus,
1132 2442 1199 2464 cuius
1223 2448 1292 2470 argu-

443 2492 548 2512 mentum
564 2497 617 2513 cum
643 2490 719 2513 tabula
744 2492 830 2514 Bonelli
855 2492 923 2520 plane
939 2489 1105 2514 concordabat.
1121 2490 1263 2511 Recensetur
1278 2495 1291 2510 a

444 2537 470 2559 L.
485 2537 543 2560 Hain
565 2537 609 2560 sub
630 2544 653 2560 n.
676 2537 745 2560 3468.
768 2539 795 2561 Ut
811 2546 838 2562 ex
862 2539 919 2561 infra
940 2538 1014 2567 posita
1036 2537 1113 2560 tabula
1137 2536 1238 2564 generali
1260 2536 1292 2559 vi-

1327 275 1377 299 deri
1394 278 1477 304 potest,
1495 268 1552 298 haec
1569 274 1672 297 collectio
1689 273 1882 303 praecedentibus
1904 273 1993 297 addidit
2011 273 2039 298 48
2057 274 2178 302 opuscula.

1328 323 1385 346 Nilill
1402 323 1486 345 dicitur
1504 323 1525 345 in
1543 322 1697 350 praefatione,
1713 321 1774 345 unde
1791 323 1847 344 haec
1859 321 1971 349 opuscula
1982 323 2058 344 sumta
2070 321 2125 349 siut,
2136 327 2178 344 nee

1328 370 1369 398 qui
1386 369 1421 392 vir
1438 369 1521 392 doctus
1537 375 1617 392 curam
1634 368 1741 391 editionis
1759 367 1873 391 habuerit.
1888 367 1983 391 Constat
1993 370 2084 395 autem,
2095 369 2178 393 horum

1329 415 1359 438 48
1377 416 1544 444 opusculorum
1561 416 1642 438 saltem
1660 416 1689 438 20
1707 421 1758 438 esse
1774 414 1852 443 spuria
1865 415 1901 437 vel
1913 414 1993 437 dubia.
2004 415 2061 438 Hinc
2072 417 2179 442 respectu

1331 462 1399 485 huius
1416 463 1522 485 editionis
1543 469 1587 485 non
1605 469 1617 484 a
1641 468 1697 485 vero
1719 462 1828 485 aberrant
1849 462 1949 484 editores
1966 462 2046 484 Veneti
2069 460 2180 490 (Diatriba

1331 516 1385 537 pag.
1403 510 1442 538 51)
1460 512 1600 536 asserentes,
1617 509 1682 539 quod
1700 509 1770 532 multa
1787 509 1897 537 opuscula
1918 517 1929 528 ιι
1946 508 2035 537 absque
2051 508 2142 531 delectu
2158 510 2181 531 et

1330 556 1379 578 solo
1397 558 1596 585 typographorum
1615 556 1700 579 iudicio
1716 556 1891 579 Bonaventurae
1903 555 2018 583 adscripta
2030 555 2076 577 sint
2086 563 2108 577 n.
2120 555 2181 577 llaec

1332 604 1442 631 opuscula
1460 604 1608 627 nihilominus
1624 604 1646 626 in
1664 603 1803 632 posteriores
1820 602 1964 627 collectiones
1979 604 2072 630 recepta
2089 604 2150 625 sunt.

1396 650 1433 672 Vl.
1450 650 1540 673 Brixiae
1561 651 1635 679 prima
1658 650 1761 673 collectio
1783 650 1951 678 opusculorum
1974 649 2035 672 iuxta
2057 648 2144 673 Bonelli
2160 651 2183 671 et

1333 696 1391 719 Ilain
1418 696 1529 724 impressa
1555 700 1589 719 est
1610 703 1652 725 per
1678 697 1846 720 Bernardinum
1872 696 1902 719 de
1927 695 2022 719 Misintis
2046 702 2082 718 au.
2110 695 2182 723 t495,

1334 744 1490 772 complectens
1509 743 1537 765 10
1555 745 1680 772 opuscula,
1697 750 1798 773 quorum
1822 743 1923 766 tabulam
1947 743 2033 766 Bonelli
2055 742 2183 771 exscripsit.

1335 791 1380 814 Nos
1397 791 1529 813 invenimus
1545 792 1604 814 lianc
1621 791 1720 819 primam
1745 791 1871 814 editionem
1888 791 1939 814 sine
1955 793 2008 814 nota
2025 791 2069 814 loci
2086 793 2109 815 et.
2129 790 2183 814 anni

1334 840 1357 860 et
1373 837 1467 860 nomine
1483 838 1624 866 typographi
1641 838 1771 866 colligatam
1789 845 1843 861 cum
1869 837 1988 866 opusculis
2004 837 2121 860 secundae
2138 837 2184 860 edi-

1335 885 1404 907 tionis
1421 885 1531 913 Brixien.;
1549 885 1590 908 sed
1608 885 1629 907 in
1654 888 1732 908 nostro
1757 885 1896 914 exemplari,
1913 885 1977 914 quod
1994 888 2029 908 est
2051 885 2185 908 Conventus

1336 933 1433 955 fratrum
1447 933 1546 955 llesorm.
1564 932 1679 955 Ecclesiae
1690 933 1767 956 Novae
1779 932 1869 960 Assisii,
1886 933 1970 955 desunt
1981 933 2022 955 tria
2036 932 2116 956 ultima
2127 938 2186 960 opu-

1336 979 1398 1002 scula
1417 979 1480 1007 apud
1498 979 1583 1002 Bonelli
1608 985 1651 1002 nec
1673 986 1718 1002 non
1741 979 1763 1002 in
1782 980 1830 1007 ipsa
1853 979 1961 1002 editionis
1983 979 2060 1003 tabula
2077 979 2186 1002 indicata.

1337 1027 1390 1049 Post
1408 1026 1497 1049 finitum
1514 1026 1538 1049 7.
1554 1027 1694 1055 opusculum
1721 1027 1760 1055 (de
1777 1027 1881 1055 Quatuor
1898 1026 2037 1049 mentalibus
2059 1025 2185 1054 Exercitiis)

1337 1074 1434 1102 legitur:
1451 1074 1520 1096 Finis.
1538 1074 1625 1097 Deinde
1642 1080 1695 1097 cum
1713 1080 1776 1096 novo
1798 1073 1863 1096 titulo
1886 1077 2015 1103 sequuntur
2035 1073 2147 1102 opuscula
2164 1073 2185 1097 2.

1337 1119 1393 1142 edit.
1412 1126 1449 1143 an.
1468 1119 1540 1147 11497,
1557 1126 1617 1149 quae
1634 1127 1680 1143 non
1697 1123 1751 1143 sunt
1764 1126 1863 1143 numero
1881 1120 1907 1147 6,
1924 1122 1949 1143 ut
1965 1127 1991 1143 ex
2009 1119 2085 1142 tabula
2103 1119 2188 1143 Bonelu

1337 1168 1414 1196 colligi
1432 1171 1521 1197 posset,
1538 1169 1604 1191 cuius
1621 1168 1738 1197 exemplar
1761 1168 1867 1191 mutilum
1894 1167 1947 1194 suit,
1970 1167 2011 1190 sed
2029 1173 2126 1189 numero
2144 1166 2188 1194 20,

1339 1222 1385 1238 uno
1403 1215 1481 1238 minus
1498 1222 1569 1244 quam
1581 1222 1642 1244 quae
1654 1214 1731 1238 tabula
1748 1214 1875 1238 collectioni
1892 1214 1992 1242 praefixa
2004 1213 2104 1237 exhibet.
2121 1214 2189 1237 Deest

1339 1263 1400 1286 enim
1418 1263 1557 1291 opusculum
1578 1262 1666 1292 Viginti
1683 1268 1786 1292 passus,
1803 1262 1868 1291 quod
1886 1265 1910 1285 ut
1930 1268 1984 1291 pars
2007 1262 2109 1285 secunda
2126 1262 2180 1285 addi

1340 1313 1389 1333 tum
1402 1313 1441 1333 ¹cst
1458 1310 1533 1338 primo
1550 1311 1663 1338 opusculo
1681 1310 1721 1338 (de
1738 1309 1899 1332 informatione
1915 1310 2069 1338 Novitiorum)
2082 1310 2190 1333 editionis

1340 1358 1438 1386 primae.
1455 1358 1479 1380 L.
1496 1357 1554 1380 Hain
1572 1357 1671 1385 primam
1689 1357 1816 1380 editionem
1833 1360 1937 1379 recenset
1953 1356 1998 1379 sub
2019 1363 2043 1380 n.
2066 1357 2136 1384 3467,
2157 1363 2190 1380 se-

1340 1404 1441 1426 cundam
1458 1403 1503 1426 sub
1519 1410 1541 1426 n.
1559 1403 1629 1426 3466.

1406 1451 1452 1474 Vll.
1471 1441 1581 1473 l-Iditionis
1598 1450 1732 1475 Parisiensis
1754 1456 1791 1473 an.
1816 1450 1874 1473 1499
1892 1449 1994 1474 tabulam
2011 1450 2098 1473 Bonelli
2115 1451 2190 1478 affert,

1340 1499 1485 1526 adiungens,
1510 1499 1620 1521 x'olumen
1642 1498 1664 1520 in
1691 1498 1725 1520 12.
1749 1498 1890 1526 impressum
1912 1504 1962 1521 esse
1987 1504 2029 1526 per
2051 1498 2191 1526 magistrum

1341 1546 1434 1568 Petrum
1452 1546 1483 1568 Le
1499 1545 1546 1567 Dru
1563 1551 1606 1573 pro
1624 1546 1707 1568 loanne
1731 1545 1788 1568 Petit
1809 1551 1869 1568 anno
1894 1545 1938 1568 Dni
1956 1545 2017 1568 4499
2040 1545 2078 1568 die
2094 1545 2133 1568 Xl.
2150 1545 2192 1567 No-

1342 1591 1455 1615 vembris.
1473 1592 1521 1614 Non
1539 1594 1671 1614 recensetur
1688 1598 1701 1614 a
1718 1592 1743 1614 L.
1760 1592 1826 1614 linia.

1406 1640 1462 1662 vm.
1478 1640 1526 1662 Non
1545 1639 1647 1662 vidimus
1662 1639 1707 1662 nisi
1724 1640 1826 1667 primum
1844 1640 1953 1663 volumen
1974 1640 1991 1662 l.
2010 1639 2072 1662 edit„
2082 1640 2192 1667 Venetae,

1344 1685 1365 1707 in
1383 1686 1396 1708 2
1409 1685 1455 1708 vol.
1472 1685 1572 1714 divisae,
1593 1686 1657 1715 quod
1678 1686 1823 1710 inscribitur:
1850 1687 1967 1715 Seraphici
1994 1687 2096 1710 doctoris
2120 1686 2193 1709 sancti

1344 1733 1506 1755 Bonaventure
1523 1732 1553 1755 de
1570 1732 1651 1755 balneo
1673 1734 1738 1761 regio
1760 1734 1864 1763 episcopi
1889 1733 2030 1761 albanensis,
2047 1736 2193 1757 sacrosancte

1344 1786 1440 1802 romane
1456 1780 1551 1803 ecclesie
1567 1780 1694 1804 Cardinalis
1711 1788 1737 1804 ex
1758 1782 1839 1805 ordine
1861 1782 1977 1805 minorum
2000 1781 2126 1810 assumpti:
2143 1787 2194 1810 par-

1344 1831 1429 1850 vorum
1447 1829 1614 1856 opusculorum
1632 1829 1686 1852 Pars
1703 1829 1788 1857 prima.
1804 1829 1827 1852 ln
1844 1829 1890 1852 fine
1906 1829 2032 1852 voluminis
2050 1829 2072 1852 in
2089 1829 2127 1852 tol.
2146 1829 2194 1858 (sol.

1344 1875 1458 1905 emim:
1476 1876 1567 1899 Finiunt
1583 1879 1692 1899 tractatus
1708 1877 1875 1906 quamplurimi
1898 1876 1973 1900 sancti.
1986 1877 2148 1899 Bonaventurc
2164 1876 2194 1899 de

1347 1924 1465 1946 volumine
1472 1924 1547 1952 prime
1556 1924 1635 1952 partis.
1644 1924 1751 1953 lmpressi
1761 1924 1862 1947 Venetiis
1871 1930 1931 1946 anno
1941 1924 2033 1946 Domini
2040 1922 2195 1947 MCCCCCllll.

1346 1982 1377 1988 —
1393 1970 1498 1993 Continet
1515 1971 1596 1993 eadem
1614 1972 1724 2000 opuscula
1746 1977 1773 1994 ac
1797 1971 1854 1994 edit.
1877 1971 1899 1993 2.
1916 1970 2053 1999 argentina,
2077 1972 2102 1992 ut.
2117 1976 2145 1992 ex
2162 1972 2195 1992 ta-

1346 2017 1400 2040 bula
1419 2018 1481 2046 apud
1499 2018 1585 2041 Bonelli
1612 2018 1685 2041 videri
1710 2021 1795 2047 potest.
1812 2030 1844 2035 -
1860 2018 1884 2040 L.
1901 2017 1959 2040 llain
1984 2018 2043 2040 hanc
2060 2016 2193 2044 editionem,

1354 2071 1415 2093 quae
1432 2064 1457 2087 71
1480 2065 1591 2093 opuscula
1609 2064 1711 2093 exhibet,
1722 2065 1777 2094 quia
1797 2067 1832 2088 est
1850 2070 1910 2087 saec.
1929 2064 1996 2091 XVl,
2014 2070 2059 2087 non
2076 2063 2195 2087 dmcribit.

1347 2112 1460 2140 lmpressa
1473 2115 1507 2135 est
1519 2118 1561 2140 per
1573 2113 1710 2141 magistrum
1728 2111 1836 2135 lacobum
1848 2112 1878 2135 de
1889 2112 1965 2134 Leuco
1973 2129 1979 2139 ‚
1997 2110 2108 2140 impensis
2119 2111 2194 2133 Lucae

1347 2160 1439 2182 Antonii
1456 2160 1486 2183 de
1503 2161 1585 2183 Giunta
1602 2160 1733 2183 florentini.

1412 2207 1450 2229 lx.
1467 2208 1542 2230 Altera
1559 2213 1656 2236 quoque
1672 2207 1728 2230 edit.
1745 2208 1844 2234 Veneta,
1861 2212 1897 2228 an.
1920 2205 1977 2228 1564
1996 2211 2037 2234 per
2049 2205 2195 2228 Dominicum

1348 2253 1477 2276 Nic-olintum
1495 2255 1559 2277 iussu
1577 2255 1603 2276 R.
1621 2255 1648 2276 P:
1661 2255 1697 2277 Fr.
1716 2255 1839 2281 Zamorae,
1856 2252 1912 2275 Ord.
1932 2252 1983 2274 Min.
2005 2252 2119 2280 generalis
2135 2251 2195 2274 Mini-

1348 2300 1386 2324 stri
1406 2301 1533 2329 publicata,
1551 2308 1563 2324 a
1580 2301 1605 2324 L.
1622 2301 1680 2324 Hain
1697 2308 1742 2324 non
1759 2303 1898 2324 recensetur.
1918 2299 2014 2322 Exhibet
2025 2299 2056 2321 77
2070 2300 2195 2328 opuscula,

1349 2347 1369 2369 in
1388 2347 1449 2370 duos
1466 2351 1542 2371 tomos
1558 2348 1692 2376 distributa,
1710 2354 1810 2377 quorum
1827 2346 1929 2369 tabulam
1947 2346 1986 2369 dat
2003 2346 2097 2369 Bonelli.

1411 2396 1473 2418 Ordo
1490 2396 1655 2424 opusculorum
1672 2395 1780 2418 diversus
1796 2386 1830 2417 cst
1844 2394 1867 2416 in
1889 2394 1988 2416 dirersis
2009 2393 2155 2417 editionibus.
2172 2394 2195 2416 ln

1348 2442 1453 2471 sequenti
1471 2442 1546 2465 tabula
1564 2442 1609 2465 sub
1626 2449 1672 2465 uno
1690 2444 1815 2470 conspectu
1835 2441 1956 2469 posuimus
1978 2441 2088 2469 opuscula
2111 2446 2196 2468 parva,

1347 2495 1409 2518 quae
1426 2489 1447 2511 in
1459 2489 1556 2517 singulis
1568 2489 1739 2512 collectionibus
1756 2488 1875 2515 habentur,
1886 2490 1909 2510 et
1920 2488 2026 2510 ordinem
2042 2487 2144 2516 ipsorum
2157 2493 2197 2509 nu-

1349 2542 1413 2558 mero
1427 2535 1520 2558 arabico
1533 2536 1696 2559 indicavimus.
1713 2536 1827 2558 Numerus
1838 2534 1853 2557 ll
1864 2534 1979 2562 significat
1990 2535 2087 2557 alterum
2099 2536 2196 2556 tomum.
