2285 3398
452 182 504 204 TES

244 220 394 244 Tesrmotuuu
406 233 437 238 —
448 220 530 244 Christi
548 221 622 243 maius
641 222 681 244 t'uit
701 223 758 244 testi-

199 259 274 281 monio
287 260 375 282 loannis
387 260 500 289 Baptistae
512 260 534 283 H
544 260 589 282 373
601 266 613 282 a
625 272 657 277 -—
668 262 703 283 Ss.
711 261 758 283 Tri-

196 297 271 320 nitatis
291 301 324 321 est
341 299 466 322 indivisum
483 302 505 322 et
521 302 609 322 certum
626 300 663 323 SS
679 300 724 323 535
745 307 757 322 a

196 349 227 353 —
238 340 272 360 est
283 338 378 361 aliorum
392 339 572 361 iuramentorum
584 340 757 362 fundamentum

196 375 223 399 ib.
236 389 267 393 —
278 380 312 399 est
324 378 403 405 triplex
416 378 503 400 ratione
514 379 635 401 effectuum
654 378 683 401 ih.
701 378 715 401 b
726 391 757 395 —

195 415 223 437 ‹le
235 415 325 439 Christo
338 416 382 439 536
395 417 410 439 b
421 429 452 434 —
465 418 517 439 item
534 417 615 440 Cliristi
629 418 657 439 de
670 419 757 441 mundo

195 454 272 482 triplex
290 454 335 477 537
351 455 366 478 b
380 469 407 471 —
420 456 591 478 informativum
609 457 664 485 qnid
683 457 711 479 sit
727 457 755 479 ie).

194 506 223 510 —
236 494 290 522 quid
304 493 483 522 approbativum
496 495 540 517 538
553 501 564 517 a
577 507 608 512 -—
619 496 674 524 quid
688 496 756 518 incre-

194 533 297 560 patirum
311 532 340 556 il).
357 533 372 555 b
389 546 419 550 —
439 536 473 556 est
484 534 550 557 malis
561 534 667 557 odiosum
685 534 714 558 ib.
726 548 756 552 —

193 572 291 595 ostendit
304 572 414 601 triplicem
427 573 552 596 adventum
566 574 647 596 iudicis
659 574 688 597 ib.

240 612 365 634 ‘sacomam
383 624 413 628 —
430 613 477 640 agit
490 613 518 635 de
530 613 563 635 eis
575 620 634 642 quac
653 617 755 642 spectant

195 651 223 673 ad
242 651 338 679 gratiam
354 654 376 674 et
393 651 422 673 ad
439 652 536 679 gloriam
553 652 571 675 Β
589 653 633 675 205
651 660 662 675 a
673 648 703 670 '—
716 654 755 676 uti-

195 694 230 712 tur
247 690 399 719 philosophia,
418 694 530 719 quantum
543 691 586 714 sibi
599 698 659 720 opus
675 695 709 715 est
726 693 753 715 ad

195 728 354 752 fabricandum
382 731 502 758 speculum
525 730 555 753 it».
585 744 615 748 --
638 732 688 754 facit
711 732 754 754 sibi

195 768 278 791 scalam
298 769 327 791 ad
346 769 415 791 instat·
437 770 510 792 scalae
528 770 594 792 lacob
614 770 643 793 ιἸ).
660 783 690 787 -
704 772 754 794 eius

193 807 321 830 subiectum
339 808 482 837 quadruplex
499 808 528 831 il).

240 860 271 864 —
289 848 309 869 iu
329 848 436 870 universo
448 849 495 876 agit
507 849 535 871 dc
553 852 641 877 septem
655 849 672 872 B
685 850 729 871 2111
742 856 753 871 a

192 899 223 904 -
240 893 281 910 cur
297 887 475 915 septempliciter
493 888 609 910 dividatur
627 888 655 911 ib.
674 901 704 905 —
721 893 755 911 est

193 926 284 949 scientia
298 928 395 954 perfecta
409 925 438 949 ib.
455 939 485 943 —
502 931 535 949 est
555 928 665 956 sapientia
684 928 712 951 ib.
723 941 754 945 —

195 968 230 989 est
245 966 337 989 scientia
348 972 391 988 una
404 965 433 988 ιἸ).
446 965 460 987 b
469 978 500 982 —
512 967 561 989 eius
574 968 689 995 multiplex
702 967 754 990 sub-

193 1005 274 1028 iectum
292 1004 321 1027 ib.

238 1045 367 1067 Tnesxumss
384 1057 409 1061 —
432 1045 535 1067 caelestis
560 1046 701 1074 praetigurat
717 1053 753 1068 eu-

193 1083 323 1107 charistiam
341 1083 378 1107 SS
395 1084 439 1106 563
456 1090 477 1111 a,
488 1085 541 1107 vide
560 1084 710 1108 lincam-atta
723 1098 753 1102 —

195 1123 333 1152 promittitur
350 1123 373 1146 in
391 1123 445 1146 isaia
464 1123 493 1146 ib.
505 1136 535 1140 -
547 1125 623 1147 omnis
635 1125 753 1152 essentiae,

192 1162 325 1191 sapientiae,
337 1163 423 1190 gratiae
435 1165 456 1185 et
468 1163 555 1191 gloriae
572 1166 606 1185 est
626 1164 647 1186 in
665 1163 753 1187 Christo

192 1201 229 1229 ib„
254 1203 293 1224 cfr.
321 1201 429 1225 Christus
445 1215 475 1219 —
493 1201 642 1225 absconditus
667 1206 700 1225 est
723 1202 753 1225 ob

194 1243 294 1270 quatuor
310 1241 408 1264 rationes
426 1240 453 1264 ita.
472 1241 487 1263 b

238 1280 311 1302 'l'mon
329 1280 408 1303 Domui
427 1280 529 1309 (Donum
548 1280 653 1310 Spiritus
671 1281 704 1309 S.)
723 1293 754 1298 -—·

191 1320 263 1342 oritur
275 1325 300 1342 ex
317 1320 498 1342 consideratione
515 1319 660 1343 sublimitatis
678 1323 755 1348 poten-

191 1359 234 1381 tiae
245 1359 305 1385 -Dei,
323 1359 501 1387 perspicacitatis
513 1360 605 1382 divinae
617 1359 753 1387 sapientiae,

450 1595 494 1617 UM

238 1634 293 1657 Umo
315 1646 347 1650 —
364 1634 525 1662 cognoscentis
551 1636 572 1655 ct
595 1633 756 1661 cognoscibilis

191 1676 224 1696 est
245 1673 329 1701 duplex
348 1673 390 1701 QD
413 1673 441 1695 10
461 1672 475 1695 b
488 1673 528 1695 ll·
542 1686 571 1689 —
587 1676 621 1695 est
637 1673 710 1696 maior
733 1674 755 1696 in

191 1718 240 1736 esse
256 1712 343 1741 gratiae
360 1719 430 1741 quam
449 1713 471 1735 in
488 1718 536 1736 esse
552 1715 646 1735 naturae
664 1713 708 1735 1192
726 1719 738 1735 a

238 1753 320 1775 Uarus
333 1764 365 1769 --
382 1752 457 1774 nativa
474 1754 496 1774 et
516 1752 706 1780 superdignativa
718 1753 756 1774 lta-

192 1790 246 1814 bent
262 1794 362 1814 extrema
380 1791 568 1820 proportionalia,
585 1791 638 1820 quia
658 1794 755 1820 utraque

191 1833 225 1853 est
240 1831 401 1858 connaturalis,
414 1838 461 1853 non
470 1837 526 1853 vero
539 1831 657 1859 dignativa
673 1830 714 1858 QD
725 1831 755 1853 35

191 1869 206 1892 b
217 1883 247 1887 —
258 1877 349 1893 summa
369 1873 464 1893 naturae
481 1877 525 1893 non
543 1870 642 1893 excludit
661 1870 703 1892 nisi
724 1870 755 1892 di-

191 1910 321 1932 versitatem
334 1910 490 1937 essentialem3
504 1909 555 1932 ideo
568 1916 613 1932 non
626 1912 659 1932 est
671 1909 755 1932 incom-

445 2145 500 2166 VEtt

239 2184 288 2206 Vsa
308 2196 337 2199 -
357 2183 476 2212 quomodo
493 2185 648 2211 repraesentet
671 2186 754 2204 statum

193 2223 284 2245 animae
312 2222 515 2250 contemplativae,
544 2222 597 2244 vide
624 2221 706 2245 Status
733 2224 755 2244 et

191 2262 277 2285 Anima

238 2302 333 2324 Vennum
344 2313 375 2318 —
386 2304 420 2323 est
438 2301 550 2323 inlinitum
569 2307 613 2322 non
630 2300 755 2329 quantitate

192 2340 265 2369 molis,
287 2341 327 2363 sed
344 2340 435 2363 virtutis
453 2339 494 2368 QD
512 2340 541 2362 35
557 2346 569 2361 a
590 2351 620 2356 —
640 2346 681 2367 per
703 2340 755 2361 Ver-

192 2379 248 2402 bum
265 2380 330 2402 Pater
347 2379 401 2402 dicit
412 2385 573 2408 quaecumque
588 2379 643 2401 dicit
659 2379 688 2401 87
705 2385 718 2400 a
731 2378 755 2400 8*

191 2431 222 2436 -
234 2422 268 2442 est
284 2419 355 2442 Patris
371 2419 496 2442 similitudo
514 2425 554 2446 per
566 2418 642 2440 omnia
655 2418 756 2447 aequalis

192 2464 244 2481 cum
256 2458 307 2486 ipso
324 2457 355 2481 ib.
368 2471 399 2475 —
411 2458 485 2480 differt
497 2464 509 2480 a
528 2457 615 2480 ratione
627 2460 649 2479 et
661 2457 711 2479 idea
725 2456 754 2480 ib.

192 2509 222 2514 —
242 2500 276 2520 est
291 2498 361 2520 clavis
387 2497 416 2520 ad
442 2497 618 2525 intelligendum
641 2496 704 2525 quod
727 2496 756 2518 ab

193 2543 238 2559 uno
249 2536 294 2559 sint
303 2537 373 2559 multa
385 2536 408 2559 H
417 2536 461 2558 343
474 2536 489 2558 b
501 2548 531 2552 —
543 2538 577 2558 est
588 2535 672 2558 veritas
684 2535 728 2557 344
741 2535 756 2557 b

191 2587 222 2592 —
239 2575 261 2598 in
278 2582 305 2598 eo
323 2576 439 2598 invenitur
456 2575 540 2598 veritas
557 2578 675 2597 creaturae
693 2574 722 2597 ib.

238 2627 269 2632 --
280 2615 320 2637 Dei
332 2621 378 2644 qua
392 2615 479 2637 ratione
492 2614 572 2637 debuit
590 2615 625 2636 vel
638 2614 714 2637 decuit
727 2615 756 2636 in-

194 2654 282 2677 carnari
299 2654 317 2677 B
334 2654 374 2676 241
397 2660 420 2681 a,
438 2655 478 2676 cfr.
496 2652 632 2676 lncarnatso

240 2694 338 2716 Ventus
349 2705 379 2710 ·-
392 2693 476 2721 duplex
493 2695 527 2715 est
540 2692 581 2720 OD
598 2693 622 2715 to
635 2699 647 2715 a
660 2704 690 2709 —
702 2699 756 2721 quo-

195 2732 264 2755 modo
277 2733 304 2755 sit
315 2733 372 2755 ratio
385 2732 539 2760 cognoscendi
553 2731 580 2755 ib.
592 2744 622 2748 —
632 2732 757 2754 incommu-

194 2771 297 2794 nicabilis
311 2771 394 2794 dicitur
405 2772 532 2800 dupliciter,
545 2772 567 2793 ιζ.
580 2774 614 2793 est
625 2771 757 2799 simpliciter

194 2813 216 2833 et
227 2816 254 2833 ex
266 2811 423 2839 suppositione
435 2811 464 2833 26
477 2810 492 2833 b
512 2823 543 2827 —
555 2813 589 2832 est
600 2813 662 2832 tanto
675 2810 757 2836 notior,

196 2853 281 2879 quanto
299 2850 362 2878 prior
373 2853 395 2872 et
412 2850 562 2872 universalior
574 2849 602 2871 48
620 2855 631 2871 a
650 2861 680 2866 —
697 2855 757 2871 com-

196 2889 255 2917 plexi
271 2892 293 2911 et
310 2889 444 2917 incomplexi
467 2889 523 2918 quid
541 2889 569 2911 sit
590 2888 619 2917 QJ
637 2887 652 2910 b
674 2887 710 2910 15*
727 2900 757 2904 -

194 2931 305 2957 quantum
313 2930 347 2950 est
355 2928 384 2951 de
394 2934 425 2955 sc,
435 2928 489 2950 dicit
498 2928 593 2950 modum
603 2927 661 2949 entis
670 2926 699 2948 72
710 2933 721 2948 a
733 2926 757 2948 5*

889 145 985 173 INDEX
1009 145 1252 176 ALPHABEthus.

792 223 918 245 sexeritatis
932 224 1024 246 (livinae
1037 224 1148 247 vindictae
1162 226 1202 248 lm
1215 226 1257 248 tet
1271 232 1283 248 a
1297 226 1310 248 b
1322 239 1352 243 —

791 261 840 283 eius
862 262 944 284 utilitas
968 263 1008 285 ’166
1029 269 1040 285 a
1055 272 1084 280 -ι
1097 264 1156 286 valet
1175 265 1202 286 ad
1221 265 1262 287 tria
1281 265 1309 288 ib.
1322 278 1352 282 ——

792 301 841 323 elus
854 302 964 329 perfectio
976 302 1077 324 consistit
1089 303 1110 325 in
1128 305 1225 330 perfecta
1238 305 1352 327 conscien-

791 339 835 362 tiae
855 341 1029 368 emundatione,
1051 342 1071 363 in
1092 344 1189 370 perfectu
1207 343 1351 366 obedientiae

792 380 978 407 promptitudine,
992 380 1013 402 in
1027 382 1123 408 perfecta
1138 382 1234 404 tlduciac
1246 383 1351 405 firmitate

792 418 834 440 467
848 425 860 440 a
873 418 888 440 b

838 458 960 480 Τοτ,1ι,ιτ,1.κι
977 471 1006 475 -
1023 459 1043 480 111
1057 460 1187 482 aeternitate
1200 467 1242 483 non
1255 461 1351 483 attendi-

791 500 826 519 tur
838 498 965 520 secundum
975 499 1122 526 quantitatem
1136 500 1208 526 molis,
1220 500 1260 522 sed
1272 507 1350 522 secun-

790 536 845 558 dum
858 537 1006 565 quantitatem
1020 538 1109 560 virtutis
1123 538 1164 566 OD
1175 540 1200 561 91
1217 540 1230 561 9

839 576 1004 599 ”l‘nmsomtssto
1022 589 1052 593 —
1074 581 1261 606 protoparentum
1273 579 1350 607 quoad

790 621 900 642 personas
923 615 986 643 prius
1004 617 1043 638 suit
1070 617 1090 638 in
1109 617 1210 643 muliere,
1227 618 1310 640 deinde
1328 618 1350 640 in

789 655 839 676 viro
857 655 875 677 B
893 655 937 677 2³3
957 654 970 676 b
987 667 1017 671 —
1034 656 1110 684 quoad
1129 662 1263 684 processum
1278 657 1317 679 fuit
1330 657 1350 679 in

790 694 892 722 utrisque
910 694 1007 721 initium,
1024 695 1163 723 commissio,
1181 702 1318 723 progressus
1330 698 1351 718 et

789 733 957 755 consummatio
969 734 1050 761 culpae
1062 734 1106 756 234
1119 740 1130 756 a

836 772 962 795 Tnxxsirus
978 784 1008 789 —
1026 779 1094 800 supra
1113 779 1137 795 se
1154 773 1230 801 ipsum
1250 774 1306 802 quid
1324 774 1351 796 sit

796 811 861 834 1312
878 818 890 833 a
908 823 939 828 —-
957 818 997 839 per
1022 812 1136 834 Christum
1159 813 1216 841 quid
1241 813 1269 835 sit
1290 812 1318 836 ib.
1337 812 1351 835 b

788 862 818 866 —
835 853 869 873 est
880 852 965 878 pascha
978 857 1030 873 cum
1043 851 1132 874 Christo
1149 851 1178 874 ib.
1190 863 1220 868 —
1232 852 1351 881 quomodo

790 890 906 912 faciendus
924 889 952 912 ib.

837 929 983 952 Tnxnsmssto
1008 941 1039 946 —
1065 930 1183 957 originalis
1211 931 1307 952 iustitiae
1330 933 1351 953 ct

790 967 894 990 eiusdem
911 968 1021 995 defectus,
1039 969 1092 991 vide
1111 968 1200 992 lustitia

838 1007 979 1030 'sarmentus
995 1019 1025 1024 --
1042 1008 1160 1036 quomodo
1183 1008 1251 1030 ducat
1277 1009 1297 1030 in
1316 1015 1351 1030 co·

789 1046 914 1073 gnitionem
932 1047 1047 1068 Trinitatis
1064 1047 1086 1069 H
1102 1047 1146 1069 352
1163 1053 1175 1069 a

835 1086 942 1108 Tnuuns
958 1098 989 1102 —
1006 1086 1078 1108 Deum
1096 1092 1145 1108 csse
1163 1086 1247 1109 trinum
1264 1089 1297 1109 cst
1314 1093 1350 1108 xe-

789 1130 841 1146 rum
859 1124 976 1151 credibile,
994 1131 1033 1147 seu
1060 1131 1190 1153 congruum
1207 1128 1230 1148 et
1246 1125 1350 1148 debitum

788 1164 849 1186 credi
868 1164 910 1192 QD
926 1164 951 1186 5¹
973 1170 985 1186 a
1003 1176 1033 1180 ——
1051 1164 1112 1187 credi
1136 1163 1205 1187 debet
1229 1165 1259 1187 de
1276 1171 1351 1187 neces-

788 1203 853 1225 sitate
870 1203 939 1225 medii
957 1204 986 1225 52
1008 1210 1019 1225 a
1044 1209 1084 1231 per
1107 1206 1179 1226 totum
1197 1216 1228 1220 —
1249 1210 1351 1232 congrue

789 1242 925 1270 proponitur
936 1242 966 1264 ad
978 1243 1132 1270 credendum,
1149 1243 1199 1265 licet
1216 1243 1310 1265 excedat
1322 1243 1352 1265 in-

788 1282 900 1304 tellectum
927 1283 1054 1304 humanum
1073 1281 1102 1304 ib.
1122 1281 1137 1304 b
1153 1294 1184 1298 —
1202 1282 1270 1304 lmius
1294 1283 1351 1304 aflir-

789 1321 895 1343 mationis
911 1321 1016 1343 diversae
1033 1321 1133 1343 rationes
1151 1320 1180 1344 ib.
1198 1321 1212 1343 b
1229 1321 1258 1343 53
1276 1327 1287 1343 a

835 1372 865 1377 --
882 1363 916 1382 est
932 1360 1107 1385 fundamentum
1129 1361 1196 1382 totius
1222 1360 1275 1383 fidei
1294 1361 1350 1383 cliri-

1046 1493 1093 1539 U

789 1633 905 1662 possibilis
922 1640 974 1656 cum
1002 1634 1116 1661 personali
1138 1634 1265 1662 pluralitate
1287 1634 1315 1656 67
1339 1640 1351 1656 a

791 1672 829 1695 l‘z‘
847 1686 877 1690 —
889 1673 972 1701 duplex
985 1676 1019 1695 est
1031 1673 1060 1695 83
1072 1679 1084 1695 a
1098 1673 1137 1694 40*
1148 1685 1179 1689 —
1191 1673 1212 1695 in
1230 1674 1280 1701 lege
1291 1679 1351 1696 nova

790 1715 823 1735 est
840 1713 913 1735 maior
936 1718 1006 1741 quam
1024 1712 1045 1734 in
1062 1712 1112 1740 lege
1130 1712 1200 1734 veteri
1223 1713 1263 1734 189
1286 1719 1298 1734 a
1321 1725 1352 1729 —

788 1752 860 1774 divini
877 1758 933 1780 esse,
953 1752 1007 1774 vide
1024 1752 1086 1774 Dens

835 1792 975 1814 Urit-[asna
991 1803 1022 1807 —
1034 1797 1123 1813 errores
1136 1791 1194 1813 circa
1208 1791 1261 1813 illud
1274 1791 1297 1814 H
1307 1791 1351 1813 350

788 1837 800 1853 a
818 1830 833 1853 b
851 1844 878 1847 —
898 1834 931 1853 est
949 1831 1028 1858 triplex
1043 1830 1072 1852 ib.
1091 1830 1105 1852 b

835 1870 908 1892 Usum
928 1882 959 1886 —
974 1870 1093 1898 quomodo
1108 1869 1196 1892 differat
1217 1876 1228 1891 a
1249 1875 1351 1892 commo-

788 1909 879 1931 datione
902 1909 925 1932 H
946 1909 990 1931 528
1009 1908 1024 1930 b
1040 1921 1071 1925 —
1089 1911 1165 1931 utrum
1183 1909 1210 1931 sit
1224 1907 1350 1936 prohibita,

1049 2041 1093 2087 V

834 2195 865 2199 —-
882 2185 903 2204 et
921 2182 1011 2204 bonitas
1027 2189 1053 2204 ex
1066 2185 1129 2210 parte
1142 2182 1274 2210 principalis
1285 2182 1352 2210 signi-

789 2222 847 2244 ficati
860 2221 922 2244 idem
935 2221 1014 2244 dicunt
1030 2221 1089 2244 circa
1105 2227 1154 2244 esse
1165 2221 1270 2243 divinum
1284 2220 1313 2244 ib.
1328 2221 1352 2242 6*

789 2273 818 2277 -
839 2267 865 2283 ex
888 2263 952 2289 parte
973 2261 1067 2283 rationis
1090 2260 1229 2288 intelligendi
1247 2260 1353 2282 differunt

788 2299 816 2322 ib.
829 2312 859 2316 —
871 2303 905 2322 est
922 2300 1057 2328 adaequatio
1072 2300 1195 2322 intellectus
1207 2302 1228 2321 ct
1245 2299 1277 2321 rei
1289 2299 1352 2321 intel-

788 2339 858 2361 lectae
870 2339 892 2362 J!
903 2339 948 2361 344
966 2338 981 2361 b
992 2351 1023 2355 —
1035 2341 1152 2361 creaturae
1168 2340 1352 2366 repraesentatur

789 2385 830 2406 per
848 2378 950 2401 Verbum
969 2377 1009 2404 il).²
1027 2378 1080 2400 tide
1101 2376 1201 2400 Verbum

837 2430 867 2434 —
879 2420 912 2439 est
929 2418 1019 2439 animae
1038 2417 1073 2439 lux
1091 2416 1135 2438 349
1148 2422 1160 2438 a
1174 2429 1203 2431 —
1215 2416 1295 2438 emittit
1308 2419 1352 2438 tres

789 2457 866 2479 radios
884 2456 911 2479 111.
925 2469 955 2473 --
968 2456 987 2478 ei
1005 2456 1145 2483 respondent
1157 2458 1203 2477 tres
1215 2458 1290 2483 partes
1303 2456 1352 2483 pbi-

789 2496 908 2524 losopbiae
926 2495 955 2517 ib.
972 2507 1002 2511 —
1023 2495 1114 2522 rcspicit
1131 2495 1249 2522 originans
1271 2495 1352 2523 princi-

790 2536 853 2563 pium
872 2534 893 2556 in
913 2534 999 2556 ratione
1012 2534 1104 2562 triplicis
1122 2540 1203 2556 causac
1221 2533 1250 2556 ib.
1262 2546 1292 2550 —
1305 2534 1353 2556 eius

791 2574 906 2596 irradiatio
918 2579 987 2601 super
1004 2573 1104 2595 animani
1118 2573 1142 2594 tit
1160 2573 1275 2601 tripliciter
1293 2572 1322 2595 ib.
1339 2572 1354 2594 1)

838 2626 866 2628 -
879 2612 1017 2635 considerari
1030 2615 1104 2640 potest
1117 2615 1141 2634 ut
1152 2612 1317 2640 praeexistens,
1331 2615 1354 2634 ut.

789 2652 900 2679 eunicus,
915 2655 938 2674 ut
951 2651 1056 2673 reficiens
1070 2654 1091 2673 ct
1109 2657 1273 2674 consummans
1285 2651 1328 2673 378
1342 2657 1353 2673 a

790 2704 820 2708 —
832 2692 881 2713 eius
899 2690 1068 2719 perceptionem
1087 2691 1213 2718 impediunt
1239 2696 1354 2718 praesum-

791 2731 821 2753 tio
848 2736 970 2756 sensuum,
993 2730 1105 2752 dissensio
1127 2730 1300 2756 sententiarum,
1318 2730 1354 2751 ‹le-

791 2770 890 2798 speratio
908 2768 1039 2791 inveniendi
1057 2774 1137 2790 verum
1155 2767 1193 2792 SS
1209 2768 1253 2790 574
1272 2768 1286 2790 b

838 2820 867 2824 —
880 2814 963 2830 vocum
982 2807 1060 2835 triplex
1077 2810 1111 2829 cst
1127 2807 1149 2829 H
1164 2807 1208 2829 352
1227 2813 1238 2828 a

840 2848 959 2869 Vrsrietum
981 2859 1010 2861 —
1030 2846 1085 2868 dicit
1106 2846 1299 2875 comparationem
1325 2846 1353 2868 ad

792 2887 864 2908 Deum
882 2886 940 2907 sient
957 2885 986 2907 ad
1004 2885 1141 2913 principium
1161 2885 1303 2907 causativum
1319 2884 1356 2908 SS

792 2925 832 2947 571
855 2925 869 2947 b

1888 156 1943 182 <3035

1631 190 1689 214 TRO

1386 228 1473 250 stianac
1490 229 1518 251 54
1538 229 1552 251 b
1569 242 1599 246 —
1617 230 1685 253 babet
1697 231 1775 259 triplex
1790 233 1943 254 testimonium

1385 268 1511 290 secundum
1525 268 1634 296 triplioem
1648 270 1742 292 librum:
1755 274 1879 299 creaturae,
1888 272 1945 294 Scri-

1385 308 1466 334 pturac
1483 310 1504 329 et
1523 307 1582 330 vitae
1599 308 1628 330 ib.
1640 321 1669 325 —
1686 315 1711 331 ex
1724 309 1782 332 libro
1799 310 1859 332 vitae
1877 310 1943 332 babet

1385 345 1539 368 testimouium
1560 347 1642 375 duplex
1663 347 1692 370 ih.
1708 360 1739 364 —
1756 355 1806 370 eam
1827 352 1944 371 creaturat¹

1385 384 1502 407 testificant
1515 392 1556 413 per
1570 386 1681 409 rationem
1697 388 1784 415 vestigii
1802 391 1824 410 ct
1840 388 1945 416 imaginis

1384 422 1414 445 it).
1425 436 1455 440 -
1472 430 1622 452 personarum
1641 428 1683 448 stat
1699 433 1752 448 eum
1770 433 1859 449 summa
1876 430 1945 449 aeter-

1384 462 1452 484 nium·
1470 463 1498 484 87
1517 463 1531 485 b
1543 476 1573 480 —
1585 471 1636 486 cum
1655 471 1744 487 summa
1764 466 1944 488 immutabilitate

1387 501 1428 523 104
1447 509 1458 523 a
1471 515 1501 518 —
1513 509 1565 524 cum
1583 510 1673 525 summa
1690 505 1821 526 necessitate
1835 505 1879 526 106
1890 510 1902 526 a
1915 517 1945 521 —

1385 546 1438 563 cum
1450 542 1629 564 multiformitate
1640 543 1809 570 apparitionum
1826 547 1848 565 et
1863 549 1945 572 appro-

1385 580 1510 607 priatorum
1523 580 1542 603 B
1553 581 1597 603 211
1615 587 1626 603 a
1640 581 1654 603 b
1671 588 1705 610 sq.
1722 595 1750 598 -
1765 583 1786 604 in
1804 583 1866 604 omni
1883 588 1946 605 erca-

1385 620 1433 641 tura
1459 619 1543 642 relucet
1568 626 1608 647 per
1633 621 1764 648 vestigium,
1787 621 1808 643 in
1833 621 1894 643 omni
1915 621 1946 643 in-

1385 658 1473 681 tellectu
1498 662 1680 686 repraesentatur
1702 666 1742 687 per
1768 660 1903 687 imaginem,
1923 660 1944 682 in

1385 697 1446 719 omni
1461 697 1518 720 iusto
1531 698 1612 725 tegitur
1630 704 1670 726 per
1687 699 1857 721 similitudinem
1870 699 1915 721 230
1932 706 1944 721 a

1431 749 1462 753 —
1479 740 1513 758 est
1524 737 1613 764 vigens
1634 738 1763 765 splendens,
1780 738 1855 760 calens
1868 738 1890 760 H
1900 737 1940 760 431

1385 782 1397 797 a
1414 787 1445 792 -
1460 776 1480 797 in
1498 782 1523 798 ea
1536 779 1570 798 est
1585 776 1642 798 ratio
1651 777 1826 804 exemplaritatis
1838 780 1944 804 respectu

1386 815 1489 837 omnium
1508 815 1697 837 illuminationum
1718 816 1760 837 132
1777 822 1788 837 a
1801 828 1831 832 —-
1843 822 1893 837 cam
1907 815 1945 837 tri—

1386 854 1473 882 pliciter
1490 854 1615 882 respiciunt
1636 854 1834 882 appropriationes
1859 861 1943 877 notem

1386 893 1551 921 proprietatum
1568 893 1719 915 essentialium
1738 892 1767 915 1¹0.

1431 944 1462 948 —
1480 932 1501 954 in
1518 932 1628 954 Trinitate
1652 935 1697 954 tres
1714 936 1764 954 sunt
1788 939 1899 960 personae
1923 933 1943 955 in

1385 971 1468 993 unitate
1486 974 1580 993 naturae
1597 971 1615 994 B
1633 972 1677 993 210
1700 971 1715 993 b
1738 984 1767 988 —
1790 978 1941 999 personarum

1386 1016 1430 1032 non
1459 1010 1557 1033 excludit
1582 1013 1670 1038 septem
1692 1011 1843 1038 proprietates
1866 1011 1906 1033 211
1933 1018 1943 1032 a

1383 1061 1414 1066 —-
1434 1049 1529 1071 includit
1545 1052 1633 1077 septem
1656 1049 1709 1071 alias
1733 1049 1759 1072 ib.
1776 1061 1806 1065 —
1829 1053 1881 1072 sunt
1898 1050 1945 1072 duo

1384 1088 1539 1110 emanationes
1558 1087 1588 1110 ib.
1600 1087 1657 1109 b—
1677 1092 1722 1110 tres
1765 1092 1876 1116 wosmscs
1899 1089 1943 1111 212

1384 1133 1395 1149 a
1409 1139 1439 1143 —
1456 1130 1554 1155 quatuor
1571 1127 1690 1149 relationes
1707 1127 1735 1149 il).
1746 1139 1777 1143 -—
1791 1128 1894 1156 quinque
1905 1133 1943 1149 no-

1385 1166 1459 1188 tiones
1484 1165 1513 1188 z'b.
1534 1178 1564 1182 —
1583 1169 1627 1188 tres
1644 1166 1794 1194 proprietates
1811 1167 1944 1194 personales

1385 1204 1422 1231 ih„
1439 1204 1493 1227 vide
1511 1205 1571 1228 Deus

1432 1244 1569 1266 Tnovotoon
1588 1256 1617 1260 —
1642 1244 1700 1266 circa
1726 1245 1882 1272 operationem
1905 1244 1945 1266 ‹lu-

1385 1283 1435 1311 plex
1452 1286 1486 1305 est
1506 1283 1529 1305 H
1543 1283 1588 1305 389
1606 1289 1618 1304 a

1641 1595 1678 1618 UT
1681 1596 1686 1617 l

1386 1634 1439 1663 quia
1460 1634 1526 1662 mala,
1544 1634 1580 1656 vel
1598 1636 1684 1656 tantum
1706 1635 1772 1662 mala,
1796 1634 1849 1663 quia
1869 1634 1946 1662 probi-

1386 1673 1431 1696 bita
1449 1672 1477 1696 ib.

1432 1713 1488 1735 Usus
1512 1725 1542 1729 —
1564 1713 1724 1740 temporalium
1748 1712 1888 1735 necessarius
1911 1716 1941 1735 est

1385 1752 1446 1774 vitae
1467 1753 1581 1774 humanae
1604 1751 1645 1780 OD
1668 1752 1706 1774 131
1734 1751 1749 1773 b
1774 1751 1798 1773 3·
1818 1764 1848 1768 -—
1870 1754 1942 1779 potest

1384 1794 1444 1814 stare
1461 1791 1509 1813 sine
1526 1791 1628 1814 dominio
1645 1794 1667 1813 et
1686 1791 1823 1819 proprietate
1841 1790 1869 1813 it).

1431 1831 1535 1853 Urnrras
1552 1842 1582 1847 —-—
1604 1830 1727 1858 spiritualis
1748 1834 1770 1852 et
1792 1830 1894 1851 caelestis
1910 1833 1941 1852 est

1384 1869 1532 1898 praeferenda
1559 1869 1642 1891 carnali
1664 1872 1686 1891 et
1709 1872 1811 1891 terrenae
1836 1868 1877 1896 Ol)
1902 1868 1941 1890 171

1383 1915 1395 1931 a
1413 1908 1438 1931 6*

1640 2142 1687 2164 Vin

1434 2182 1474 2204 Vix
1493 2194 1523 2198 —
1544 2184 1604 2203 tanto
1621 2181 1715 2207 rectior,
1731 2183 1817 2209 quanto
1834 2181 1882 2203 eius
1900 2186 1947 2202 mc-

1386 2221 1451 2243 dium
1469 2220 1608 2243 conformius
1625 2222 1659 2242 est
1675 2220 1781 2242 extremis
1799 2219 1839 2247 QJ)
1857 2220 1900 2241 128
1917 2225 1928 2241 a

1434 2260 1606 2281 Vna-icxrto-
1617 2259 1651 2281 sui
1669 2260 1703 2280 est
1714 2264 1772 2285 opus
1789 2258 1835 2280 Deo
1848 2258 1945 2280 maxinn¹

1387 2301 1506 2326 acceptum
1526 2297 1566 2325 OD
1586 2298 1628 2319 ll8
1645 2303 1657 2319 a
1677 2309 1707 2313 —
1726 2300 1819 2319 naturae
1837 2301 1943 2319 consonat

1390 2338 1430 2359 122
1444 2337 1458 2359 b
1470 2349 1500 2354 -
1510 2340 1543 2359 est
1555 2340 1618 2359 actus
1630 2336 1775 2359 exstinctivus
1787 2335 1908 2363 superbiae
1925 2340 1943 2357 ct

1386 2382 1427 2404 per
1444 2377 1487 2398 boc
1504 2376 1593 2398 virtutis
1605 2376 1717 2403 perfectae
1738 2375 1777 2396 ll8
1797 2374 1811 2396 b
1823 2387 1853 2391 —
1864 2374 1903 2397 sui
1913 2379 1943 2396 est

1386 2421 1445 2443 opus
1463 2415 1552 2437 virtutis
1565 2415 1652 2437 mediae
1671 2414 1726 2436 inter
1739 2414 1943 2441 pusillanimitatem

1386 2458 1407 2477 et
1423 2454 1576 2482 arrogantiam
1598 2454 1638 2475 123
1657 2460 1668 2475 a
1687 2453 1711 2475 3*
1723 2465 1752 2469 ——
1769 2456 1828 2474 tenet
1845 2453 1896 2479 plus
1913 2458 1945 2473 ra-

1388 2494 1470 2516 tienciu
1490 2493 1619 2515 medicativi
1637 2498 1706 2521 quam
1725 2491 1854 2519 completivi
1873 2490 1900 2513 ib.
1916 2503 1945 2507 -—-

1388 2533 1493 2555 fundatur
1511 2533 1531 2554 in
1549 2532 1643 2554 veritate
1661 2531 1786 2553 secundum
1807 2530 1946 2558 experimen·

1387 2573 1452 2594 talem
1466 2572 1619 2599 coguitionem
1632 2571 1732 2593 defectus
1744 2570 1828 2598 proprii
1847 2569 1874 2591 il).
1893 2569 1907 2590 b
1916 2581 1946 2585 —-

1387 2611 1495 2639 competit
1508 2611 1620 2638 peccatori
1638 2610 1668 2632 ob
1680 2609 1845 2632 deformitatem
1864 2608 1946 2630 vitiosi·

1388 2651 1437 2673 tatis
1456 2649 1484 2672 ite.
1506 2650 1531 2672 6*
1550 2662 1580 2666 ——
1601 2652 1659 2671 tcnet
1681 2649 1790 2671 rationem
1814 2647 1903 2669 virtutis
1925 2652 1944 2668 ct

1388 2689 1546 2712 medicamenti
1566 2689 1605 2710 124
1623 2695 1634 2710 a

1435 2729 1552 2750 viotzsm
1565 2740 1594 2743 —
1607 2727 1630 2749 fit
1643 2726 1714 2749 tribus
1727 2726 1801 2748 niudis
1818 2725 1945 2747 secundum

1388 2771 1432 2790 tres
1449 2767 1537 2790 radices
1553 2767 1626 2788 omnis
1644 2766 1695 2788 mali
1714 2764 1750 2788 ΞΒ
1766 2765 1810 2787 545
1828 2771 1839 2785 a

1435 2807 1477 2828 Vm
1490 2819 1520 2823 -
1531 2806 1648 2834 quomodo
1667 2811 1746 2832 pcccax
1754 2804 1793 2826 erit
1809 2804 1825 2826 R
1837 2803 1880 2824 ‘2353
1894 2808 1905 2823 a
1918 2814 1947 2817 —

1388 2852 1432 2868 non
1451 2846 1490 2867 fuit
1507 2845 1614 2867 seductus
1632 2843 1659 2866 ib.

1435 2885 1563 2907 VincuuTAS
1578 2897 1605 2899 fi
1625 2883 1676 2905 facit
1692 2889 1734 2904 nos
1751 2881 1814 2910 sequi
1833 2880 1946 2902 Christum

1389 2923 1430 2951 Ol)
1451 2923 1492 2945 175
1510 2922 1524 2944 b
1545 2935 1574 2938 —
1592 2928 1631 2944 nes
1650 2922 1699 2943 facit
1718 2922 1844 2943 conformes
1857 2919 1947 2945 Angelis
