2285 3398
330 181 387 209 370

327 259 405 288 ditas
427 258 453 287 in
474 257 639 295 corporibus
661 257 732 286 idem
761 257 831 291 sint,
853 257 1065 295 distinguuntur
1086 261 1178 287 tamen

327 305 480 335 secundum
502 304 652 338 rationem;
674 307 701 333 et
723 304 867 342 Apostolus
887 304 1044 342 distinguit,
1059 313 1123 334 cum
1137 304 1177 333 di-

327 353 378 382 cit:
399 352 433 381 [Ji
450 351 571 389 possitis
591 350 846 389 comprehendere,
868 360 943 390 quae
963 352 1001 380 sit
1018 352 1177 390 longyitutlo,

328 400 467 433 latitudo,
489 398 656 427 sublimitas
675 402 700 426 et
718 397 914 436 profundum.

407 448 432 475 5.
455 447 494 475 De
515 445 558 475 his
578 445 689 474 duobus
711 445 955 475 Ecclesiasticus¹:
978 447 1038 484 Eyo
1052 446 1083 474 in
1098 444 1178 473 altis-

204 494 411 526 neutraquesiinis
432 493 545 527 liabito,
567 496 592 521 et
613 492 736 521 tlironas
757 502 839 522 niens
861 493 893 521 in
924 494 1061 522 columna
1081 491 1176 520 nabis.

186 526 268 550 loquitur
272 526 322 545 Scri-

185 552 248 574 ptura.

188 1585 271 1608 Utraque
290 1584 318 1603 in-

195 1608 317 1651 fflilf'm‘

199 2183 324 2223 Duplex-my-

219 2222 304 2239 nerium.

194 2337 248 2358 Vinio
257 2337 322 2357 isaiae.

329 541 459 571 Altitudo
491 540 553 569 fidei
582 540 707 569 consistit
738 540 765 569 in
797 540 952 578 cognitione
983 540 1030 569 Dei
1053 538 1178 571 aeterni,

325 587 520 626 profumlitas
540 589 633 616 autem
656 587 682 615 in
705 587 859 624 cognitione
882 587 928 616 Dei
952 585 1117 614 limnanati.
1140 584 1179 613 De

328 636 418 673 primo
449 635 584 672 scriptum
612 635 691 663 est2:
716 634 864 663 Eazcelsior
885 634 962 662 eaelo
984 637 1040 667 est,
1062 636 1088 661 et
1108 632 1180 670 qaid.

327 682 441 720 facies?
452 682 491 710 De
505 681 627 710 secundo
642 681 837 718 subiungitur:
850 680 1036 717 Prolumlior
1051 678 1179 716 inferno,

327 733 353 758 et
367 729 444 758 uncle
461 728 633 766 coynoscesi)
650 728 823 757 Profunditas
838 728 885 756 Dei
901 726 1062 760 humanati,
1077 726 1180 755 scilicet

328 776 484 810 humilitas,
506 778 582 804 tanta
602 779 659 809 est,
681 775 755 812 quod
778 775 848 803 ratio
869 774 969 803 delicit.
990 790 1026 794 —
1050 773 1180 801 Altitudo

328 823 376 852 Dei
395 822 593 860 investigabilis
607 824 664 856 est3
680 822 753 851 unde
778 821 925 850 mirabilis
939 821 1022 858 sacta
1036 824 1076 849 est
1090 820 1180 848 scien-

329 870 371 898 tia
392 873 445 898 tua
466 877 501 897 ex
521 877 566 897 me
573 879 583 902 ,·
605 868 774 906 confortata
794 872 851 901 est,
874 871 898 895 el
924 876 983 896 non
1011 870 1111 904 potero
1141 867 1181 895 acl

328 926 393 946 eam
408 917 427 945 ³.
445 933 481 937 —
498 917 579 949 Item,
596 916 627 944 in
641 915 794 944 altissimis
814 915 893 949 dicit,
910 915 936 943 in
958 917 1095 952 quantum
1114 914 1181 943 tides

328 965 407 994 docet
434 964 524 993 Deum
551 966 715 995 aeternum;
739 961 862 991 thronus
889 970 971 990 inens
992 962 1024 990 in
1044 961 1181 990 columna

328 1011 415 1040 nubis
442 1011 523 1046 dicit,
552 1011 579 1039 in
605 1014 742 1048 quantum
762 1010 843 1043 docet
867 1010 956 1039 Deum
986 1009 1179 1038 humanatum.

328 1059 367 1088 De
388 1059 431 1087 his
451 1058 562 1087 duobus
593 1057 737 1095 Apostolus
758 1057 792 1086 ad
814 1057 988 1086 Romanos4:
1013 1056 1036 1085 O
1057 1055 1181 1085 altitudo

328 1106 504 1134 divitiarum
529 1105 691 1142 sapientiae
719 1108 743 1133 et
773 1104 912 1133 scientiae
934 1104 1002 1139 Dei,
1024 1112 1115 1142 quain
1136 1104 1181 1132 in-

328 1151 597 1190 comprehensibilia
615 1155 684 1180 sunt
705 1151 818 1180 iudicia
839 1152 902 1180 eius
923 1155 948 1180 et
969 1150 1181 1189 inuestiyabiles

330 1200 393 1228 uiae
414 1199 494 1228 <eiii-s!
516 1199 670 1236 Sapientia
699 1203 836 1236 quantum
864 1199 898 1227 ad
921 1198 1045 1227 notitiam
1066 1198 1114 1227 Dei
1136 1206 1181 1227 ae-

330 1246 417 1280 terni,
439 1246 560 1275 scientia
581 1249 717 1283 quantum
738 1246 772 1274 ad
804 1246 928 1274 notitiam
957 1245 1005 1274 Dei
1028 1245 1180 1274 humanati.

332 1293 406 1322 Unde
428 1294 634 1322 firmamentum
656 1293 759 1321 sactum
781 1295 822 1321 est
844 1292 875 1321 in
897 1292 990 1321 mettio
1012 1301 1181 1331 aquarum,

331 1341 383 1370 hoc
404 1344 446 1369 est
465 1340 547 1377 fides,
568 1343 600 1369 ut
621 1343 768 1377 cognoscat
787 1339 879 1368 anima
900 1347 931 1368 ea
953 1347 1025 1376 quae
1046 1342 1112 1368 sunt
1132 1348 1182 1367 su-

327 1396 382 1425 per
398 1387 635 1424 firmamentum,
650 1390 677 1415 et
696 1394 767 1424 quae
785 1386 839 1414 sub
852 1386 1038 1422 firmamento
1061 1389 1134 1415 sunt.
1151 1386 1183 1414 Et

332 1436 398 1464 haec
419 1434 565 1472 sapientia
579 1437 621 1462 est
638 1433 795 1462 divinarum
818 1441 931 1467 rernm,
946 1436 973 1462 et
986 1433 1108 1461 scientia
1130 1433 1182 1461 liu-

330 1489 476 1511 manarum
489 1481 509 1509 ⁵.

410 1529 435 1557 6.
458 1526 759 1565 hiconiprchensibilis
780 1529 821 1555 est
842 1526 991 1563 sapientia,
1024 1535 1073 1563 per
1099 1534 1183 1563 quam

329 1575 433 1605 iudicat
453 1575 560 1609 omnia;
582 1574 629 1604 sed
651 1574 773 1603 maxime
794 1572 1096 1610 incomprehensibilis,
1112 1580 1184 1609 quae

330 1623 405 1652 vadit
425 1631 475 1660 per
496 1622 562 1651 vuias
584 1620 804 1659 investigabiles
820 1621 859 1649 De
874 1628 931 1657 quo
945 1620 972 1648 in
989 1619 1144 1648 Proverbiis
1155 1619 1182 1647 ⁶:

337 1670 409 1699 Tria
419 1673 488 1698 sunt
498 1669 632 1708 difficilia
644 1667 726 1702 milti,
741 1671 766 1696 et
781 1670 921 1706 quartam
931 1667 1049 1704 penitus
1065 1666 1182 1704 iqnoro:

329 1718 410 1747 viam
432 1717 549 1756 aquilae
570 1717 601 1745 in
622 1715 716 1749 caelo,
734 1715 811 1743 uiam
828 1714 942 1743 colubri
954 1723 1044 1752 super
1055 1718 1183 1752 petram,

330 1765 411 1794 viam
432 1764 519 1793 navis
541 1764 572 1792 in
594 1763 686 1792 mettio
709 1763 804 1796 inari,
826 1766 852 1790 et
878 1762 960 1790 viani
980 1762 1041 1790 viri
1061 1762 1092 1790 in
1113 1762 1184 1790 atlo—

333 1811 494 1841 lescentula.
514 1811 566 1839 Via
581 1811 699 1849 aquitae
713 1810 744 1838 in
759 1809 836 1838 eaelo
851 1809 904 1838 suit
922 1810 949 1837 in
964 1809 1066 1838 Christi
1085 1808 1185 1837 aseen-

332 1859 411 1887 sione
418 1869 428 1891 ;
449 1858 499 1886 via
521 1857 650 1891 colubri,
673 1857 700 1885 in
726 1856 955 1889 resurreetione,
977 1855 1043 1892 quia
1070 1855 1185 1884 coluber

333 1906 361 1934 in
382 1908 461 1942 petra
488 1905 652 1937 innovatur,
682 1903 729 1931 ubi
760 1902 874 1931 dimittit
901 1904 1039 1931 vetustam
1067 1901 1185 1938 pellein;

333 1952 384 1981 via
404 1951 491 1980 nauis
512 1951 544 1979 in
563 1950 658 1983 mari,
681 1950 708 1978 in
727 1949 882 1985 passione;
903 1948 959 1977 via·
980 1948 1041 1976 viri
1062 1948 1094 1976 in
1115 1947 1185 1976 ado-

335 1997 506 2032 lescentula,
528 1997 556 2026 in
578 1996 797 2029 incarnatione,
819 1993 1037 2032 quainpenitus
1064 2002 1093 2023 se
1120 1994 1187 2023 dicit

335 2046 479 2083 ignorare3
494 2048 522 2073 et
536 2051 634 2073 verum
650 2046 692 2072 est
706 2042 858 2071 secundum
874 2043 1025 2071 humanam
1040 2042 1185 2075 rationein,

336 2092 383 2122 sed
404 2091 558 2121 secundum
579 2090 660 2119 fidem
682 2098 762 2119 secus
783 2092 832 2118 est.

415 2141 441 2168 7.
464 2139 510 2168 Est
530 2146 597 2176 ergo
617 2137 722 2175 duplex
753 2137 876 2166 altitudo
895 2137 1091 2174 firmamenti:
1113 2145 1185 2171 una,

334 2196 385 2226 per
406 2195 489 2225 quam
511 2194 644 2223 suprema
658 2185 785 2223 respicit3
800 2185 899 2219 altera,
914 2193 964 2222 per
979 2193 1062 2223 quam
1078 2184 1185 2219 infima;

335 2243 407 2269 una,
429 2242 479 2272 per
500 2241 584 2272 quam
605 2233 685 2262 docet
713 2240 877 2270 cognoscere
906 2233 995 2262 Deum
1016 2235 1186 2265 aeternum;

335 2283 437 2317 altera,
459 2282 547 2311 Deum
577 2280 776 2309 incarnatum.
798 2280 841 2309 De
870 2279 912 2308 his
943 2279 1053 2309 duobus
1083 2279 1186 2308 dicitur

336 2329 419 2359 isaiae
440 2328 541 2358 sexto⁷
570 2327 598 2356 in
624 2327 743 2360 visione,
765 2334 836 2364 quae
857 2326 982 2355 omnium
1004 2334 1120 2355 suarum
1146 2325 1186 2354 vi-

937 179 969 208 lN
990 173 1212 209 HEXA'FLMERON
1234 177 1397 208 COLLATIO
1419 178 1482 206 Vlll.

1234 256 1343 286 sionum
1373 255 1424 283 suit
1452 254 1549 283 radix:
1579 255 1643 283 Vidi
1671 256 1829 286 Dominum
1859 259 2001 287 sedentem
2025 263 2087 293 etc,

1236 310 1325 340 usque
1353 302 1405 330 ibi:
1436 301 1529 330 Plena
1549 305 1589 330 est
1617 302 1712 330 omnis
1743 306 1824 332 terra
1843 304 1942 341 ytoria
1963 305 2033 334 eins.
2056 306 2087 334 Et

1235 349 1327 378 statim
1348 348 1476 385 sequitur
1498 348 1656 377 excaecatio
1678 349 1841 378 ludaeorum
1870 353 1897 378 et
1926 351 2088 380 illuminatio

1235 395 1368 433 gentium.
1501 395 1567 424 dicit
1595 395 1726 424 loannes:
1756 396 1835 425 Haec
1866 397 1941 425 dixit
1973 398 2088 431 Isaias,

1236 441 1355 480 qnamlo
1377 442 1437 471 cicli
1473 442 1647 475 Dominam,-
1669 445 1696 471 et
1717 443 1860 480 sequitur:
1885 444 2017 473 Efficaeca
2039 453 2089 472 cor

1233 488 1338 526 populi
1365 488 1454 518 liuius
1475 494 1501 518 et
1521 498 1610 518 aures
1631 490 1694 518 cias
1716 498 1860 527 ayyraoa.
1883 490 1959 521 Unde
1987 491 2090 519 illumi-

1236 536 1311 565 natio
1332 536 1455 574 gentium
1479 537 1531 574 subit
1552 538 1711 567 excaecatio
1736 538 1908 566 ludaeorum.
1932 538 1963 566 Et
1984 538 2018 566 de
2037 538 2089 567 hoc

1236 583 1375 612 exclamat
1396 584 1555 620 Apostolus:
1581 585 1604 613 O
1625 584 1748 613 altittalo
1769 584 1946 613 diuitiarum
1968 588 2019 614 etc.

1316 631 1342 659 8.
1366 630 1436 659 Dicit
1457 638 1523 668 ergo
1545 631 1641 660 lsaias:
1664 632 1737 666 Vini,
1760 632 1863 660 scilicet
1885 631 1989 660 visione
2011 632 2089 661 intel-
2121 638 2147 656 Ex
2160 638 2233 665 dyptici

1238 677 1365 714 ligentiac
1383 686 1438 714 per
1458 677 1544 714 sideni
1564 679 1728 707 sublevatae
1749 683 1776 707 et
1798 679 1933 707 stabilitae
1954 679 1982 707 in
2003 679 2090 708 subli-
2103 661 2232 708 ffli‘effflff

1237 724 1332 753 mitate
1353 725 1502 762 sapientiae
1523 718 1666 761 aeternac,
1688 735 1738 763 per
1760 735 1844 763 quam
1859 729 1901 755 est
1921 726 2026 763 duplex
2048 727 2090 755 lu—

1238 779 1301 800 men
1323 771 1553 800 intlammativuin
1585 776 1612 801 et
1643 773 1859 810 serapliicum⁸3
1882 773 1957 810 quod
1978 773 2090 810 quidem

1238 818 1416 855 seraphicum
1447 818 1511 847 t'acit
1536 819 1654 848 clamare
1686 820 1847 857 tripliciter;
1874 822 1901 848 et
1930 820 1996 848 facit
2023 820 2090 849 fides

1238 865 1351 902 duplici
1374 866 1594 902 seraphicatione
1621 867 1742 896 animam
1771 867 1946 904 seraphicam
1973 870 2001 895 et
2028 866 2092 895 facit

1238 916 1345 941 mentes
1365 912 1451 941 alatas
1472 913 1545 942 senis
1565 914 1623 942 alis.

1318 960 1344 988 9.
1367 960 1524 989 Intellectus
1545 961 1618 990 enim
1639 965 1733 991 noster
1755 970 1804 999 per
1820 961 1901 990 [idem
1918 961 2090 990 illuminatus
2118 966 2235 1008 ,1-3305053:

1238 1007 1338 1036 clamat
1366 1007 1530 1044 tripliciter:
1553 1007 1689 1043 Sanctus,
1711 1012 1843 1043 sanctus,
1865 1012 1994 1037 sanctus.
2022 1009 2091 1037 Sunt
2104 995 2147 1039 iilex
2180 1013 2234 1032 trisa-

1238 1055 1312 1084 enim
1340 1054 1397 1083 duo
1418 1054 1562 1092 Seraphim
1591 1055 1702 1084 stabiliti
1724 1056 1751 1084 in
1773 1056 1852 1084 nobis
1873 1064 1923 1093 per
1945 1056 2043 1090 tidem,
2065 1057 2093 1084 et
2105 1042 2154 1060 ἔω

1238 1102 1356 1139 quilibet
1375 1102 1476 1131 clamat
1498 1102 1598 1139 triplici
1620 1103 1837 1137 exclamatione,
1860 1106 1951 1131 tamen
1968 1111 2021 1131 non
2040 1102 2092 1131 nisi

1238 1149 1323 1178 semel
1355 1148 1499 1177 Dominus
1526 1149 1602 1177 Dens
1613 1150 1632 1177 ⁰.
1662 1150 1762 1178 Notitia
1789 1150 1943 1183 enim-Dei
1972 1152 2014 1178 est
2044 1158 2092 1178 no-

1239 1196 1298 1224 titia
1321 1196 1405 1224 trium
1428 1204 1610 1232 personarum
1632 1205 1696 1226 cuin
1718 1197 1824 1226 unitate
1845 1196 1997 1231 essentiae;
2019 1197 2092 1226 unde

1239 1247 1297 1271 tres
1317 1236 1402 1277 sunt,
1424 1243 1476 1281 qai
1495 1243 1691 1272 testimoniam
1719 1244 1791 1272 <lant
1814 1244 1845 1272 in
1865 1244 1960 1278 caelo,
1983 1245 2091 1278 Pater,

1247 1290 1369 1319 Verbum
1390 1294 1415 1318 et
1437 1290 1567 1327 Spiritus·
1581 1294 1712 1325 sanctus,
1728 1295 1752 1319 et
1768 1291 1799 1319 lei
1819 1295 1876 1320 tres
1898 1301 1993 1320 unuin
2014 1295 2091 1320 sunt.

1240 1337 1397 1366 Intellectus
1418 1345 1484 1374 ergo
1512 1337 1719 1374 seraphicatus,
1741 1338 1768 1366 id
1800 1341 1842 1366 est
1872 1338 2046 1367 illuminatus
2066 1341 2093 1367 et

1240 1385 1430 1414 inflammatus
1452 1392 1501 1421 per
1523 1384 1621 1418 fidem,
1643 1385 1742 1413 clamat
1757 1388 1799 1413 ter
1813 1389 1943 1413 sanctas.
1958 1385 2032 1413 Alter
2047 1385 2093 1413 Se-

1240 1431 1310 1468 raph
1336 1430 1503 1468 respondet:
1527 1431 1668 1465 Sanctus,
1690 1434 1829 1465 sanctus,
1851 1435 1990 1459 sanctus.-
2012 1431 2093 1468 quia,

1240 1478 1312 1507 sicut
1333 1478 1360 1506 in
1383 1478 1440 1506 Deo
1468 1481 1584 1506 aeterno
1612 1480 1654 1506 est
1686 1477 1795 1506 trinitas
1823 1486 2009 1514 personarum
2029 1485 2093 1506 cum

1240 1525 1346 1554 unitate
1367 1525 1516 1559 essentiae,
1539 1525 1576 1553 ita
1607 1524 1689 1553 etiam
1715 1525 1743 1553 in
1765 1525 1822 1553 Deo
1844 1524 2007 1553 humanato
2029 1527 2094 1553 sunt

1242 1574 1299 1600 tres
1313 1574 1430 1600 naturae
1448 1580 1512 1601 cum
1534 1572 1640 1600 unitate
1661 1579 1796 1609 personae
1809 1572 1839 1600 1⁰.
1857 1588 1893 1592 —
1910 1572 1942 1600 Et
1962 1572 2005 1601 isti
2028 1574 2092 1600 sunt
2103 1575 2236 1618 ⁰⁰³gffgf¹³⁰²⁵

1241 1618 1313 1647 duae
1333 1618 1441 1647 radices
1462 1618 1541 1652 fidei,
1557 1627 1627 1655 quas
1648 1619 1696 1656 qui
1718 1619 1827 1656 ignorat
1847 1618 1917 1647 nihil
1939 1618 2042 1648 credit:
2062 1621 2094 1647 ut
2192 1613 2196 1617 ”

1241 1673 1360 1703 corpus,
1381 1665 1488 1699 anima,
1511 1665 1651 1694 Divinitas.
1675 1667 1791 1695 Sanctus
1816 1666 1944 1703 Christus
1965 1669 2093 1695 sanctum

1242 1713 1325 1742 habet
1346 1720 1468 1749 corpus3
1490 1715 1603 1741 sanctus
1624 1712 1751 1741 Christus
1773 1716 1896 1742 sanctam
1926 1713 2009 1742 habet
2036 1713 2095 1741 ani-

1241 1768 1335 1794 mam;
1357 1762 1470 1788 sanctus
1497 1759 1625 1788 Christus
1653 1758 1775 1788 sanctam
1804 1760 1888 1789 habet
1909 1760 2093 1789 Divinitatem.

1242 1807 1360 1835 Sanctus
1380 1806 1524 1839 exterius,
1540 1808 1653 1834 sanctus
1668 1806 1806 1841 interias,
1821 1810 1933 1836 sanctus
1947 1807 2093 1844 superius.

1326 1854 1368 1881 10.
1392 1853 1445 1881 Hae
1467 1855 1532 1881 sunt
1556 1852 1627 1881 duae
1649 1853 1818 1889 cognitiones
1839 1853 1902 1882 fidei
1925 1853 2096 1882 illuminan-

1244 1904 1283 1928 tes
1314 1903 1341 1928 et
1372 1900 1507 1927 ardentes
1534 1899 1698 1927 triformiter
1725 1899 1759 1928 ad
1791 1899 1925 1928 unitatem
1954 1900 2094 1929 reductae.

1245 1947 1382 1976 Clamare
1402 1949 1496 1974 autem
1517 1945 1649 1974 dicuntur
1664 1949 1779 1982 propter
1792 1946 2015 1981 admirationem,
2031 1946 2097 1983 quia
2133 1951 2238 1971 Admiratio

1244 1997 1398 2030 utrumque
1419 1995 1460 2021 est
1478 1992 1654 2026 admirabile3
1672 1992 1744 2021 unde
1758 1992 1786 2021 in
1802 1993 1909 2021 Psalmo
1921 1994 1958 2021 ¹¹:
1976 1993 2096 2022 Domine
2105 1976 2199 2017 ffii'i'fflf
2206 1975 2239 1994 ΒΦ

1245 2040 1388 2069 Dominus
1408 2042 1519 2073 noster,
1542 2047 1632 2077 quain
1647 2038 1823 2067 admirabile
1837 2043 1878 2067 est
1892 2048 1996 2068 nomen
2011 2043 2095 2068 titum

1239 2088 1276 2116 in
1297 2087 1437 2116 universa
1458 2086 1557 2114 terra!
1579 2085 1713 2114 Minuisti
1738 2095 1804 2115 cum
1822 2086 1915 2123 paulo
1936 2087 2036 2116 minas
2057 2087 2094 2116 ab

1246 2134 1381 2173 Anqelis;
1401 2133 1500 2171 qloria
1521 2137 1546 2162 et
1566 2132 1673 2162 lionore
1701 2133 1849 2162 coronasti
1875 2142 1949 2162 enin.
1976 2134 2007 2163 Et
2031 2143 2096 2164 vere

1244 2180 1420 2211 admirabile
1449 2189 1551 2209 nomen
1581 2183 1718 2217 quantum
1746 2180 1780 2209 ad
1809 2180 1897 2209 Deum
1927 2184 2095 2215 aeternum,

1243 2229 1310 2268 quia
1330 2229 1367 2257 ibi
1389 2230 1431 2257 est
1453 2235 1518 2257 vera
1538 2227 1678 2256 distinctio
1698 2235 1882 2265 personarum
1904 2236 1967 2257 cuni
1991 2228 2096 2257 unitate

1243 2277 1393 2310 essentiae,
1408 2284 1458 2313 per
1476 2283 1560 2313 quam
1582 2277 1648 2304 sunt
1669 2283 1777 2304 summe
1798 2273 1971 2312 conformes,
1986 2283 2096 2304 summe

1243 2323 1415 2358 concordes,
1438 2330 1547 2352 summe
1575 2322 1758 2360 coaequales,
1787 2322 1948 2356 coaeterni,
1975 2322 2095 2351 consub—

400 2514 407 2526 ¹
426 2514 483 2543 Cap.
500 2514 543 2541 24,
558 2513 582 2536 7.

400 2552 409 2566 ²
429 2553 468 2576 lob
486 2553 510 2575 lt
522 2570 528 2580 ,
546 2553 568 2574 8.
587 2551 643 2574 lbid.
660 2550 728 2573 etiam
747 2556 794 2578 seq.
814 2551 885 2572 locus.

400 2591 409 2605 ³
427 2592 511 2615 Psalm.
530 2592 586 2618 438,
604 2591 627 2613 6.

400 2630 409 2643 ⁴
427 2631 482 2659 Cap,
502 2631 526 2653 tt
539 2648 544 2657 ,
563 2631 600 2652 33.
617 2641 648 2646 —-
665 2628 770 2651 Subinde
787 2628 908 2655 respicitur
925 2629 981 2650 Gen.
995 2629 1003 2650 rl
1014 2646 1020 2656 ‚
1032 2630 1054 2651 6.
1066 2635 1127 2658 seq.:
1140 2629 1188 2651 Fiat

338 2672 511 2693 firmamentum
530 2670 551 2691 in
570 2669 647 2691 medio
665 2673 804 2696 aquarum...
819 2667 943 2696 divisitque
954 2674 1039 2696 aquas,
1051 2674 1112 2697 quac
1123 2671 1188 2691 crant

338 2709 383 2731 sub
400 2709 560 2734 firmamento,
578 2707 608 2729 ab
626 2707 661 2729 hlS
678 2712 739 2735 quae
755 2708 820 2728 erant
837 2712 907 2733 super
925 2706 1105 2730 firmamentum¹

372 2750 376 2755 ‘
402 2747 411 2760 ⁶
428 2747 474 2771 Csr.
492 2753 562 2775 supra
581 2753 636 2774 pag.
653 2745 711 2772 347,
724 2747 777 2767 nota
789 2745 812 2767 7.
825 2745 847 2767 in
860 2745 905 2767 nnc
916 2748 939 2767 et
951 2748 1006 2768 tom.
1018 2746 1050 2768 lll.
1062 2752 1116 2774 pag.
1128 2746 1173 2769 773
1182 2764 1187 2773 ‚

338 2790 393 2810 nota
410 2788 432 2810 2.

401 2825 411 2839 ⁶
428 2826 485 2855 Cap.
502 2826 544 2853 30,
567 2826 601 2847 18,
619 2831 668 2854 seq.
685 2825 727 2847 Pro
745 2823 934 2852 adolescentula,
951 2824 1015 2853 quod
1034 2824 1102 2847 habet
1122 2826 1187 2848 lectio

339 2866 469 2889 secundum
487 2867 573 2888 textum
591 2863 736 2890 Hebraeum,
754 2863 853 2891 Vulgata
870 2862 1035 2887 adolescentie.

401 2904 410 2917 '¹
429 2905 495 2927 Vers.
520 2905 564 2927 1-3.
589 2915 620 2920 -
645 2902 750 2926 Subinde
774 2901 896 2930 respicitur
912 2902 974 2924 loan.
992 2902 1034 2930 42,
1052 2903 1089 2925 39.
1107 2909 1187 2932 seqq.:

340 2945 463 2973 Propterea
490 2950 538 2966 non
565 2944 672 2971 poterant
696 2942 803 2968 credere,
826 2941 881 2970 quia
908 2941 991 2963 iterum
1019 2941 1075 2963 dixit
1102 2941 1187 2964 lsaias:

340 2983 475 3011 Excaecavit
490 2979 571 3005 oculos
587 2987 694 3004 eorum...
705 2982 767 3004 Haec
783 2980 839 3003 dixit
858 2980 939 3007 lsaias‚
951 2980 1046 3009 quando
1065 2981 1122 3003 vidit
1139 2981 1188 3009 glo-

1244 2511 1302 2533 riam
1328 2510 1378 2533 eius
1397 2513 1420 2532 ct
1439 2511 1529 2532 locutus
1548 2512 1582 2531 est
1602 2509 1631 2531 de
1651 2515 1688 2531 eo.
1703 2521 1735 2525 —
1751 2508 1828 2531 Verba
1849 2509 1960 2532 Eoecaeca
1979 2511 2024 2531 etc.
2043 2511 2097 2530 sunt

1245 2550 1295 2572 lsai.
1311 2551 1337 2577 6,
1356 2550 1394 2572 110.

1308 2586 1317 2600 ⁸
1335 2588 1387 2611 Scil.
1405 2589 1483 2611 lumen
1500 2588 1550 2610 sive
1567 2587 1668 2615 cognitio
1692 2587 1721 2609 do
1744 2587 1843 2609 trinitate
1865 2593 2019 2615 personarum
2042 2593 2095 2609 cum

1245 2628 1331 2651 unitate
1347 2628 1473 2655 essentiae,
1491 2630 1513 2650 et
1530 2628 1608 2650 lumen
1626 2627 1655 2649 dc
1667 2626 1831 2649 incarnatione
1847 2627 1895 2649 Filii
1913 2627 1962 2649 Dei.
1979 2639 2010 2643 —
2026 2627 2043 2648 B
2061 2625 2096 2648 in-

1244 2666 1422 2697 flammativum
1438 2668 1460 2690 et
1476 2665 1684 2690 ittmm‘mtorimn.

1308 2705 1318 2718 ⁹
1335 2707 1384 2730 lsai.
1402 2707 1429 2734 6,
1446 2708 1469 2729 2.
1485 2713 1547 2735 sequ.
1566 2706 1687 2735 Seraphim
1704 2705 1797 2728 stabant
1813 2712 1883 2734 super
1905 2706 1973 2733 illud;
1990 2711 2029 2727 sex
2046 2705 2096 2726 alae

1246 2746 1293 2773 nni,
1305 2748 1328 2768 et
1338 2752 1378 2768 sex
1391 2746 1440 2768 alae
1452 2745 1540 2768 alteri...
1549 2747 1575 2768 Et
1584 2745 1715 2768 clamabant
1726 2745 1782 2767 alter
1794 2744 1824 2767 ad
1836 2745 1933 2767 alterum
1942 2747 1964 2766 et
1976 2742 2094 2766 dicebant:

1246 2787 1357 2813 Sanctus,
1377 2788 1482 2812 sanctus,
1500 2788 1593 2808 sanctus
1615 2785 1729 2808 Dominus
1746 2785 1808 2807 Deus
1824 2783 1966 2806 exercituum
1984 2785 2027 2805 etc.
2045 2782 2096 2810 (cir.

1245 2831 1316 2854 supra
1333 2825 1476 2847 itinerarium
1495 2825 1578 2847 mentis
1595 2825 1618 2847 in
1635 2825 1722 2851 Deum,
1740 2818 1760 2846 c.
1778 2824 1799 2846 6,
1817 2830 1839 2845 n.
1858 2823 1878 2846 4.
1897 2823 1982 2852 seqq.).
1998 2834 2030 2839 —
2042 2822 2095 2849 Seq,

1245 2866 1310 2888 locus
1327 2867 1362 2887 est
1378 2864 1393 2886 1.
1411 2864 1472 2887 loan.
1489 2864 1521 2891 5,
1532 2864 1556 2887 7.

1309 2902 1328 2915 ¹⁰
1346 2903 1400 2926 Sive
1421 2905 1447 2925 ut
1469 2903 1523 2925 dicit
1545 2902 1664 2929 Bernard.‚
1677 2902 1705 2924 V.
1723 2901 1752 2924 do
1772 2901 1916 2924 Considerat.
1934 2906 1953 2922 c.
1971 2901 1994 2922 9.
2011 2906 2035 2921 n.
2052 2898 2094 2921 20:

1246 2943 1304 2973 Tres
1315 2942 1429 2965 essentiae
1447 2941 1597 2972 [corpor-alis,
1610 2941 1745 2970 sp²··itualis‚
1758 2940 1853 2970 divina]
1865 2942 1919 2963 sunt
1930 2945 1975 2962 una
1988 2943 2095 2967 persona.

1308 2980 1327 2994 ¹¹
1345 2982 1428 3004 Psalm.
1446 2982 1472 3008 8,
1490 2982 1512 3004 2.
1530 2983 1552 3004 et
1569 2982 1592 3004 6.
