2285 3398
826 233 856 262 lN
879 225 1098 262 nexili-{Meneta
1119 232 1281 262 COLLATtO
1302 234 1355 262 xx.

221 312 302 340 vilem
324 312 443 340 animam
464 320 598 349 apparere
621 312 793 346 hominibus,
819 312 929 349 quando
957 319 1065 340 summo

221 359 270 387 soli
302 359 487 396 coniungitur.
516 376 555 380 —-
583 359 650 388 llaec
679 362 720 388 est
752 360 849 388 Esther
866 360 888 394 ¹,
909 367 980 396 quae
1012 366 1065 387 non

221 405 330 442 quaerit
352 406 487 434 mundum
510 406 688 440 muliebrem,
710 406 757 435 sed
779 409 906 435 contenta
927 409 968 435 est
989 408 1066 434 natu-

222 453 271 481 rali
293 453 479 490 pulcritudine
510 460 559 481 nec
581 453 690 490 quaerit
711 454 777 482 istos
803 456 918 482 ornatus
940 452 1065 482 meretri-

222 500 286 528 cios.
303 517 338 520 —
355 500 385 528 Et
406 500 528 528 dicebat:
550 500 616 536 quia
636 500 697 529 dico
713 501 804 535 vobis,
827 500 901 538 quod
923 508 1065 537 nunquam

221 547 268 584 qui
291 547 350 575 vult
364 555 498 584 apparere
517 549 606 584 potest
628 548 721 576 venire
745 548 779 576 ad
800 547 1064 585 contemplationem.

300 596 346 623 20.
369 594 461 623 Tertio
479 597 656 631 comparatur
679 595 759 623 lunae
787 598 901 632 propter
921 594 1065 633 resnlycn-

122 649 177 668 natio
191 650 208 668 ³.
223 641 295 669 tiam
310 641 488 670 ordinatam.
512 641 717 670 Ecclesiasticus
729 642 754 670 2.-
778 642 833 670 Vas
854 645 1021 671 castrorum
1036 641 1067 670 iit

221 688 405 725 firmamento
420 688 493 717 caeli
506 688 682 725 resplendet,·
702 689 805 718 dicitur
825 689 859 718 de
874 690 947 718 luna.
969 688 1067 717 Omnia

222 736 311 770 cnim,
332 744 403 773 quae
424 739 489 764 sunt
511 736 537 764 in
561 736 693 770 Ecclesia,
715 740 780 765 sunt
807 737 958 766 secundum
985 737 1067 765 ratio—

224 791 285 811 nem
307 783 411 812 ordinis
432 783 571 811 ordinata
593 786 620 811 et
639 784 752 812 robusta
766 792 815 813 seu
831 783 1026 821 indissipabilia
1040 785 1067 811 et

223 831 363 859 iucunda.
390 847 425 851 —
451 831 565 867 Propter
587 831 707 867 primum
728 831 846 860 dicitur:
875 832 930 859 Vas
957 834 1068 859 castro-

224 887 289 906 rum
314 878 345 906 in
371 877 554 914 firmamento
576 878 664 912 caeli,
693 879 758 915 quia
788 878 926 907 terribilis
951 882 1007 912 est,
1037 882 1068 906 tit

223 929 388 954 castrorum
412 925 488 953 acies
510 924 647 953 ordinata
661 926 680 953 ²³.
702 926 779 961 Quill
801 926 907 954 videbis
931 926 960 954 iu.
982 926 1067 955 Sala-

223 973 290 1001 mite
309 972 370 1000 nisi
390 971 491 1001 choros
513 973 702 1001 castrorum?
723 973 793 1010 Quia
821 973 871 1001 iste
899 973 967 1002 ordo
995 977 1069 1002 totus

222 1023 264 1049 est
284 1020 317 1048 ad
337 1020 530 1057 puyimndam
548 1023 644 1048 contra
658 1020 865 1049 universitatem
888 1021 1018 1049 hostium.
1031 1037 1067 1042 —

224 1068 303 1102 item,
326 1067 408 1096 habet
434 1067 662 1101 e'ttc'ztrtdltatem;
684 1068 744 1096 ideo
764 1067 829 1096 dicit
851 1067 1015 1104 resplendet.
1039 1068 1069 1095 Et

225 1115 290 1144 haec
311 1118 353 1144 est
371 1114 483 1152 yloria,
505 1123 576 1151 quae
604 1118 645 1143 est
666 1114 821 1143 formositas
849 1122 912 1142 cuin
941 1114 1068 1143 iucundi-

225 1165 293 1196 tate;
316 1161 389 1191 unde
410 1164 437 1190 et
463 1161 561 1190 divites
589 1162 737 1191 ostendunt
763 1158 879 1198 'gloriam
911 1169 1005 1194 suam,
1027 1161 1068 1189 in-

223 1209 343 1239 cedendo
364 1209 391 1238 in
413 1209 499 1246 gloria
514 1210 632 1238 vestium
655 1213 681 1238 et
696 1208 810 1242 laetitia,
825 1208 897 1237 sicut
918 1208 946 1236 in
965 1208 1068 1245 nuptiis

223 1260 250 1286 et
271 1257 354 1286 sestis.

303 1305 348 1332 21.
371 1304 439 1332 llaec
461 1307 502 1332 est
517 1303 637 1332 secunda
658 1311 722 1340 pars
736 1302 989 1339 contemplationis,
1004 1310 1068 1331 con-

116 1358 209 1382 Evilogus.
224 1351 345 1380 siderare
366 1351 469 1380 scilicet
491 1351 654 1383 Ecclesiam,
676 1349 829 1379 secundum
857 1349 931 1387 quod
958 1353 999 1379 est
1019 1358 1069 1378 sit-

221 1390 377 1435 pcrvcstz'ta
399 1398 495 1435 liguris
516 1401 543 1426 et
565 1397 693 1431 theoriis,
714 1399 741 1426 et
762 1397 915 1426 secundun]
937 1397 1012 1434 quod
1029 1400 1070 1426 est

225 1445 373 1474 illustrata
400 1454 418 1473 a
440 1445 510 1479 sole,
533 1448 560 1474 et
587 1444 740 1473 seeundum
761 1444 836 1481 quod
863 1448 905 1473 est
929 1444 1069 1473 ordinata

223 1493 263 1521 ad
280 1492 495 1530 puynaudam,·
515 1495 541 1520 et
563 1492 601 1520 sic
623 1492 742 1520 habetur
763 1491 829 1520 luna
846 1492 873 1520 in
895 1492 1070 1520 firmamento

223 1540 341 1574 animae,
363 1542 394 1568 ut
409 1539 600 1568 consideratur
619 1547 668 1576 per
684 1539 849 1577 theolog'iam
864 1539 1069 1578 symbolicam,

223 1596 272 1624 per
298 1587 461 1624 theologiam
486 1587 658 1625 iizysticam,
681 1595 730 1624 per
758 1587 923 1625 theologiam
949 1587 1070 1625 proprie

222 1635 339 1663 «ticcam.

300 1680 347 1710 222.
369 1682 461 1710 Tertia
481 1689 546 1718 pars
567 1681 804 1718 contemplationis
829 1685 869 1711 est
892 1682 919 1710 in
947 1682 1071 1711 conside-

82 1736 128 1755 Pam
141 1736 168 1755 11¹.
184 1736 210 1755 Do
223 1729 328 1758 ratione
342 1729 444 1757 mentis
459 1727 608 1757 humanae
628 1728 884 1762 lderarclzizatae,
898 1732 924 1758 et
947 1729 1014 1757 haec.
1030 1729 1070 1757 in-

95 1760 149 1778 tertio
157 1760 211 1779 visio-

94 1784 210 1802 nisohiecto.
223 1776 357 1813 telligitur
375 1784 429 1813 per
448 1775 545 1804 stellas
567 1776 623 1804 sive
645 1784 694 1812 per
710 1776 799 1805 lucem
821 1776 975 1810 stellarum,
999 1784 1070 1813 quae

84 1807 335 1862 >ss5il¹sp21¹5¹333quidem
357 1824 440 1852 babet
465 1823 644 1852 radiationem
673 1823 857 1857 mansioam,
886 1824 1022 1852 decoram
1044 1826 1071 1852 et

83 1856 125 1872 Μ’
225 1871 395 1900 iucumlam.
419 1870 528 1904 Anima,
556 1878 628 1907 quae
650 1869 732 1898 habet
754 1870 821 1899 haec
844 1870 911 1904 tria,
935 1873 976 1899 est
998 1870 1070 1898 hier-

223 1917 370 1947 archizata.

303 1964 348 1994 23.
371 1965 410 1994 De
432 1964 582 1993 radiatione
603 1964 756 1998 mansii-a,
778 1972 849 2001 quae
870 1967 912 1993 est
933 1964 960 1993 in
981 1965 1071 1993 anima

100 2019 127 2038 ne
141 2020 209 2044 primo.
224 2012 440 2045 hierarchizata‚
455 2011 557 2040 dicitur
572 2011 599 2040 in
615 2011 686 2040 libro
700 2011 823 2040 ludicum
836 2012 863 2039 ⁴¹:
879 2011 994 2046 Stellae,
1010 2020 1072 2040 ma-

223 2064 320 2088 nentes
341 2060 371 2088 ίη
386 2060 488 2088 ordine
508 2063 532 2088 el
554 2068 645 2087 citrea
660 2067 728 2093 suo,
746 2063 956 2097 pugnaverunt
969 2063 1072 2088 eontra

225 2107 370 2136 Sis-aram.
394 2107 470 2135 Sicut
490 2107 563 2135 enim
586 2107 679 2135 stellae
701 2110 766 2135 sunt
787 2107 860 2136 fixae
881 2107 909 2136 in
931 2108 1018 2138 caelo,
1033 2107 1070 2136 sic

224 2157 333 2190 oportet
354 2154 428 2191 quod
453 2153 683 2190 contemplativus
708 2154 743 2182 sit
770 2154 845 2182 fixus
866 2157 893 2183 et
914 2155 1070 2189 mansivus,

225 2209 279 2229 non
301 2201 431 2229 vacillans
452 2208 502 2229 uec
524 2200 628 2229 hahens
649 2201 743 2229 oculos
758 2201 904 2235 tremulos,
926 2201 973 2230 sed
993 2202 1071 2238 aqui-

225 2247 303 2276 linos.
326 2247 400 2276 lssnde
428 2247 612 2283 Dionysius52
642 2247 747 2276 liabens
768 2248 877 2281 oculos,
906 2248 1008 2277 scilicet
1030 2248 1070 2277 in-

225 2294 413 2331 vestigationis
435 2294 561 2328 rationis,
576 2293 656 2323 debet
671 2302 730 2323 esse
745 2294 832 2329 fixus,
848 2295 951 2324 fixione
965 2295 1071 2324 siderea

1909 237 1965 265 499

1122 320 1243 341 manens.
1266 313 1321 341 Non
1345 316 1436 342 manet
1460 317 1568 348 autem,
1591 314 1641 343 nisi
1671 315 1769 343 habeat
1790 323 1913 343 cursum
1941 317 1968 343 et

1122 359 1270 393 ordinem,
1298 360 1421 389 ordinem
1444 361 1546 390 seilicet
1572 361 1808 391 hierarchicarum
1830 362 1967 399 graduum

1122 408 1149 433 et
1170 406 1319 440 virtutum,
1347 410 1374 435 et
1396 408 1569 444 postmodum
1600 411 1695 437 currat
1723 409 1890 437 incessanter
1919 418 1968 446 per

1122 452 1183 481 illos
1204 454 1237 481 (le
1266 455 1371 483 virtute
1392 455 1423 483 in
1450 455 1625 490 virtatem&
1647 460 1674 485 et
1703 456 1754 485 hoc
1781 459 1823 485 est
1845 464 1968 493 pugnare

1122 504 1218 529 contra
1238 501 1385 530 diabolum.
1410 503 1483 531 Mens
1503 503 1576 531 enirn
1604 504 1661 532 fixa
1683 503 1710 532 in
1732 503 1879 532 stabilitate
1906 511 1969 539 gra-

1122 547 1209 575 duum
1237 547 1475 577 hierarchieorum
1503 553 1530 577 ct
1559 550 1694 579 virtutum
1723 559 1776 579 non
1805 553 1846 579 est
1867 550 1968 584 otiosa,

1123 595 1170 623 sed
1191 595 1299 624 dormit
1321 596 1403 624 homo
1430 597 1556 626 exterius
1583 601 1610 626 et
1631 598 1734 635 viqilat
1762 598 1894 632 interius;
1917 598 1968 626 hoc

1123 645 1215 671 autem
1239 646 1280 671 est
1302 643 1444 672 hominum
1468 644 1616 679 vivacium,
1638 645 1822 674 stabilitorum
1845 645 1969 682 infatiga-

1124 688 1222 718 biliter.
1239 690 1292 719 Hae
1307 690 1537 721 considerationes
1552 692 1655 721 faciunt
1672 693 1777 721 animas
1792 692 1928 722 robustas.

1202 737 1248 765 24.
1272 737 1352 772 item,
1369 738 1450 766 habet
1466 738 1643 768 radiationem
1665 739 1809 768 decoram.
1826 740 1900 769 Unde
1921 740 1969 768 Ec-
1982 744 2110 764 Desecundo-

1124 784 1331 814 clesiasticus⁷z
1354 785 1466 822 Species
1488 786 1561 814 caeli
1583 786 1680 824 gloria
1706 787 1866 816 stellarum.
1891 787 1970 816 Caeli

1124 834 1189 860 sunt
1210 832 1316 861 animae
1337 833 1480 867 caelestes,
1495 833 1645 870 speciosae,
1660 834 1787 869 deoorae3
1803 835 1850 863 sed
1868 835 1896 864 in
1909 835 1969 873 ylo-

1124 879 1173 908 ria
1194 879 1362 914 stellarum,
1380 880 1486 909 scilicet
1508 881 1534 909 in
1556 881 1675 918 gloriosa
1695 882 1876 919 refulgentia,
1899 891 1970 920 quae

1125 926 1248 955 consistit
1269 927 1296 955 in
1324 927 1541 957 consideratione
1569 928 1677 957 decora.
1700 929 1775 958 Unde
1803 929 1882 959 debet
1911 938 1970 959 esse

1125 982 1239 1003 manens
1260 974 1287 1002 in
1304 974 1371 1009 Dee,
1394 983 1521 1004 crescens
1542 976 1576 1004 de
1596 976 1701 1005 virtute
1722 976 1754 1004 in
1775 976 1923 1012 virtutem,
1940 981 1970 1006 ut

1125 1021 1305 1050 attentissime
1330 1022 1452 1050 attendat
1482 1022 1515 1051 ad
1537 1023 1599 1051 illos
1620 1023 1757 1060 fulgores,
1790 1027 1835 1058 ut,
1858 1025 1879 1053 si
1908 1025 1971 1053 dor-

1126 1068 1205 1102 miat,
1220 1076 1267 1097 cor
1283 1076 1365 1096 suum
1381 1068 1474 1105 vigilet
1488 1070 1691 1106 perspicaciter.
1708 1071 1784 1099 Multi
1806 1072 1878 1100 enim
1894 1076 1971 1106 sunt,

1125 1114 1172 1151 qui
1194 1118 1287 1143 amant
1308 1115 1538 1151 pulcritudinem;
1562 1117 1720 1152 pulcritudo
1740 1121 1833 1147 autem
1856 1127 1910 1147 non
1931 1123 1972 1147 est

1125 1161 1152 1189 in
1174 1162 1375 1195 exterioribus,
1397 1162 1443 1190 sed
1465 1162 1552 1198 ipsius
1573 1163 1692 1200 effigies;
1716 1172 1781 1193 vera
1795 1168 1889 1194 autem
1911 1166 1972 1203 pul-

1125 1208 1234 1237 critudo
1255 1212 1296 1237 est
1317 1209 1343 1237 in
1365 1209 1411 1237 illa
1432 1209 1619 1245 pulcritudine
1640 1211 1796 1247 sapientiae.

1204 1256 1249 1284 25.
1280 1256 1372 1284 Tertio
1402 1256 1570 1285 assimilatur
1599 1257 1653 1285 luci
1685 1258 1828 1287 stellarum
1859 1262 2013 1296 propterve
2028 1264 2089 1283 tertio-

1125 1302 1306 1332 radiationem
1335 1303 1506 1332 iucundam.
1537 1304 1681 1333 Baruchfl:
1704 1305 1805 1335 Stellae
1833 1307 1974 1336 dederunt

1126 1350 1218 1380 lace-m
1246 1351 1277 1379 in
1298 1351 1439 1380 custodiis
1466 1352 1529 1380 suis
1556 1356 1581 1380 ct
1602 1352 1724 1382 laetatae
1744 1358 1827 1388 sunt,
1857 1358 1974 1384 vocatae

1125 1402 1195 1427 sant
1215 1402 1239 1427 el
1259 1399 1415 1428 dixerant.-
1438 1400 1604 1435 Aclsumus,
1626 1405 1652 1429 et
1672 1401 1812 1430 luxerant
1838 1411 1905 1431 cum
1928 1403 1974 1431 iu-

1126 1446 1273 1474 cunditate
1293 1446 1320 1474 ei
1339 1447 1392 1484 qui
1410 1445 1478 1484 feeit
1499 1447 1574 1476 illas.
1597 1448 1642 1477 His
1662 1449 1753 1477 anima
1780 1453 1973 1487 comparatur,

1126 1492 1237 1530 quando
1265 1497 1380 1522 vocatur
1408 1502 1424 1522 a
1450 1494 1506 1523 Deo
1528 1502 1577 1531 per
1604 1495 1832 1532 inspirationem,
1860 1501 1887 1526 et
1916 1497 1975 1534 ipsa

1126 1540 1216 1569 currit
1236 1549 1287 1577 per
1309 1541 1490 1576 desiderium;
1506 1542 1532 1570 in
1555 1542 1660 1571 Psalmo
1672 1543 1695 1571 ⁹¹:
1711 1544 1849 1572 Laetatus
1862 1553 1929 1573 sum
1945 1545 1974 1573 in

1127 1586 1172 1616 liis
1193 1596 1267 1626 qaae
1287 1588 1365 1616 clieta
1386 1592 1455 1616 sunt
1475 1588 1564 1618 milei:
1586 1590 1617 1618 in
1638 1590 1757 1618 (lamam
1784 1591 1901 1620 Domini
1921 1591 1974 1620 ibi-

1128 1643 1201 1663 mas.
1224 1635 1365 1670 Gaudete,
1388 1636 1459 1674 quia
1473 1637 1595 1665 nomina
1616 1641 1712 1666 vestra
1726 1639 1838 1676 scripta
1858 1644 1928 1668 siml
1942 1640 1974 1668 in

1127 1682 1214 1711 caelis
1221 1693 1231 1716 ;
1246 1683 1312 1719 quia
1326 1691 1361 1711 ex
1383 1683 1483 1720 gaudio
1505 1684 1532 1712 in
1547 1684 1600 1713 illis
1621 1684 1868 1715 illuminationibus
1886 1687 1974 1716 nasei-

1127 1732 1174 1758 tur
1195 1729 1292 1757 lumen
1313 1729 1486 1767 imlefieiens.
1510 1731 1648 1761 Psalmus:
1671 1733 1716 1761 Ex
1737 1741 1785 1762 ore
1813 1733 1975 1771 infantium

1127 1779 1151 1804 et
1183 1776 1349 1804 lactentium
1367 1776 1518 1814 perfecisti
1549 1778 1673 1808 laudem.
1702 1781 1849 1816 Quoniam
1876 1781 1974 1811 videbo

1127 1822 1220 1851 caelos
1242 1827 1319 1858 taos,
1348 1832 1438 1861 opera
1464 1825 1625 1863 digitorum
1654 1831 1790 1863 zaoram,
1820 1829 1923 1858 limam
1950 1833 1976 1858 et

1126 1870 1236 1905 stellas,
1258 1879 1333 1909 qaae
1354 1876 1385 1900 ta
1412 1870 1566 1909 fandasti;
1587 1881 1659 1911 quae
1688 1875 1795 1904 radiant
1824 1876 1975 1906 radiatione

1127 1918 1278 1953 man-siva,
1300 1919 1521 1956 contemplativa
1546 1923 1572 1949 et
1600 1919 1805 1957 ltierarcliiea;
1827 1924 1874 1952 sed
1894 1924 1975 1953 debet

1127 1973 1187 1994 esse
1202 1973 1265 1994 cum
1282 1966 1397 2001 virtute,
1413 1975 1477 1996 cuin
1499 1967 1611 2003 decore,
1626 1977 1691 1997 cum
1704 1969 1883 2000 iucunditate.
1899 1971 1975 2000 Unde

1128 2012 1155 2041 in
1177 2013 1288 2042 Cantico
1300 2014 1338 2042 ¹⁰:
1362 2014 1537 2050 Pulcraes,
1553 2016 1651 2045 amica
1666 2025 1744 2052 mea,
1765 2017 1868 2046 suavis
1889 2022 1915 2046 et
1928 2018 1975 2047 de-

1128 2069 1216 2089 cora:
1245 2062 1316 2100 quia
1345 2062 1493 2097 ineunda,
1523 2063 1584 2092 ideo
1607 2064 1732 2098 suavts;
1763 2065 1828 2102 quia
1855 2065 1974 2100 deeora,

1128 2108 1188 2137 ideo
1206 2108 1330 2146 pulcra,-
1351 2109 1416 2147 quia
1443 2111 1595 2145 iita'nsiva,
1618 2111 1679 2140 ideo
1701 2112 1839 2141 terribilis
1867 2117 1900 2141 ut
1928 2122 1976 2142 ca-

1127 2159 1258 2183 strorum
1279 2156 1357 2184 acies
1378 2157 1526 2186 ordinata.

1206 2204 1251 2231 213.
1275 2203 1346 2232 Fecit
1367 2211 1433 2241 ergo
1454 2205 1528 2234 Deus
1548 2205 1592 2234 die
1613 2209 1713 2243 quarta
1724 2207 1810 2236 solem
1831 2211 1858 2236 et
1881 2208 1974 2237 lunam
1988 2213 2084 2237 Epilogus-

1127 2253 1153 2278 et
1174 2250 1281 2284 stellaS,
1304 2251 1370 2287 quia
1390 2251 1464 2280 Deus
1484 2252 1559 2281 dedit
1579 2253 1699 2288 animae,
1721 2257 1753 2283 ut
1768 2255 1867 2284 habeat
1886 2256 1976 2284 consi-

1127 2297 1296 2326 derationem
1310 2298 1361 2327 sui
1380 2299 1475 2336 ipsius
1490 2302 1517 2328 et
1540 2300 1683 2330 Ecclesiae
1697 2301 1851 2331 militantis
1865 2305 1892 2331 et
1913 2311 1975 2331 eae-

289 2462 296 2475 ¹
314 2463 369 2491 Cap.
388 2463 413 2484 2.
435 2463 476 2484 ¹5:
494 2462 557 2490 Quae
573 2468 617 2485 uon
629 2462 742 2491 quaesivit
754 2463 889 2486 muliebrem
904 2465 1013 2487 cultum...
1026 2469 1073 2488 crat

226 2503 287 2525 enim
306 2504 404 2524 formosa
422 2502 489 2524 xalde
506 2505 548 2524 cte.
565 2502 707 2531 Tertulliau.,
725 2504 739 2525 l.
757 2503 786 2525 de
803 2503 868 2526 Cultu
887 2505 989 2527 teminar.
1006 2511 1025 2527 c.
1044 2505 1073 2528 4:

225 2542 315 2566 Cultum
333 2542 433 2564 dicimus
449 2548 519 2570 quem
537 2541 653 2565 mundum
670 2542 808 2566 muliebrem
825 2547 915 2566 vocant.

289 2580 297 2593 ²
315 2581 370 2609 Cap.
390 2581 431 2608 ta,
453 2582 483 2603 9:
506 2581 553 2604 Vas
575 2585 702 2605 castrorum
725 2583 747 2605 in
766 2584 870 2609 cxcclsis,
889 2584 911 2606 iu
928 2585 1072 2607 firmamento

226 2621 281 2644 caeli
297 2621 445 2648 resplendens
462 2621 568 2647 eloriose.

289 2657 298 2671 ⁸
315 2659 378 2682 Cant.
395 2660 421 2687 6,
440 2661 461 2683 3.
479 2660 537 2683 ibid.
553 2660 575 2689 7,
596 2661 614 2683 l.
630 2664 664 2684 est
680 2668 728 2691 seq.
745 2662 815 2685 locus.

288 2698 298 2711 ⁴¹
315 2699 370 2727 Cap.
388 2701 414 2728 5,
432 2701 470 2723 20.

289 2737 298 2750 ⁶
317 2739 377 2761 Haec
394 2739 497 2761 Dionvsii
519 2739 602 2767 verba,
620 2746 679 2768 quae
701 2746 713 2762 a
731 2740 802 2764 BCD
818 2742 966 2771 omittuntur,
984 2743 1006 2765 in
1022 2743 1072 2765 eius

226 2777 337 2807 operibus
353 2784 399 2801 non
415 2779 561 2807 invenimus3
578 2780 617 2801 cfr.
636 2782 711 2802 tamen
728 2780 756 2803 de
773 2780 866 2803 Caelcst.
884 2782 1000 2804 llicrarcli.
1016 2789 1036 2805 c.
1054 2783 1072 2805 t.

227 2818 240 2846 ‘g
258 2819 283 2845 2,
302 2817 341 2840 ubi
358 2818 454 2844 dicitur,
472 2818 535 2847 quod
552 2818 582 2840 ab
598 2818 647 2846 ipsa
665 2819 781 2847 Scriptura
802 2820 950 2848 «symbolice
966 2821 1034 2844 nobis
1050 2825 1070 2844 ct

227 2857 355 2884 anagogice
373 2857 526 2879 manifestatas
543 2857 672 2880 caelestium
689 2858 819 2881 animorum
840 2860 1002 2882 hierarchias...
1019 2867 1072 2883 con-

227 2895 393 2923 siderabimus,
410 2899 432 2918 et
449 2896 599 2924 principalem
622 2899 643 2919 et
664 2898 883 2926 superprincipalem
906 2900 977 2922 <livini
1000 2900 1071 2923 Patris

227 2935 376 2958 claritatem...
393 2935 582 2958 immaterialibus
594 2939 616 2958 et
627 2942 675 2959 non
686 2936 840 2960 trementibus
851 2938 935 2961 menas
953 2939 1027 2962 oculis
1039 2946 1071 2962 rc-

227 2975 360 3003 spicientes,
378 2974 460 2996 iterum
477 2980 504 2996 ex
516 2975 564 3002 ipsa
578 2975 600 2997 in
612 2975 719 3003 simplum
732 2981 799 2998 suum
812 2977 954 3000 restituimur
970 2978 1070 3000 radium.

229 3015 315 3038 Etenim
332 3019 407 3042 neque
423 3013 472 3041 ipse
489 3020 587 3042 usquam
610 3021 711 3043 unquam
734 3014 856 3043 aliquando
877 3016 956 3039 radius
977 3018 1070 3045 propria

227 3053 336 3082 singulari
354 3053 438 3075 unitate
455 3052 591 3075 deseritur...
607 3057 751 3083 manetque...
769 3055 911 3078 uniformiter
927 3056 992 3086 simus
1009 3060 1031 3079 et
1048 3057 1068 3080 in

1130 2472 1167 2494 sc,
1184 2470 1296 2496 quantum
1315 2468 1347 2490 tas
1363 2470 1409 2496 est,
1431 2468 1578 2496 respicientes
1595 2469 1795 2497 proportionaliter
1812 2476 1835 2492 se
1852 2470 1885 2492 eis
1902 2473 1977 2492 exten-

1129 2506 1161 2528 dit
1185 2510 1206 2528 ct
1229 2507 1321 2529 unificat
1343 2508 1470 2530 secundum
1493 2508 1620 2536 simplicem
1646 2509 1682 2531 sui
1703 2509 1846 2531 unitatem».
1863 2521 1893 2526 —
1910 2510 1926 2531 E
1949 2510 1977 2532 le-

1131 2545 1178 2572 git:
1204 2545 1256 2569 Non
1279 2545 1388 2570 habentes
1413 2547 1526 2571 mentales
1554 2548 1648 2577 oculos,
1675 2548 1716 2572 secl
1735 2548 1887 2578 investiyator
1904 2549 1977 2572 ratio-

1130 2584 1167 2607 nis
1183 2587 1226 2607 etc.
1244 2586 1267 2607 ln
1284 2586 1300 2607 B
1318 2586 1346 2608 ad
1365 2587 1493 2614 marginem
1510 2587 1611 2615 positum
1628 2590 1676 2610 cst:
1693 2587 1808 2611 Habentes
1824 2589 1908 2612 ‘inmitis
1925 2595 1977 2612 ocu—

1130 2623 1178 2651 l03,
1200 2624 1288 2648 scilicet
1310 2625 1478 2655 inrestiyabilis
1504 2626 1618 2655 rotioan,
1643 2626 1709 2650 debet
1732 2634 1781 2650 esse
1804 2627 1870 2658 flatus
1895 2627 1977 2651 ordine

1129 2662 1235 2686 siderum
1245 2664 1278 2692 (t).

1192 2701 1201 2714 θ
1218 2704 1300 2726 Psalm.
1312 2705 1352 2731 83,
1365 2705 1387 2727 8.
1398 2717 1429 2722 —
1440 2705 1541 2728 Subinde
1554 2706 1675 2734 respicitur
1691 2706 1755 2729 Cant.
1772 2707 1797 2735 5,
1816 2708 1842 2729 2:
1859 2707 1907 2735 Ego
1924 2707 1975 2729 dor·

1129 2743 1188 2769 mio,
1205 2746 1227 2765 et
1243 2750 1282 2766 cor
1300 2751 1377 2767 meum
1395 2745 1481 2773 vigilat.
1498 2757 1529 2762 —
1546 2746 1666 2775 Aliquanto
1683 2747 1778 2769 interius
1800 2754 1842 2775 pro
1865 2747 1977 2777 infatiga-

1129 2781 1205 2805 biliter
1222 2784 1241 2805 G
1258 2782 1438 2807 imariabiliter.

1192 2820 1200 2834 '¹
1218 2822 1274 2850 Cap.
1292 2823 1333 2852 43γ
1355 2824 1430 2846 10.-
1447 2824 1492 2847 Csr.
1510 2825 1619 2852 August,
1637 2825 1666 2847 X.
1683 2825 1785 2848 Contess.
1802 2832 1821 2848 c.
1839 2825 1875 2848 34.
1894 2832 1914 2847 u.
1933 2826 1975 2850 53.

1129 2861 1169 2883 ubi
1186 2861 1263 2890 docet,
1281 2862 1446 2890 pulcritudines
1462 2864 1585 2886 exteriores
1601 2864 1681 2886 venii-c
1697 2871 1709 2886 a
1728 2865 1767 2887 Dei
1785 2865 1944 2893 pulcritudine.

1192 2899 1201 2912 ¹³
1218 2901 1272 2929 Cap.
1291 2902 1316 2930 3,
1335 2902 1372 2925 34.
1390 2909 1450 2931 seq:
1469 2903 1548 2925 Stellae
1565 2906 1641 2925 auten-1
1659 2904 1772 2926 dederunt
1789 2904 1865 2926 lumen
1883 2904 1904 2925 iu
1922 2908 1964 2925 etc.

1191 2938 1201 2951 ⁹
1218 2941 1298 2963 Psalm.
1320 2941 1368 2969 121,
1391 2942 1409 2964 l.
1428 2954 1458 2958 -—
1476 2942 1527 2971 Suq.
1550 2943 1613 2965 locus
1634 2946 1667 2965 cst
1684 2944 1738 2965 Luc.
1758 2943 1796 2970 10,
1815 2944 1856 2965 20:
1873 2942 1975 2965 Gaudete

1128 2981 1217 3007 autem,
1234 2980 1298 3008 quod
1315 2980 1406 3002 nomina
1424 2984 1471 3007 etc;
1484 2981 1563 3003 tertius
1575 2982 1640 3003 Eccli.
1653 2981 1693 3009 24,
1706 2982 1731 3003 6:
1743 2982 1790 3009 Ego
1804 2982 1844 3003 feci
1856 2982 1880 3003 in
1896 2982 1974 3009 caelis,

1128 3022 1150 3041 ut
1168 3019 1266 3041 oriretur
1282 3019 1360 3041 lumeu
1377 3020 1518 3042 indeficiens.
1535 3020 1639 3043 Subinde
1656 3021 1765 3048 allegatur
1783 3021 1817 3043 ΡΞ.
1836 3021 1861 3047 8,
1879 3021 1900 3042 3.
1917 3023 1939 3043 et
1954 3020 1975 3043 4.

1191 3056 1210 3070 ¹⁰
1227 3057 1282 3086 Cap.
1299 3059 1325 3086 6,
1344 3059 1375 3085 3,
1388 3058 1428 3081 nbi
1444 3059 1512 3081 etiam
1530 3066 1578 3088 seq.
1596 3060 1665 3082 locus.
