2285 3398
341 121 397 149 202

339 201 400 227 tum
421 197 533 235 expedit
553 197 586 226 de
614 197 673 234 ipso
704 196 807 225 habere
835 196 958 225 notitiam
989 196 1023 225 ad
1054 196 1188 230 salutem,

339 245 492 275 secundum
514 244 600 281 ipsius
622 243 822 278 latitudinem,
844 243 1070 281 lonqituctinetn,
1089 243 1189 271 altitu-

339 293 435 321 dinem
455 294 482 320 et
500 290 719 329 prosimdum‘,
746 290 851 319 habens
879 290 961 319 etiam
992 290 1052 327 ipsa
1082 290 1110 318 in
1138 297 1189 318 suo

339 347 487 377 progressu
517 339 584 367 haec
605 341 742 376 quatuor,
764 338 917 367 secundum
939 338 1013 376 quod
1027 336 1189 375 posteriu52

338 386 539 420 declarabitur3
562 386 629 425 quia
658 386 696 415 sic
728 386 857 424 exigebat
881 386 1001 415 conditio
1031 383 1190 422 capacitatis

339 434 491 467 humanae,
513 441 584 470 quae
604 441 704 470 inagna
725 435 753 462 et
772 433 861 462 multa
891 436 956 461 nata
983 436 1025 461 est
1044 431 1190 468 magnifice

221 489 287 508 Anima
301 484 364 509 estet
385 473 574 517 multipliciter
595 488 709 517 capere,
732 483 864 517 tanquam
885 479 1029 517 speculum
1051 477 1189 515 quoddam

197 513 291 539 speculum
298 518 329 530 no-

196 537 315 556 bilissimum.
339 527 557 562 nobilissimum,
579 527 606 556 in
628 536 685 565 quo
705 531 769 556 nata
800 531 842 556 est
872 526 990 555 describi
1022 533 1077 554 non
1098 524 1190 553 solum

337 574 510 609 naturaliter,
526 582 624 603 verum
645 574 728 603 etiam
751 573 1002 611 supernaturaliter
1017 579 1113 601 rerum
1128 570 1191 599 uni-

338 621 455 651 versitas
475 621 698 655 mundanarum;
713 624 745 650 ut
759 621 798 650 sic
816 627 982 658 progressus
1002 626 1097 648 sacrae
1118 618 1190 648 Scri-

338 672 438 706 pturae
468 668 628 697 attendatur
659 667 813 697 secundum
843 666 1011 704 exigentiam
1033 665 1190 703 capacitatis

338 716 485 744 humanae.

417 762 519 791 Status
539 770 606 791 vero
627 761 685 791 sive
706 761 816 790 fructus
837 769 931 790 sacrae
954 760 1115 798 Scripturae
1136 768 1190 789 non

225 818 253 837 De
266 818 326 842 ipsius
339 813 380 839 est
401 810 588 848 quicumque,
617 810 665 838 sed
687 809 837 847 plenitudo
868 813 1004 838 aeternae
1032 807 1189 846 felicitatis

195 844 245 885 2¹2⁸?ss
257 845 276 861 ει
288 842 327 860 ¹¹²¹*
338 857 405 886 Nam
427 857 495 886 haec
516 860 557 886 est
580 857 737 894 Scriptura,
759 857 786 885 in
817 865 874 894 qua
903 856 992 885 verba
1019 859 1088 885 sunt
1116 856 1191 884 vitae

338 901 473 933 aeternae
484 904 505 939 ³,
526 912 598 942 qnae
619 904 680 933 ideo
701 904 804 941 scripta
824 906 882 938 est,
904 912 962 933 non
978 903 1070 932 solum
1085 906 1117 932 ut
1131 910 1191 932 cre-

338 951 438 980 damus
447 975 454 986 ,
469 959 567 981 verum
589 951 671 980 etiam
686 954 718 980 ut
732 951 816 980 vitam
831 950 1022 988 possideamus
1036 953 1190 985 aeternam,

338 999 367 1028 in
381 1007 437 1037 qua
451 999 562 1037 quidem
584 999 740 1028 videbimus
749 1022 756 1034 ,
771 999 939 1033 amabimus,
954 1001 981 1028 et
996 998 1191 1027 universaliter

337 1049 433 1075 nostra
453 1046 589 1080 desideria
609 1046 817 1084 implebuntur;
847 1046 950 1084 quibus
971 1045 1103 1083 impletis,
1125 1053 1192 1074 vere

338 1095 405 1122 tunc
426 1093 545 1122 sciemus
565 1094 825 1131 supereminentem
851 1093 989 1122 scientiae
1019 1092 1191 1126 caritatem,

337 1143 365 1170 et
385 1141 423 1170 ita
444 1141 549 1178 impleti
570 1141 676 1170 erimus
697 1141 728 1170 in
756 1150 869 1170 omnem
897 1140 1108 1178 plenitudinem
1131 1138 1190 1167 Dei.

338 1188 377 1217 Ad
397 1196 481 1225 quam
502 1189 614 1226 quidem
645 1188 845 1226 plenitudinem
877 1190 994 1217 conatur
1025 1195 1076 1216 nos
1100 1186 1193 1214 divina

338 1235 516 1265 introducere
547 1236 707 1273 Scriptura,
739 1236 820 1264 iuxta
853 1234 1010 1272 praedictae
1041 1233 1192 1262 sententiae

197 1290 250 1310 rina
261 1290 329 1309 doetri-
341 1282 505 1318 apostolicae
536 1282 682 1311 veritatem
693 1282 713 1310 4.
736 1282 791 1310 Hoc
817 1281 903 1318 igitur
931 1280 1001 1314 fine,
1023 1280 1075 1308 hac
1103 1279 1192 1308 inten-

210 1319 246 1356 '3²33
260 1316 279 1332 ε’
288 1316 330 1333 ‘⁵²⁰‘
342 1329 416 1358 tione
437 1337 515 1358 sacra
536 1329 681 1366 Scriptura
702 1327 904 1365 perscrutanda
921 1330 962 1356 est
981 1330 1008 1356 et
1022 1326 1144 1356 docenda
1165 1329 1192 1355 et

342 1375 423 1405 etiam
445 1375 589 1404 audienda.

421 1423 453 1451 Et
467 1425 499 1452 ut
516 1422 551 1452 ad
572 1422 656 1451 istum
675 1422 799 1451 fructum
817 1425 844 1451 et
861 1422 1011 1451 terminum
1032 1424 1109 1450 recto
1129 1429 1192 1459 per-

199 1470 486 1521 osggnagggffiveniamus
516 1478 667 1507 progressu
700 1478 750 1506 per
781 1469 854 1498 viam
887 1469 955 1498 recti
986 1469 1093 1498 itineris
1120 1469 1192 1498 Scri-

182 1529 185 1533 ·
211 1526 329 1550 requiratur.
342 1521 507 1555 pturarum,
529 1517 717 1546 inchoandum
739 1519 781 1546 est
800 1517 836 1545 ab
857 1516 986 1550 exordio,
1008 1516 1061 1545 hoc
1082 1518 1139 1551 est,
1161 1519 1193 1545 ut

341 1573 405 1594 cum
433 1573 510 1594 mera
537 1565 613 1593 lide⁵
638 1564 672 1593 ad
694 1565 816 1593 Patrem
841 1564 989 1593 luminum
1012 1564 1192 1599 accedamus,

341 1612 476 1642 flectendo
506 1620 597 1650 genua
627 1612 718 1641 cordis
745 1611 849 1646 nostri,
871 1614 903 1640 ut
934 1611 993 1649 ipse
1023 1619 1074 1648 per
1094 1610 1193 1639 Filium

341 1668 424 1689 suum
449 1660 477 1689 in
503 1660 609 1697 Spiritu
636 1662 731 1688 sancto
761 1659 807 1688 det
834 1658 914 1688 nobis
941 1666 1037 1692 veram
1067 1657 1193 1687 notitiam

406 1861 414 1874 ¹
433 1863 484 1885 Vat.
503 1862 699 1892 profunditatem,
719 1868 780 1891 quae
802 1862 871 1884 etiam
894 1868 949 1884 eum
971 1862 1020 1885 aliis
1043 1862 1096 1885 edd.
1114 1864 1194 1884 contra

343 1902 572 1925 BCDEFGHLN
596 1902 729 1924 immediate
752 1905 805 1930 post
826 1901 943 1924 substituit
965 1902 1021 1931 Ipsa
1041 1901 1104 1924 enim
1126 1901 1196 1925 habet

344 1947 387 1969 pro
404 1940 491 1964 habens
508 1941 578 1964 eliam
596 1940 646 1970 ipsa
665 1941 715 1970 [lM
725 1941 743 1964 O
753 1942 771 1970 Q
783 1941 871 1965 habens
887 1941 959 1964 etlam
975 1942 998 1964 et
1014 1940 1078 1971 ipsa]
1085 1949 1095 1970 ‚·
1107 1941 1128 1963 in
1141 1940 1195 1963 sub-

343 1981 408 2003 nexis
430 1980 522 2008 plurimi
545 1980 615 2003 codd.
632 1980 717 2003 habent
736 1987 852 2010 processu
872 1986 914 2009 pro
934 1986 1078 2010 proqressu,
1097 1983 1119 2003 et
1136 1980 1195 2003 infra

344 2020 412 2042 etiam
433 2025 561 2049 processus
584 2026 626 2048 pro
646 2026 799 2049 propre-ssu&
823 2020 935 2049 Superius
960 2023 1013 2048 post
1034 2021 1152 2050 qnantum
1174 2020 1193 2042 K

344 2059 409 2081 addit
425 2058 556 2082 seczmdum
574 2058 644 2089 qumi,
668 2060 673 2081 1
695 2061 782 2088 tamen,
801 2066 861 2089 quae
879 2060 947 2082 etiam
966 2062 1019 2088 post
1040 2059 1126 2083 habere
1142 2059 1195 2082 sul)-

345 2098 419 2126 iungit
436 2097 533 2126 homini,
554 2098 570 2120 B
588 2097 736 2121 nomi‘imtim.

407 2136 416 2150 ²
434 2138 458 2160 ln
475 2144 541 2167 seqq.
558 2137 594 2166 (ῥῦ.

408 2176 417 2189 ⁹
435 2178 565 2206 RespIcitur
582 2178 643 2200 loan.
660 2178 682 2205 6,
694 2178 739 2200 69:
761 2187 771 2198 α
783 2179 905 2201 Domine...
921 2178 994 2201 verba
1011 2178 1072 2201 vitae
1090 2180 1196 2201 aeternae

349 2217 421 2240 habes
432 2226 455 2244 ι»,
472 2220 494 2240 ct
516 2217 571 2240 ibid.
588 2217 629 2244 20,
648 2218 672 2239 31
687 2225 692 2239 ;
714 2226 724 2237 ι(
736 2218 797 2240 Ilaec
819 2222 897 2241 autem
919 2218 1004 2247 scripta
1026 2221 1091 2245 sunt,
1108 2220 1133 2241 ut
1149 2224 1196 2240 crc-

346 2257 413 2284 datis,
429 2257 484 2286 quia
502 2257 563 2279 lesus
580 2259 615 2279 est
631 2256 735 2279 Christus
751 2257 820 2279 Filius
837 2258 885 2284 Dei,
902 2261 924 2280 ct
942 2261 966 2281 ut
982 2255 1104 2280 'credentes
1124 2258 1196 2280 vitam

346 2296 449 2319 habeatis
462 2296 484 2318 in
496 2296 591 2318 nomine
603 2296 652 2318 eius
661 2306 683 2318 a.
693 2296 776 2319 Verbis
787 2296 924 2325 videbimus,
938 2296 1073 2321 amabimus
1085 2297 1117 2327 [Ρ
1133 2300 1197 2320 recte

346 2335 411 2358 addit
428 2334 592 2365 laudabimus]
605 2336 740 2363 exprimitur
755 2337 866 2359 sententia
884 2337 982 2365 August.
993 2343 1064 2365 supra
1075 2343 1131 2365 pag.
1144 2338 1152 2359 1
1163 2338 1168 2359 l
1178 2337 1196 2364 l,

346 2377 401 2396 nota
419 2375 441 2397 l¹.
458 2375 532 2396 allata.
543 2386 574 2391 —-
586 2375 636 2396 Mox
656 2380 698 2402 pro
715 2374 805 2404 scripta
822 2377 856 2398 est
873 2376 934 2398 Eli<
945 2376 961 2398 L
978 2376 1068 2406 scripta
1084 2377 1148 2399 sunt.
1165 2376 1197 2398 ln-

347 2415 417 2436 t'erius
440 2416 493 2442 post
516 2413 683 2437 unirersalller
705 2414 738 2442 [M
761 2414 885 2444 ‘lazicen-sa]
907 2415 969 2442 edd„
987 2415 1197 2438 contradicentibus

346 2453 424 2480 codd„
436 2453 525 2475 addunt
542 2453 634 2481 onmia,
653 2455 675 2474 et
691 2455 744 2481 post
760 2453 883 2476 caritatem
896 2454 995 2476 Blcum
1013 2456 1074 2477 textu
1091 2455 1197 2483 originali

347 2492 421 2522 [Epli.
439 2493 464 2519 3,
483 2491 532 2521 ·19.]
550 2491 695 2520 subiungunt
711 2491 806 2515 Christi.

409 2530 419 2543 ⁴
436 2532 452 2554 P
469 2531 539 2555 iuncta
560 2531 708 2561 praedictam
729 2530 837 2560 Apostoll
856 2532 1031 2556 auctoritatem.
1047 2532 1101 2555 Post
1122 2539 1197 2561 pauca

348 2570 446 2593 vocibus
463 2570 508 2594 hac
525 2569 651 2594 intentione
669 2570 721 2593 Vat.
738 2573 760 2592 et
778 2570 798 2597 Ἰ,
817 2571 842 2597 2,
860 2571 873 2593 3
892 2571 1030 2594 interserunt
1047 2572 1126 2595 etiam.
1143 2573 1198 2595 luse-

347 2609 395 2632 rius
412 2616 454 2638 pro
471 2610 579 2639 fructum
596 2610 612 2632 L
629 2610 712 2639 sinam,
732 2609 797 2638 quod
813 2609 930 2632 substituit
946 2611 961 2632 P
980 2617 1022 2638 pro
1039 2610 1176 2634 let-minimi.

409 2649 418 2661 ⁵
437 2650 451 2672 S
473 2650 535 2672 Haec
557 2651 592 2672 est
611 2648 674 2671 enlin
691 2648 738 2677 tw,
757 2650 783 2671 ul
804 2654 858 2671 cum
877 2655 932 2671 cera
951 2649 986 2679 [11
1004 2651 1011 2672 Ι
1028 2650 1096 2672 etiam
1121 2657 1197 2679 vera,-

348 2695 409 2718 quae
427 2689 493 2712 lectio
511 2689 585 2717 magis
603 2687 689 2718 placet]
706 2687 758 2718 fide.
778 2688 873 2710 lnt'erius
896 2689 946 2711 Vat.
970 2689 1043 2719 ipsias
1066 2696 1108 2718 pro
1131 2690 1197 2719 eius;

347 2730 400 2750 ante
423 2729 538 2757 tanquam
562 2728 713 2750 ADFGllL
738 2727 847 2749 omittunt
868 2728 900 2755 el,
926 2734 952 2750 ae
978 2735 1025 2751 non
1042 2729 1109 2757 pauci
1128 2729 1197 2752 codd.

347 2772 431 2790 sacrae
449 2771 501 2789 ante
518 2767 667 2797 sompho-ae.
685 2767 736 2789 Vat.
752 2772 821 2789 nosse
839 2773 881 2794 pro
898 2773 994 2791 *noscere
1012 2771 1033 2791 et
1046 2768 1197 2799 profundita-

347 2807 393 2829 tem
411 2812 453 2834 pro
467 2806 617 2836 profundam
636 2807 707 2835 (idem
724 2806 821 2828 recurrit
838 2806 950 2835 inferius).

410 2843 420 2857 ⁸
438 2846 497 2868 Vide
521 2852 591 2874 supra
617 2840 709 2875 Quaest.
733 2846 763 2868 de
787 2845 881 2868 seientia
905 2845 1001 2874 Christi,
1018 2854 1041 2876 q.
1061 2847 1085 2870 7.
1106 2848 1128 2870 in
1151 2848 1197 2870 ssne

349 2890 413 2912 corp.
424 2896 456 2901 -—
467 2885 510 2907 Pro
532 2886 554 2908 et
575 2885 722 2908 eaecessicum
739 2885 783 2908 ΒΟ
804 2886 827 2908 et
847 2884 1083 2915 excellentissimum,
1108 2888 1160 2910 Vat.
1176 2889 1199 2911 et

349 2922 573 2946 excellenttssimam
589 2926 612 2947 ct
627 2924 784 2948 excessieum.

1092 116 1341 153 BREVILOQUIUM

1244 195 1305 223 lesu
1319 194 1420 223 Christi
1443 196 1470 223 et
1488 202 1552 223 cum
1566 194 1663 223 notitia
1676 203 1801 224 amorem
1816 197 1885 230 eius⁷
1900 200 1932 225 ut
1947 197 1985 226 sic
2004 198 2094 235 ipsum

1245 244 1441 278 cognoscentes
1462 244 1490 270 et
1510 244 1649 276 amantes,
1664 244 1692 270 et
1713 236 1845 279 tanquam
1867 243 1894 271 in
1915 244 1969 272 fide
1990 245 2096 273 solidati

1246 291 1273 316 et
1293 288 1326 316 in
1340 288 1465 316 caritate
1479 288 1619 322 radicati,
1642 288 1780 325 possimus
1801 288 1889 325 ipsius
1910 297 2004 319 sacrae
2025 291 2096 319 Scri-

1246 338 1346 372 pturae
1367 343 1481 364 noscere
1503 335 1700 370 latitudinem,
1723 335 1946 373 lonyiturlinein,
1967 336 2098 366 altitudi-

1245 391 1312 410 nem
1333 386 1360 411 et
1377 381 1579 419 profundum,
1599 385 1627 411 et
1648 390 1698 420 per
1718 383 1789 412 hanc
1808 383 1933 411 notitiam
1952 384 2097 420 pervenire

1245 428 1281 457 ad
1295 428 1481 465 plenissimam
1497 429 1622 458 notitiam
1634 433 1661 458 et
1671 429 1847 458 excessivum
1861 437 1986 458 amorem
1998 429 2098 459 beatis-

1246 475 1332 505 simae
1352 476 1494 506 Trinitatis
1505 477 1525 511 ⁶‚
1547 485 1604 514 quo
1624 477 1789 506 Sanctorum
1810 477 1947 506 desideria
1967 478 2097 512 tendunt,
2134 486 2186 504 Finis
2198 486 2242 505 uui-
2278 487 2280 489 ·

2082 525 2086 529 .
2112 515 2153 527 mus
2181 511 2241 529 omnis
2278 520 2279 523 π

1246 523 1275 552 in
1290 531 1346 560 quo
1361 526 1403 552 est
1416 527 1505 553 status
1519 527 1546 553 et
1557 524 1790 562 complementum
1805 525 1894 553 omnis
1909 525 1967 554 veri
1983 528 2010 554 et
2025 525 2097 553 bom.
2112 533 2240 552 xeriethoni.

1327 570 1435 599 Huius⁷
1456 578 1551 600 sacrae
1571 571 1731 608 Scripturae
1756 570 1813 608 fine
1840 571 1987 608 concupito
2011 574 2038 600 et
2059 571 2101 599 in-

1248 620 1338 652 tento,
1360 620 1388 647 et
1405 618 1553 656 principio
1572 618 1677 648 credito
1691 618 1774 647 simul
1795 621 1823 647 et
1843 618 1984 653 invocato,
2006 618 2100 647 viden-

1246 665 1300 694 dus
1321 668 1362 694 est
1380 670 1556 703 proyressus
1577 669 1715 703 quantum
1736 665 1769 694 ad
1792 665 1879 702 ipsius
1899 665 2099 700 latitudinem,
2120 674 2243 702 ne-proares-

1248 711 1474 750 lonyitudinein,
1496 712 1704 741 sublimitatem
1725 715 1751 741 et
1772 711 1977 749 profumluin,
1996 711 2098 741 ¹secun-
2111 703 2242 745 Ξῗιηῖἶῖἕτῃὲἕῖιῗ

1247 759 1314 788 dum
1337 760 1410 788 viam
1431 763 1459 789 et
1479 760 1604 789 ordinem
1626 759 1767 797 apostolici
1789 759 1955 788 documenti.
2112 746 2220 765 *mmmm

1327 808 1456 837 Consistit
1477 811 1570 837 autem
1595 808 1682 845 ipsius
1711 807 1834 835 latitudo
1862 807 1890 835 in
1921 807 2099 837 multitudine

1248 864 1364 885 suarum
1385 856 1524 893 partium,
1546 855 1694 893 lonqituclo
1709 862 1776 883 vero
1790 854 1816 882 in
1832 854 2016 891 descriptione
2030 859 2100 885 tem-

1247 912 1348 941 porum
1371 907 1398 932 et
1419 906 1558 937 aetatum,
1579 903 1702 931 altitudo
1724 902 1751 930 in
1779 901 1964 938 descriptione
1993 903 2100 932 hierar-

1248 951 1375 980 chiarum
1397 950 1532 988 gradatim
1553 950 1758 984 ordinatarum,
1777 948 1972 986 profunditas
1986 951 2014 979 in
2028 952 2101 980 mul—

1249 997 1366 1027 titudine
1378 997 1388 1014 8
1410 997 1591 1034 mysticorum
1613 1004 1746 1026 sensuum
1761 999 1789 1025 et
1807 996 2059 1034 intelligentiarum.

1360 1093 1378 1127 §
1402 1093 1426 1119 1.
1449 1091 1490 1119 De
1511 1091 1663 1120 latitudine
1683 1099 1789 1119 sacrae
1810 1090 1991 1128 Seripcurae.

1329 1185 1354 1213 si
1377 1184 1462 1221 igitur
1483 1185 1601 1213 velimus
1621 1185 1804 1213 latitudinem
1826 1192 1920 1214 sacrae
1941 1186 2100 1223 Scripturae

1249 1232 1402 1269 speculari,
1425 1232 1515 1269 prima
1536 1232 1626 1261 fronte
1646 1232 1770 1261 occurrit
1790 1232 1870 1261 nobis
1895 1233 2038 1270 Scriptura
2059 1243 2100 1264 se-
2113 1242 2185 1261 Divisio
2198 1242 2236 1267 pri-

1249 1279 1336 1308 canda
1363 1279 1390 1308 in
1419 1279 1474 1308 duo
1500 1283 1679 1314 testamenta,
1702 1280 1806 1309 scilicet
1836 1280 1862 1308 in
1892 1283 1972 1309 vetus
1999 1284 2027 1310 et
2053 1290 2102 1310 uo-
2152 1271 2189 1285 Μ’

1249 1335 1325 1356 vum.
1350 1343 1385 1347 -—
1408 1326 1494 1356 Vetus
1521 1329 1615 1355 autem
1647 1327 1771 1356 occurrit
1786 1327 1796 1343 ⁹
1828 1335 1892 1356 cum
1924 1328 2102 1358 multitudine
2114 1336 2228 1356 neruosa·

1249 1374 1398 1403 librorum.
1421 1374 1506 1403 Habet
1526 1374 1599 1403 enim
1622 1374 1707 1403 libros
1729 1374 1848 1412 leyales,
1864 1374 2038 1410 historiales,
2053 1384 2102 1404 sa-
2137 1360 2205 1379 cumh'

1246 1421 1401 1460 pientiales
1421 1425 1449 1451 et
1466 1420 1666 1459 prophetales,
1688 1422 1726 1451 ita
1740 1422 1815 1459 quod
1826 1422 1922 1460 primi
1942 1425 2008 1451 sunt
2021 1422 2102 1460 quin-

1249 1477 1320 1506 que,
1342 1469 1463 1497 secundi
1483 1469 1594 1503 decem,
1616 1470 1697 1498 tertii
1717 1469 1841 1507 quinque
1866 1473 1894 1498 et
1914 1469 2017 1508 quarti
2037 1472 2102 1498 sunt

1250 1524 1317 1551 sex,
1332 1524 1364 1545 ac
1379 1524 1429 1552 per
1450 1516 1503 1544 hoc
1524 1516 1551 1544 in
1566 1517 1703 1545 uniuerso
1719 1517 1813 1554 viginti
1830 1525 1881 1546 sex
1893 1517 1924 1545 ¹⁰.
1942 1533 1978 1538 —
1993 1517 2101 1550 Novum
2114 1524 2186 1552 Divisa
2199 1526 2238 1544 ter-

1250 1565 1447 1595 testamentum
1469 1563 1595 1592 similiter
1617 1564 1701 1593 habet
1721 1564 1807 1593 libros
1822 1564 1865 1593 his
1884 1562 2102 1601 corresponden-
2155 1551 2189 1568 ω’

1251 1613 1291 1638 tes
1312 1609 1465 1638 secundum
1487 1609 1698 1647 quadruplicem
1719 1611 1845 1640 formam.
1874 1611 1941 1640 Nam
1962 1610 2103 1648 leqalibns

1250 1655 1468 1693 correspondent
1492 1656 1556 1685 libri
1580 1658 1744 1695 evangelici,
1769 1657 1988 1692 historialibus,
2017 1658 2101 1687 Actus

1314 1859 1323 1872 ⁷
1341 1861 1357 1883 E
1379 1859 1504 1888 praemittit
1527 1861 1637 1888 tanquam
1662 1859 1779 1883 rubricam
1806 1861 1839 1884 De
1860 1867 1993 1891 propri-ssu
2020 1868 2104 1885 sacrae

1251 1900 1402 1930 Scripturae.
1419 1900 1469 1922 Mox
1487 1899 1565 1927 plures
1582 1899 1652 1922 codd.
1669 1900 1777 1923 omittunt
1792 1900 1874 1924 simul.

1315 1939 1324 1952 Β
1342 1940 1361 1968 Q
1376 1940 1396 1962 V
1420 1938 1606 1968 multiplicitate,
1628 1940 1697 1968 quod
1726 1940 1794 1962 etiam
1821 1940 1916 1963 inferius
1942 1940 1964 1963 in
1990 1941 2104 1970 principio

1252 1980 1265 2009 S
1283 1980 1304 2003 4.
1322 1979 1427 2002 habetur.
1445 1978 1488 2000 Pro
1505 1977 1605 2001 altitudo
1622 1978 1630 2000 l
1646 1976 1787 2003 sablimitas.

1315 2018 1325 2031 ⁹
1343 2020 1360 2042 Α
1378 2019 1471 2047 supplet
1487 2017 1561 2041 nobis.

1316 2057 1336 2071 ¹⁰
1354 2059 1462 2088 Quinque.
1479 2057 1530 2080 libri
1549 2056 1635 2087 leyales
1653 2060 1721 2080 sunt:
1739 2058 1845 2086 Genesis,
1858 2060 1963 2088 Exodus,
1975 2061 2104 2089 Levhieus,

1253 2099 1359 2126 Numeri,
1377 2097 1599 2124 Deuteronmninm;
1617 2097 1699 2119 decem
1716 2097 1851 2121 historiales
1868 2103 1936 2122 sunt:
1954 2101 2031 2128 losue,
2048 2101 2105 2123 ludi-

1253 2145 1321 2166 cum,
1343 2138 1393 2161 libri
1419 2140 1519 2167 quatuor
1545 2137 1649 2164 Regum,
1674 2135 1724 2159 libri
1750 2137 1943 2165 Paralipomenon
1968 2139 2028 2166 duo,
2053 2138 2104 2161 libri

1253 2178 1340 2201 Esslrae
1361 2180 1419 2205 tres,
1437 2176 1487 2199 libri
1509 2169 1612 2203 Tobiae,
1628 2175 1715 2203 luditli,
1732 2176 1819 2202 Esther,
1837 2176 1876 2198 lob
1899 2180 1921 2199 et
1944 2177 1994 2199 libri
2017 2178 2106 2200 Macha-

1253 2218 1366 2240 baeorum
1390 2218 1452 2245 duo;
1476 2217 1580 2245 quinque
1601 2214 1766 2245 sapientiales:
1788 2215 1927 2243 parabolae,
1944 2217 2104 2245 Ecclesiastes,

1253 2257 1360 2285 Cantica,
1382 2257 1440 2280 liber
1463 2256 1593 2284 Sapientiae
1619 2254 1852 2282 et=Ecctesiasticus;
1875 2261 1915 2278 sex
1934 2256 2103 2286 prophetales,-

1254 2296 1336 2323 lsaias,
1359 2295 1479 2323 Ieremias,
1502 2294 1618 2321 Ezechiel,
1645 2293 1737 2320 Daniel,
1760 2293 1817 2316 liber
1842 2294 1986 2317 Psalmorum
2009 2297 2031 2317 et
2053 2295 2104 2318 libri

1254 2335 1380 2358 duodecim
1403 2336 1571 2363 Prophetarum
1594 2333 1711 2355 minorum
1729 2332 1773 2362 (ita
1790 2332 1926 2356 exhibentur
1949 2334 1999 2356 libri
2019 2335 2104 2358 veteris

1255 2375 1383 2397 testamenti
1402 2375 1423 2397 in
1441 2374 1553 2402 Centiloq.
1570 2379 1594 2401 p.
1605 2373 1638 2395 ΙΙΙ.
1655 2374 1710 2395 sect.
1730 2373 1767 2399 32,
1783 2372 1847 2401 quod
1864 2374 2004 2401 opusculum
2022 2375 2105 2397 hucus-

1254 2421 1301 2443 que
1324 2415 1479 2437 commuuitcr
1501 2415 1524 2436 S.
1546 2413 1722 2436 Bonaventurae
1744 2411 1938 2442 adiudicabatur).
1959 2413 2006 2436 Cir.
2026 2416 2103 2436 tamen

1254 2453 1325 2477 Cone.
1343 2455 1447 2477 Trident.
1464 2460 1521 2476 sess.
1533 2452 1559 2480 4,
1575 2451 1614 2475 ubi
1626 2454 1758 2474 recensetur
1775 2454 1863 2474 tantum
1882 2451 1939 2474 liber
1956 2453 2041 2475 Esdrae
2054 2453 2104 2483 pri-

1254 2500 1310 2516 mus
1327 2495 1349 2517 el
1364 2493 1482 2517 secundus
1496 2493 1552 2522 (non
1564 2492 1633 2521 tres),
1648 2491 1740 2514 additur
1757 2490 1815 2513 liber
1831 2491 1893 2514 Ilulh
1910 2494 1932 2514 et
1949 2492 2032 2514 ‹licitur
2049 2493 2105 2515 lere-

1254 2533 1313 2556 mias
1329 2540 1385 2557 cum
1401 2533 1507 2557 Bai-ach.
1518 2545 1549 2549 —
1560 2533 1592 2555 Ex
1609 2532 1707 2559 prologo
1724 2530 1817 2553 Hieron.
1835 2531 1857 2552 in
1875 2531 1890 2553 l.
1907 2531 1964 2558 llcg.
1981 2532 2104 2559 colligitur,

1255 2572 1339 2596 librum
1351 2574 1412 2596 Ruth
1424 2573 1595 2596 consideratum
1608 2571 1678 2594 fuisse
1690 2573 1715 2593 ut
1726 2573 1815 2598 partem
1833 2570 1883 2592 libri
1896 2571 2011 2598 Indicum,
2028 2580 2037 2591 α
2050 2572 2104 2600 quia

1255 2612 1277 2634 in
1296 2612 1379 2635 diebus
1396 2613 1500 2635 ludit-um
1525 2614 1582 2634 sacta
1600 2611 1648 2633 eius
1666 2612 1770 2632 narratur
1787 2609 1880 2632 historia
1891 2618 1913 2636 ιι;
1932 2610 2016 2632 mirum
2035 2610 2104 2639 igitur

1255 2658 1301 2674 non
1313 2652 1367 2679 erit,
1380 2653 1444 2681 quod
1459 2652 1509 2680 ipsc
1521 2652 1543 2674 in
1556 2652 1689 2679 praenotata
1701 2649 1874 2671 enumeratione
1891 2648 2003 2672 librorum
2020 2650 2105 2673 teter-is

1255 2692 1383 2714 testamenti
1401 2692 1529 2721 specialiter
1546 2696 1593 2713 non
1614 2689 1754 2712 nominetur.
1766 2689 1833 2717 Quod
1850 2689 1929 2711 attinet
1946 2689 1975 2712 ad
1992 2690 2102 2719 Baruch,

1255 2734 1344 2753 constat
1361 2737 1388 2753 cx
1406 2731 1497 2759 seriptis
1514 2729 1632 2758 seraphici
1655 2728 1771 2755 Doctoris,
1793 2728 1865 2750 rerba
1885 2728 2013 2756 Prophetae
2034 2736 2105 2757 saepe

1254 2771 1348 2799 saepius
1360 2777 1411 2793 esse
1422 2771 1452 2793 ab
1464 2771 1514 2799 ipso
1529 2771 1634 2797 allegata.
1646 2768 1745 2791 Demum
1755 2770 1861 2796 respectu
1874 2767 1938 2791 tertii
1948 2767 2004 2791 libri
2012 2768 2105 2792 Esdrae

1254 2809 1420 2838 subiungimus
1443 2810 1513 2839 >quod
1535 2809 1585 2838 ipse
1601 2807 1636 2838 [et
1658 2807 1763 2837 quartus]
1781 2807 1936 2830 communiter
1957 2807 1978 2829 in
2004 2808 2050 2829 ssne
2066 2807 2104 2830 ed.

1254 2849 1368 2877 Vulgatae
1385 2849 1514 2872 exhibetur.
1523 2861 1555 2866 —
1566 2848 1650 2871 Notum
1662 2849 1708 2875 est,
1723 2849 1776 2875 post
1787 2846 1891 2870 Trident.
1902 2846 2030 2869 Concilium
2043 2852 2104 2869 nunc

1255 2888 1278 2910 in
1295 2889 1380 2911 scholis
1396 2889 1468 2916 vulgo
1480 2887 1597 2911 numerari
1616 2886 1644 2909 46
1663 2886 1709 2915 (vel
1726 2886 1763 2914 45,
1780 2886 1799 2909 si
1816 2885 1902 2909 Threni
1920 2886 2030 2908 uniuntur
2048 2892 2102 2908 cum

1254 2927 1358 2956 Ieremia)
1376 2927 1426 2950 libri
1444 2927 1529 2950 veteris
1546 2927 1574 2950 T.
1590 2929 1613 2949 et
1629 2926 1659 2949 27
1677 2926 1731 2949 novi
1749 2926 1778 2949 T.
