2285 3398
25 630 100 657 sicarius
108 630 142 656 *di-

24 659 66 672 ΙΙΉΙΕ
88 658 141 672 mise·

22 677 97 696 ationis.

24 1143 140 1162 Exhortatio.

45 1750 137 1771 Secundo.

4 1772 107 1798 ,Sapientia
114 1774 141 1792 iu-

8 1799 93 1816 Carnam.

719 175 761 203 DE
784 174 881 203 DOle
903 174 1046 203 Sl’llllTUS
1068 175 1092 202 S.
1115 174 1276 203 COLlA'l'lO
1299 175 1337 203 lll.

155 252 253 286 simas,
269 252 520 281 excellentissimus
542 255 632 281 tamen
648 255 689 280 cst
705 252 730 280 in
747 253 797 281 ista
819 252 1001 289 proprietate,

155 298 258 327 scilicet
279 299 405 335 pietatis3
428 299 501 327 unde
522 299 624 327 dicitur
646 299 672 326 in
694 299 817 327 oratione
830 300 858 327 ³:
885 299 1001 333 «Deus,

155 344 199 373 rui
222 345 367 382 proprium
388 348 429 374 est
451 345 577 374 misereri
599 353 707 381 semper
734 348 760 373 et
783 353 896 382 parcere
912 357 924 369 υ
950 347 1001 373 etc.

156 390 187 419 Et
208 391 234 419 in
257 391 463 420 Ecclesiastico:
486 391 561 419 Pius
582 395 605 419 et
627 391 795 420 misericors
818 392 910 425 Deus,
926 394 951 419 ct
973 391 1003 419 in

155 440 279 474 tempore
300 438 500 466 tribulationis
524 441 645 474 peccata
673 438 791 466 (limittit
816 442 839 466 et
859 440 1003 475 protector

154 488 194 512 est
215 484 350 512 omnibus
376 484 595 522 emqairentibus
616 492 645 512 sc
667 484 697 512 in
720 484 845 513 ueritate.
869 500 905 505 -—
928 483 1002 512 Pius

154 534 193 559 est
207 534 233 559 et
246 531 424 564 misericors,
440 531 505 567 quia
523 530 612 567 parcit
633 533 659 558 et
681 531 807 567 protegit.
824 531 894 559 Dicit
911 530 1002 559 Domi-

155 585 208 605 nus
217 577 242 604 22
261 577 408 612 Quomodo
422 577 577 605 miseretur
588 580 674 613 pater
688 577 829 614 filiorum,
844 578 886 606 sic
900 577 1001 605 miser-

156 627 202 651 tas
220 632 288 652 sum
310 624 361 652 tui.
378 640 414 644 —
430 624 538 660 Quaere
559 624 651 651 omnia
673 632 757 660 opera
775 624 822 653 Dei
837 632 853 652 a
868 623 1002 660 principio

156 678 244 706 usque
266 671 292 699 in
315 671 413 704 finem,
429 678 537 707 semper
556 670 678 699 invenies
695 671 868 707 operationes
889 670 1002 698 misera-

155 717 235 745 tionis
257 725 385 753 magnas,
407 717 525 745 maiores
552 720 580 745 et
608 717 750 746 maximas.
774 719 885 754 Magnae
905 724 1002 754 opera-

156 763 243 791 tiones
264 764 448 792 miserationis
467 763 575 792 divinae
591 767 655 792 sunt
670 765 843 800 operationes
856 767 1002 797 naturae;

155 810 272 839 maiores
292 810 466 847 operationes
487 809 671 839 miserationis
692 810 800 839 divinae
820 813 886 839 sunt
905 817 1002 846 opera—

157 857 242 885 tiones
261 857 395 894 gratiae,
424 856 470 885 sed
499 856 638 885 maximae
659 857 831 893 operationes
853 858 918 885 sunt
938 864 1001 893 ope-

157 903 276 931 rationes
295 903 416 940 yloriae.
440 902 524 931 Audi!
548 910 577 931 es
599 902 687 939 imago
709 903 776 936 Dei;
805 905 831 931 et
853 903 942 939 imago
962 902 1002 930 di-

155 950 227 978 eitur
256 949 334 986 quasi
364 949 516 986 imitagosst
539 949 624 985 igitur
645 950 665 977 si
688 958 752 978 vere
774 958 803 978 es
825 949 913 985 imago
938 949 1001 983 Dei,

155 996 238 1025 debes
260 1000 285 1025 te
307 997 481 1034 configurare
502 996 558 1024 Deo
581 996 607 1024 in
630 996 737 1032 pietate.
761 996 835 1025 Unde
856 996 883 1023 in
913 996 1002 1024 Eccle-

155 1043 282 1072 siastico:
308 1044 341 1071 ln
363 1043 522 1071 iudicando
543 1046 600 1070 esto
626 1043 748 1080 papillis
775 1041 942 1070 misericors
970 1045 1003 1069 ‘ut

153 1094 239 1127 pater
260 1094 284 1119 et
302 1099 360 1127 pro
384 1090 446 1118 viro
462 1090 553 1118 matri
569 1090 707 1122 illorum;
722 1093 746 1118 et
760 1089 818 1117 eris
835 1087 908 1116 uelut
922 1087 1002 1124 silius

155 1137 302 1165 Altissimi
321 1137 461 1171 obediens,
484 1140 508 1164 el
528 1136 713 1164 miserebitur
736 1136 786 1164 tui.
810 1151 846 1155 -
869 1134 904 1162 In
926 1133 1001 1162 iudi-

153 1184 257 1217 cando,
270 1183 296 1212 id
311 1187 353 1212 est
367 1183 394 1212 in
410 1183 525 1212 fovendo
544 1183 602 1216 ius,
618 1187 675 1211 esto
687 1182 810 1220 pupillis
823 1181 1001 1214 misericors,

153 1231 256 1259 scilicet
272 1234 302 1259 ut
317 1230 354 1259 sis
376 1238 440 1259 vere
460 1229 540 1267 filius
556 1230 708 1258 Altis-simi.
725 1228 839 1266 Quando
853 1228 927 1256 Deus
944 1227 1002 1264 glo-

154 1277 244 1306 riosus
266 1278 433 1314 compatitur
454 1277 481 1305 in
503 1277 634 1311 miseros;
651 1284 737 1314 quare
760 1279 789 1304 tu
808 1283 862 1303 non
885 1274 1002 1303 imitaris

154 1324 270 1361 ipsum?
292 1324 318 1352 Si
340 1327 412 1353 esset
432 1324 532 1361 aliquis
557 1323 633 1357 fons,
661 1324 709 1360 qui
737 1323 838 1351 faceret
865 1322 1002 1350 virescere

154 1371 260 1408 plantas
272 1371 446 1405 desiccata&
461 1371 580 1399 multum
599 1370 811 1407 appretiaretur.
827 1368 923 1396 Anima
944 1368 1002 1397 sine

153 1417 253 1454 pietate
276 1418 358 1446 habet
379 1417 486 1454 plantas
506 1417 663 1446 desiccatas.
685 1415 797 1444 Fluvius
818 1414 1003 1443 miserationis

153 1464 261 1492 divinae
276 1463 462 1500 copiosissime
478 1471 506 1492 se
521 1463 639 1491 infundit
653 1465 681 1491 et
694 1462 758 1490 facit
773 1461 910 1490 virescere
924 1461 1001 1498 plan-

154 1514 194 1539 tas
216 1513 348 1539 mortuas.
377 1511 470 1538 Nonne
494 1512 617 1546 oportet,
639 1508 713 1546 quod
734 1512 766 1537 tu
787 1508 947 1537 introducas
974 1508 1002 1536 in

152 1557 272 1585 animam
301 1560 377 1586 tuam
404 1557 482 1585 illum
512 1556 651 1584 fluvium?
673 1555 725 1584 Sed
753 1563 808 1583 non
836 1558 914 1592 potes
938 1563 1002 1584 eum

153 1604 329 1633 introducere
350 1604 401 1632 nisi
424 1611 473 1640 per
495 1604 632 1641 pietatem.
648 1603 841 1640 Prima'igitur
862 1602 1003 1640 originalis

153 1650 296 1679 influentia
317 1650 426 1687 pietatis
446 1653 488 1679 est
509 1659 525 1679 a
545 1650 679 1679 Trinitate
700 1650 830 1678 increata.

234 1698 277 1725 12.
300 1697 426 1726 Secunda
451 1697 596 1726 influentia
610 1697 765 1734 originalis
786 1697 874 1734 ipsius
894 1697 1003 1733 pletatis

152 1747 193 1773 est
212 1752 228 1772 a
249 1744 402 1781 Sapientia
424 1745 595 1773 incarnata.
611 1744 687 1773 Unde
705 1744 850 1780 Apostolus
864 1743 898 1772 ad
912 1744 1003 1772 Timo-

152 1791 289 1820 theum4:
323 1790 476 1828 Manifeste
506 1800 650 1829 maynum
678 1791 798 1828 pietatis
829 1794 868 1819 est
899 1799 1002 1819 sacra-

152 1841 299 1871 mentum,
321 1838 398 1875 quod
419 1836 640 1874 manifestatum
671 1841 711 1865 est
739 1838 770 1865 in
792 1845 897 1871 carne,
919 1837 1004 1865 iusti-

152 1884 273 1921 ficatum
295 1884 326 1912 in
346 1884 473 1921 spiritu,
489 1884 633 1921 apparuit
647 1884 783 1921 Angelis,
797 1885 1004 1921 praedicatum

153 1935 194 1959 est
211 1931 355 1969 yentibus,
371 1930 515 1959 creditum
535 1934 575 1958 est
597 1931 628 1958 iu
648 1931 768 1965 mumto,
784 1935 949 1959 assumtum
964 1935 1005 1959 est

153 1978 185 2006 in
204 1978 310 2014 yloria.
334 1977 494 2013 Mysterium
517 1977 713 2013 redemptionis
738 1977 876 2006 humanae
901 1977 1003 2006 factum

153 2031 202 2060 per
224 2023 348 2052 Verbum
370 2023 544 2051 incarnatum
566 2025 594 2051 et
608 2023 777 2052 crucifixum
798 2026 839 2052 est
860 2032 1004 2061 magnam

150 2069 267 2106 pietatis
288 2072 520 2097 sacramentum.
537 2085 573 2089 --
590 2069 676 2103 Dicit,
692 2069 766 2105 quod
779 2068 1002 2106 manifestatum

153 2120 193 2145 est
213 2116 245 2144 in
266 2124 364 2149 carne,
387 2123 436 2152 per
457 2115 690 2154 incarnationeni;
706 2115 899 2152 iustificatam
913 2119 952 2144 est
972 2116 1003 2144 in

153 2164 272 2201 spiritu,
288 2164 316 2192 in
331 2163 423 2192 crucis
441 2162 580 2199 patibulo;
596 2162 739 2199 apparuit
753 2162 881 2199 Anqelis,
897 2162 924 2190 in
945 2162 1002 2199 glo-

154 2210 322 2244 rificatione;
335 2209 544 2247 praedicatum
558 2212 599 2237 est
611 2208 753 2246 gentibus,
765 2209 793 2237 in
808 2209 927 2246 Spiritus
941 2217 1003 2238 san-

154 2258 191 2287 cti
211 2257 359 2291 missione;
382 2256 525 2285 creditum
546 2256 631 2284 estin
652 2255 777 2291 mundo,
797 2265 847 2294 per
867 2257 1003 2286 dilatatio-

154 2312 217 2334 nem
240 2304 318 2338 fidei3
334 2306 500 2332 assumtum
514 2306 554 2331 est
569 2303 600 2331 in
612 2302 720 2340 gloria,
735 2311 785 2341 per
799 2311 917 2333 examen
934 2304 1002 2333 fina-

219 2526 227 2539 ¹
245 2527 314 2556 Apud
339 2529 436 2555 Gregor.
454 2527 477 2549 in
502 2526 559 2549 libro
586 2527 800 2555 Sam-umentorum,
817 2529 890 2552 oratio
908 2529 929 2552 4.
945 2530 1003 2553 inter

155 2567 271 2590 orationes
288 2573 330 2595 pro
349 2567 450 2594 peccatis
468 2566 514 2595 (ed.
526 2567 614 2595 llligne,
626 2567 708 2589 Patrol.
719 2568 757 2590 lat.
769 2571 823 2590 tom.
835 2568 874 2591 78.
885 2569 928 2591 col.
941 2569 1003 2598 197).

157 2607 179 2629 S.
196 2607 284 2628 Bonav.
302 2606 325 2628 in
342 2606 442 2634 Exposit.
459 2605 509 2628 libri
528 2605 657 2633 Sapientiae
676 2606 715 2634 12,
734 2606 770 2629 15.
787 2607 829 2630 ait:
847 2607 925 2630 Virtus
942 2608 1002 2630 enim

156 2645 198 2667 Dei
214 2648 249 2667 est
265 2645 350 2673 pietas,
368 2645 497 2667 secundum
515 2644 570 2667 illud
593 2645 710 2672 Gregorii:
732 2645 805 2674 Deus⁷
823 2647 859 2668 cui
882 2647 1003 2675 proprium

156 2687 191 2707 est
207 2684 312 2706 misereri
329 2690 421 2712 semper
438 2686 461 2706 et
478 2689 581 2712 parcere.
591 2695 623 2700 —
636 2684 688 2713 Seq.
704 2684 768 2707 locus
790 2688 824 2708 est
839 2686 906 2708 Eecli.
923 2686 948 2713 2,
967 2686 1004 2708 13.

220 2721 228 2735 ²
247 2723 329 2745 Psalm.
348 2722 403 2745 102.
418 2723 459 2745 13;
477 2722 600 2750 Quomodo
617 2723 738 2746 miseretur
755 2726 819 2751 pater
836 2724 946 2752 tiliorum,
964 2725 1004 2747 mi-

158 2764 233 2784 sertus
250 2764 284 2783 est
300 2761 412 2783 Dominus
435 2761 569 2784 timentibus
586 2767 619 2784 se.
635 2762 685 2784 lsai.
702 2762 744 2789 54,
762 2763 788 2785 8:
805 2764 828 2785 ln
845 2764 1003 2786 misericordia

157 2800 298 2828 sempiterna
316 2799 422 2822 misertus
439 2806 491 2822 sum
509 2800 554 2827 tui,
571 2800 627 2823 dixit
642 2801 776 2829 redemptor
793 2804 845 2824 tuus
862 2802 981 2824 Dominus.

220 2837 229 2850 ³
246 2838 306 2861 Vide
323 2841 379 2861 tom.
396 2839 412 2861 l.
428 2845 483 2867 pag.
501 2839 558 2866 540,
574 2842 628 2862 nota
647 2840 668 2862 1.
684 2840 786 2869 Aristot.,
803 2841 840 2863 Vl.
854 2841 935 2869 Topic.
946 2847 966 2863 c.
978 2842 1003 2863 2:

157 2878 248 2905 Imago,
261 2877 285 2899 id
296 2880 342 2904 est,
359 2878 425 2900 cuius
442 2878 559 2906 generatio
577 2884 619 2906 per
637 2878 787 2901 imitationem
804 2882 846 2902 est.
857 2891 888 2896 —
904 2881 957 2909 Seq.
974 2880 1003 2903 lo·

158 2922 199 2939 cus
216 2919 250 2938 est
267 2916 333 2938 Eccli.
352 2916 379 2943 4,
397 2917 434 2938 10.
452 2919 475 2939 et
492 2916 528 2939 11.

220 2953 230 2967 ¹³
246 2955 318 2983 Epist.
334 2955 350 2977 l.
366 2956 393 2983 3,
412 2956 449 2978 16.

1845 175 1898 203 [171

1060 251 1091 280 lis
1106 251 1206 280 iudicii.
1224 252 1303 286 Dico,
1325 254 1398 290 quod
1420 254 1503 282 Filius
1524 254 1571 282 Dei
1593 253 1753 282 incarnatus
1773 252 1904 281 assumsit

1059 297 1177 334 inopiam
1200 302 1330 327 nostram.
1353 300 1424 336 Quid
1445 300 1508 329 fecit
1522 301 1599 328 lioc?
1618 300 1697 328 Certe
1712 299 1805 336 pietas.
1824 298 1902 326 Unde

1059 343 1155 372 debuit
1181 353 1232 380 per
1261 346 1360 374 omnia
1385 345 1535 383 fratribus
1561 346 1691 374 similari
1699 368 1707 379 ,
1729 349 1762 373 ut
1789 344 1903 373 miscri-

1059 399 1124 419 cors
1145 390 1224 427 ficret
1244 396 1268 420 et
1288 392 1381 428 fidelis
1405 392 1538 429 pontifex
1560 393 1599 421 ad
1622 393 1729 426 Deum,
1751 395 1783 419 ‘ut
1804 399 1902 428 repro-

1056 437 1176 474 pitiaret
1191 438 1294 467 delicta
1305 439 1408 475 populi
1419 438 1438 466 ⁵.
1456 440 1504 468 Per
1516 439 1652 475 pietatem
1667 446 1778 467 carnem
1797 444 1904 466 assum-

1059 483 1109 517 sit,
1131 491 1242 512 crueem
1264 485 1400 519 ascendit,
1417 485 1597 514 resuscitatus
1611 488 1652 513 est
1666 493 1682 513 a
1698 483 1830 517 mortuis,
1845 482 1905 519 Spi—

1059 529 1144 558 ritum
1167 533 1292 559 sanctum
1314 531 1459 559 interram
1474 531 1563 564 misit,
1586 530 1731 559 Ecclesiam
1752 529 1786 558 ad
1807 537 1836 558 se
1858 536 1905 556 vo-

1059 576 1131 604 cavit
1151 579 1178 605 et
1198 585 1293 605 omnes
1314 576 1425 605 idoneos
1446 585 1462 604 a
1482 577 1593 605 miseria
1614 584 1663 613 per
1682 576 1817 613 pietatem
1838 574 1906 603 libe-

1060 623 1138 651 ravit.
1161 624 1305 660 Apostolus
1325 623 1359 652 ad
1381 624 1515 652 Romanos
1535 623 1640 651 dieitss:
1664 624 1711 651 An
1725 622 1844 651 divitias
1859 621 1905 650 bo—

1059 670 1161 698 nitatis
1182 671 1244 699 eius
1265 675 1291 699 et
1315 670 1475 707 patientiae
1502 674 1527 698 et
1554 670 1786 707 longanimitatis
1814 672 1906 698 conte-

1060 717 1161 745 mnis?
1183 719 1231 746 An
1252 718 1391 755 iynoras,
1420 717 1496 755 quod
1524 717 1685 754 beniynitas
1712 716 1762 744 Dei
1783 716 1823 745 ad
1839 724 1906 753 poe-

1059 764 1212 792 nitentiam
1234 768 1258 792 te
1279 764 1423 792 adducit?
1449 764 1492 791 Ta
1506 772 1573 792 vero
1587 763 1747 791 secandum
1761 762 1907 791 duritiam

1060 814 1143 839 tuam
1164 815 1189 839 et
1209 819 1260 839 cor
1282 810 1469 848 impoenitens
1495 809 1682 838 thesaurizas
1704 809 1755 837 tibi
1775 809 1855 837 iram
1875 809 1907 837 in

1059 856 1105 885 (lie
1127 857 1190 885 irae
1211 860 1235 885 et
1256 857 1441 885 *revelationis
1462 856 1534 885 iusti
1554 856 1659 885 iudicii
1679 856 1739 884 Dei.
1762 856 1844 884 Filius
1858 855 1906 884 Dei

1059 904 1160 932 obtulit
1181 904 1390 938 holocaustum,
1412 903 1515 932 scilicet
1529 911 1558 932 se
1572 903 1663 940 ipsum
1682 911 1733 939 pro
1747 902 1840 936 nobis;
1855 902 1907 930 hoc

1060 953 1101 979 est
1122 959 1265 987 maynum
1289 950 1408 987 pietalis
1427 953 1657 978 sacramentum.
1680 965 1716 970 —
1739 949 1792 977 lloc
1817 956 1909 977 sacra—
1920 955 2036 997 saglrfficigum

1059 1000 1184 1026 mentum
1200 997 1322 1034 quotidie
1338 997 1455 1026 iteratur
1469 997 1497 1025 in
1512 997 1600 1025 altari.
1617 997 1668 1025 Pro
1683 996 1741 1025 istis
1756 995 1909 1024 rationibus
2008 992 2013 997 ’

1059 1044 1134 1072 dedit
1161 1044 1241 1072 nobis
1265 1044 1475 1072 Sacramentum
1502 1043 1612 1077 altaris,
1634 1045 1681 1076 ut,
1703 1050 1840 1071 memores
1867 1049 1909 1070 sa—

1060 1090 1193 1118 cramenti
1215 1090 1340 1126 pietatis,
1368 1090 1518 1118 induamur
1546 1089 1653 1118 viscera
1678 1089 1817 1125 pietatis⁷.
1841 1088 1910 1116 Cru-

1059 1135 1119 1164 dele
1139 1139 1181 1164 est
1201 1144 1265 1169 cor,
1287 1136 1361 1172 quod
1383 1135 1417 1164 ad
1438 1135 1490 1164 ista
1510 1143 1565 1163 non
1586 1135 1736 1163 emollitur.

1142 1181 1185 1209 13.
1208 1182 1301 1209 Tertia
1328 1181 1473 1210 influentia
1492 1180 1634 1217 originalis
1653 1180 1718 1208 doni
1740 1180 1849 1216 pietatis
1870 1181 1911 1208 est
1929 1186 1999 1209 Tertio,
2009 1192 2047 1205 ma-

1059 1236 1074 1255 a
1095 1231 1200 1256 sancta
1222 1232 1317 1256 matre
1340 1227 1468 1255 Ecclesia
1488 1235 1538 1264 per
1557 1227 1690 1263 Spiritum
1706 1228 1834 1254 sanctum
1848 1234 1911 1254 san-

1059 1274 1192 1308 ctificata,
1214 1282 1286 1311 quae
1308 1274 1392 1303 habet
1412 1274 1513 1311 pignus
1541 1273 1660 1310 Spiritus
1688 1273 1783 1302 sancti.
1813 1273 1912 1302 Sancta

1058 1324 1148 1350 mater
1168 1321 1288 1350 Ecclesia
1308 1321 1439 1350 omnibus
1460 1321 1589 1357 pietatem
1610 1320 1758 1349 indixerat.
1781 1320 1833 1357 Qui
1854 1320 1911 1348 nati

1059 1372 1125 1397 sunt
1146 1369 1180 1397 ab
1201 1376 1258 1397 uno
1279 1371 1358 1405 patre
1380 1371 1407 1396 et
1428 1376 1485 1396 una
1505 1371 1594 1397 matre
1615 1368 1679 1405 plus
1694 1375 1723 1396 se
1737 1367 1856 1405 diligunt
1870 1367 1911 1396 in-

1060 1416 1164 1450 vicem,
1186 1423 1271 1452 quam
1292 1415 1340 1452 qui
1362 1415 1418 1443 nati
1446 1418 1512 1444 sunt
1539 1415 1574 1443 ab
1603 1423 1659 1443 uno
1687 1418 1781 1452 patre,
1806 1414 1849 1443 vel
1877 1414 1911 1443 ah

1059 1471 1116 1492 una
1126 1466 1216 1492 matre
1228 1465 1344 1491 tantum.
1355 1462 1474 1499 Spiritus
1486 1465 1598 1491 sanctus
1609 1462 1673 1491 facit
1684 1470 1734 1491 nos
1745 1462 1816 1490 filios
1827 1461 1912 1490 unius

1060 1511 1147 1547 patris
1161 1513 1188 1539 et
1203 1510 1287 1539 unius
1301 1510 1398 1538 matris
1413 1512 1440 1538 et
1453 1509 1579 1538 membra
1594 1509 1678 1538 unius
1692 1509 1825 1546 corporis.
1842 1509 1911 1545 Apo-

1060 1557 1183 1587 stolusss:
1197 1557 1349 1594 Apparuit
1357 1557 1460 1594 qratia
1473 1556 1591 1584 Domini
1604 1556 1700 1584 nostri
1710 1556 1776 1584 Iesu
1790 1554 1910 1589 Christi,

1061 1604 1225 1633 Salvatoris
1246 1603 1341 1631 nostri
1358 1603 1493 1631 omnibus
1510 1601 1687 1636 bominibus,
1706 1602 1843 1630 erudiens
1857 1609 1910 1630 ‘nos

1060 1655 1107 1685 ut,
1129 1650 1303 1687 abnecantes
1326 1649 1501 1686 impietatem
1516 1652 1541 1677 et
1554 1648 1726 1677 saecularia
1744 1648 1909 1683 desideria,

1059 1697 1154 1726 sobrie
1174 1701 1200 1725 et
1222 1697 1294 1725 iuste
1315 1700 1340 1724 et
1358 1696 1406 1733 pie
1435 1696 1571 1724 vivamus
1599 1696 1631 1723 in
1652 1694 1704 1724 boe
1725 1695 1849 1724 saeculo.
1873 1711 1909 1716 —

1060 1744 1215 1773 Carissimi!
1238 1744 1343 1777 videte,
1365 1743 1387 1772 si
1409 1743 1496 1780 pietas
1516 1745 1608 1771 vestra
1630 1746 1671 1771 est
1692 1742 1787 1771 fratris
1807 1742 1841 1771 ad
1855 1742 1910 1771 sra-

1060 1795 1148 1825 trem,
1170 1794 1197 1819 et
1217 1790 1311 1819 fratris
1332 1790 1435 1819 uterini
1456 1790 1490 1818 ad
1512 1790 1627 1819 fratrem
1652 1790 1814 1818 uterinum!
1843 1789 1911 1826 Quis

1060 1842 1101 1867 est
1129 1840 1207 1874 pater
1234 1839 1352 1866 noster?
1373 1836 1453 1865 Certe
1481 1836 1563 1865 Deus.
1586 1837 1662 1873 Quae
1686 1839 1775 1866 mater
1797 1839 1910 1865 nostra?

1061 1885 1107 1913 Est
1128 1884 1262 1918 Ecclesia,
1285 1891 1356 1920 quae
1377 1883 1411 1912 de
1432 1886 1513 1912 utero
1528 1891 1579 1912 suo
1600 1883 1696 1920 genuit
1716 1891 1767 1912 nos
1786 1891 1837 1920 per
1852 1883 1911 1920 Spi-

1061 1931 1147 1959 ritum
1169 1933 1296 1959 sanctum
1317 1933 1344 1958 et
1365 1930 1454 1967 pariet
1468 1938 1534 1964 nos,
1550 1929 1660 1966 quando
1674 1930 1842 1966 praesentati
1857 1930 1911 1959 eri-

1061 1985 1124 2006 mus
1146 1977 1173 2005 in
1195 1977 1257 2006 luce
1271 1980 1392 2006 aeterna.
1408 1977 1503 2005 Nonne
1517 1976 1631 2010 videtis,
1646 1976 1721 2013 quod
1736 1976 1808 2005 sicut
1822 1984 1910 2005 unum

1057 2024 1219 2052 membrum
1247 2024 1414 2060 compatitur
1441 2023 1522 2052 alteri
1551 2023 1718 2057 membr09,
1747 2024 1786 2052 sic
1807 2027 1834 2052 et
1861 2032 1911 2053 nos

1059 2071 1192 2099 debemus
1207 2070 1286 2099 nobis
1300 2071 1417 2099 invicem
1433 2070 1572 2107 compati?
1592 2070 1694 2099 Omnes
1708 2078 1807 2100 sumus
1827 2079 1912 2100 mem-

1059 2117 1111 2146 bra
1131 2117 1215 2146 unius
1237 2117 1378 2154 corporis,
1406 2125 1462 2145 uno
1491 2117 1552 2145 cibo
1580 2117 1723 2152 cibamur,
1752 2118 1787 2146 ab
1815 2118 1911 2147 eodem

1059 2167 1139 2193 utero
1161 2164 1358 2201 producimur,
1380 2164 1414 2192 ad
1429 2164 1542 2193 eandem
1558 2164 1740 2194 hereditatem
1755 2165 1909 2200 tendimus;

1059 2214 1087 2240 et
1113 2211 1336 2248 magnificabitur
1364 2211 1505 2241 hereditas
1536 2205 1647 2247 nostra,
1679 2215 1784 2249 quanto
1814 2212 1911 2249 plures

1059 2257 1174 2292 erimus,
1186 2266 1240 2286 non
1255 2258 1460 2295 angustiabitur
1472 2259 1503 2287 ¹⁰.
1520 2259 1623 2288 Sumus
1637 2267 1725 2288 unum
1740 2267 1851 2296 corpus,
1866 2260 1911 2297 pie

1060 2305 1193 2334 debemus
1214 2305 1286 2334 affici
1307 2305 1341 2334 ad
1365 2306 1492 2335 invicem.
1524 2306 1591 2335 Veni
1619 2306 1653 2335 ad
1680 2309 1804 2344 patrem,
1832 2309 1910 2344 pater

1124 2530 1133 2543 ⁶
1150 2531 1219 2553 llebr.
1237 2532 1263 2558 2,
1283 2531 1320 2554 17.

1124 2568 1133 2582 ⁸
1150 2570 1207 2599 Cap.
1224 2572 1251 2598 2,
1269 2571 1291 2593 4.
1308 2573 1331 2593 et
1348 2571 1369 2593 5.

1124 2608 1133 2621 ⁷
1151 2609 1198 2632 Col.
1217 2611 1244 2637 3,
1262 2610 1303 2632 121
1321 2610 1410 2633 lnduite
1427 2617 1469 2633 vos
1486 2616 1566 2638 ergo...
1582 2610 1672 2632 viscera
1684 2610 1855 2633 misericordiae
1867 2613 1909 2633 etc.

1125 2646 1134 2660 Β
1152 2648 1196 2670 Tit.
1214 2649 1241 2675 2,
1260 2648 1296 2671 ll.
1314 2651 1337 2671 et
1354 2649 1391 2671 12.
1408 2649 1475 2671 Rom.
1493 2649 1534 2676 12,
1553 2648 1579 2671 5:
1596 2649 1627 2671 lta
1648 2648 1713 2670 multi
1735 2654 1807 2670 unum
1825 2654 1910 2677 corpus

1062 2693 1144 2710 sumus
1162 2688 1186 2709 in
1202 2686 1304 2716 Christo,
1321 2688 1406 2716 singuli
1424 2691 1501 2710 autem
1518 2687 1574 2710 alter
1591 2687 1682 2710 alterius
1702 2686 1815 2709 membra.
1832 2687 1878 2710 Csr.
1894 2689 1910 2711 l.

1062 2726 1113 2749 Cor.
1132 2726 1173 2754 12,
1195 2727 1229 2749 12.
1246 2732 1313 2755 seqq.
1329 2739 1360 2744 -
1377 2727 1430 2750 Post
1445 2726 1526 2755 ridete,
1544 2726 1567 2750 si
1582 2726 1709 2749 adiecimus
1727 2726 1804 2756 pietas
1824 2728 1910 2750 vestra.

1125 2762 1134 2776 ⁹
1152 2765 1222 2792 Epist.
1234 2765 1249 2787 1.
1261 2765 1314 2787 Cor.
1326 2765 1366 2794 12,
1379 2766 1421 2787 26:
1433 2766 1460 2787 Et
1471 2765 1489 2787 si
1501 2765 1559 2794 quid
1573 2765 1657 2793 patitur
1674 2771 1748 2787 unum
1765 2765 1896 2787 membrum
1904 2782 1909 2792 ,

1062 2804 1236 2831 compatiuntur
1252 2804 1331 2826 omnia
1348 2803 1461 2826 membra.
1478 2803 1536 2826 lbid.
1554 2804 1595 2830 10,
1614 2803 1655 2826 171
1672 2803 1786 2832 Quoniam
1800 2810 1859 2826 unus
1871 2810 1909 2831 pa-

1062 2842 1110 2869 nis,
1128 2848 1201 2864 unum
1218 2848 1303 2870 corpus
1320 2842 1384 2864 multi
1401 2848 1493 2871 sumus,
1510 2848 1592 2864 omnes
1609 2842 1650 2871 qui
1667 2842 1697 2864 de
1713 2848 1760 2864 uno
1778 2848 1837 2870 pane
1857 2848 1910 2870 par-

1062 2881 1192 2908 ticipamus.

1126 2917 1145 2931 ²⁰
1162 2919 1195 2941 De
1211 2919 1343 2942 extensione
1360 2922 1383 2943 et
1404 2922 1484 2943 mutua
1503 2920 1711 2943 communicatione
1728 2920 1868 2948 gaudiorum
1886 2919 1909 2941 in

1062 2958 1135 2987 patria
1152 2959 1194 2981 cfr.
1210 2958 1242 2980 111.
1256 2959 1317 2981 sent.
1334 2959 1358 2981 d.
1375 2959 1412 2982 31.
1430 2965 1450 2982 a.
1468 2959 1490 2982 3.
1507 2966 1530 2988 q.
1548 2960 1570 2982 3.
1586 2961 1608 2982 et
1625 2959 1739 2988 Breviloq.
1757 2965 1780 2987 p.
1793 2959 1837 2981 Vll.
1855 2964 1874 2980 c.
1885 2957 1908 2979 7.

1924 1213 1952 1229 ter
1961 1210 2051 1229 Ecclesia.

1924 1327 1972 1346 Unio
1985 1327 2004 1346 iu
2017 1332 2046 1346 ea.

1922 1749 2040 1768 Exhortatio.
