2285 3398
743 239 786 267 DE
808 239 906 268 DONIS
928 239 1052 268 SPlRth'

181 317 252 349 tum,
265 315 341 352 quod
357 316 468 350 liabuit;
484 316 531 345 sed
547 316 613 345 haec
629 316 737 351 mulier,
753 317 856 346 scilicet
872 318 954 355 Virgo
967 318 1024 355 glo-

180 362 267 397 riosa,
290 363 601 398 misericordiosissima,
624 364 668 400 pia
689 367 716 393 et
736 364 792 394 Deo
813 365 911 394 devota
925 364 1025 394 obtulit

36 414 134 457 imffiffiu
135 415 167 434 iu»
180 412 264 438 totam
292 410 473 439 substantiam
498 418 586 439 suam.
613 427 648 431 —
676 412 702 440 ln
731 412 782 440 hoc
811 411 1024 449 reprehenditur

137 453 141 457 “
179 456 304 494 impietas
319 456 472 492 hominum,
483 457 530 495 qui
543 465 597 486 non
614 459 732 487 reddunt
745 462 837 496 grates
852 459 908 488 Deo
921 459 955 487 de
973 459 1024 488 hoc

178 504 252 541 quod
272 507 447 542 acceperunt.
470 505 520 533 Tot
542 505 612 533 bona
634 506 758 543 recepisti
781 515 797 535 a
825 507 896 541 Deo,
922 506 1025 536 scilicet

178 551 348 588 praebendas
369 554 396 580 et
417 551 483 586 alia;
506 551 528 580 si
549 551 652 588 aliquid
675 552 739 582 l'acis
762 562 812 590 pro
827 554 898 588 Deo,
914 553 1024 582 videtur

179 598 225 627 tibi
247 606 387 635 magnum.
417 599 467 627 Sed
489 599 511 627 si
535 601 560 627 te
581 602 608 627 et
629 608 724 635 omne,
747 601 822 637 quod
844 601 944 635 habes,
973 608 1023 637 pro

177 645 233 674 Deo
253 645 316 679 des,
338 645 406 674 nihil
427 648 476 674 est.
500 645 579 674 Beata
602 646 684 683 Virgo
705 647 786 676 solvit
813 647 933 685 pretium
955 646 1022 675 illud

178 691 255 721 sortis
275 695 303 720 et
323 692 367 729 pia
388 691 488 729 pietate
509 693 693 721 venerationis
714 694 829 723 divinae.
846 694 933 723 Pietas
947 694 1022 731 prin-

178 739 301 776 1·lpaliter
322 739 445 769 consistit
466 739 493 767 in
515 740 593 768 cultu
615 741 662 769 Dei
676 740 693 769 ¹.

258 787 300 815 18.
323 785 447 815 Secundo
469 787 601 823 persolvit
622 787 741 823 pretium
764 788 831 817 illud
853 788 935 825 Virgo
963 788 1021 824 glo-

69 833 264 867 secui1aa.ri‹)sa.‚
286 832 364 862 fortis
385 835 411 862 et
439 832 484 869 pia
511 832 611 870 pietate
640 835 850 871 eoiizpassiom's
871 835 912 863 ad
937 834 1020 863 Cltri-

175 883 260 908 stubi.
284 879 390 909 Dicitur
414 880 441 908 in
464 880 600 909 loanne2:
622 881 735 916 Mulier,
757 890 824 911 cum
849 882 946 919 parit,
968 882 1020 910 tri-

174 927 285 956 stitiam
307 926 401 959 habet,
424 927 495 966 quia
508 927 584 956 venit
605 926 679 956 liora
700 929 770 957 eius.
790 929 903 966 Propter
925 931 1020 966 partu-

175 974 302 1003 ritionem
318 974 400 1003 habet
421 973 520 1003 mulier
535 974 672 1009 dolorem,
695 972 797 1004 scilicet
815 976 1020 1005 antecedentem

174 1021 207 1050 ad
229 1024 348 1058 partum.
371 1021 423 1050 Sed
443 1021 522 1050 beata
544 1021 626 1059 Virgo
647 1030 701 1051 non
717 1021 814 1050 habuit
834 1022 957 1051 dolorem
972 1031 1020 1051 an-

175 1068 342 1097 tecedentem
364 1071 490 1105 partum;
513 1069 578 1105 quia
606 1078 659 1098 non
680 1069 804 1105 concepit
831 1068 869 1097 ex'
892 1073 1019 1106 peccato,

173 1115 245 1144 sicut
266 1115 335 1150 Eva,
357 1115 401 1144 cui
423 1115 576 1144 maledictio
597 1116 660 1145 data
680 1118 735 1150 est;
758 1115 805 1144 sed
827 1115 924 1144 habuit
944 1116 1020 1144 dolo-

174 1170 232 1191 rem
264 1165 326 1200 post
351 1165 469 1199 partum.
501 1162 576 1191 Unde
604 1162 725 1199 peperit,
746 1165 895 1198 antequam
923 1165 1020 1199 partu-

173 1209 249 1238 riret.
272 1209 300 1238 ln
321 1217 404 1239 cruce
425 1210 585 1247 parturivit;
608 1210 681 1239 unde
702 1210 727 1238 in
750 1208 858 1237 Lucass:
881 1209 916 1237 Et
937 1212 1020 1237 tuam

174 1256 269 1294 ipsius
290 1256 423 1285 (zozimam
442 1256 635 1293 pertransibit
646 1256 774 1294 ytacttas.
798 1255 826 1283 In
841 1255 900 1284 aliis
921 1255 1019 1284 mulie*

173 1303 251 1332 ribus
272 1306 313 1332 est
333 1303 411 1332 dolor
432 1303 572 1340 corporis,
593 1304 621 1332 in
643 1303 695 1332 ista
715 1303 756 1331 εει
770 1302 848 1331 dolor
869 1302 975 1336 cordis;
991 1302 1017 1330 in

171 1350 231 1379 aliis
251 1352 293 1379 cst
313 1350 391 1379 dolor
406 1350 605 1388 corruptionis,
627 1350 655 1379 in
669 1350 721 1379 ista
741 1351 782 1378 est
796 1349 874 1378 dolor
895 1357 1018 1386 compas-

171 1397 255 1425 sionis
274 1400 302 1426 et
315 1393 455 1426 caritatis.‘
469 1397 543 1427 Unde
557 1397 654 1426 invitat
668 1404 718 1425 nos
732 1396 766 1425 ad
788 1395 1018 1424 considerandum

170 1443 292 1473 dolorem
308 1444 394 1481 ipsius
410 1444 436 1473 in
454 1444 582 1474 Ieremia:
601 1444 720 1477 Omnes,
736 1443 841 1480 inquit,
856 1442 908 1481 qai
921 1446 1018 1471 trans-

169 1490 218 1519 itis
235 1499 290 1528 per
310 1491 407 1525 viarm
429 1491 562 1520 attendite
576 1494 601 1520 et
614 1490 718 1525 videte,
740 1490 768 1518 si
788 1493 828 1518 est
846 1489 928 1518 (lotor
941 1489 1018 1518 sieut

170 1538 252 1567 dolor
272 1547 361 1567 meus.

270 1586 312 1614 19.
349 1586 399 1615 Iste
429 1585 508 1614 dolor
541 1585 623 1614 debet
654 1585 881 1614 transverberare
911 1587 1018 1613 mentes

52 1638 159 1680 οωηςψῑο
167 1631 300 1660 omnium.
322 1631 449 1661 Christus
470 1634 584 1668 propter
599 1634 625 1660 te
640 1634 769 1660 mortuus
790 1635 844 1665 est,
865 1638 957 1659 nonne
970 1630 1017 1659 de-

10 1676 13 1679 ”
37 1663 216 1707 fflss'ssiss'ciffbes
236 1678 260 1707 ei
282 1679 424 1715 compati?
453 1678 533 1707 Beata
558 1678 641 1715 Virgo
666 1678 886 1715 compatiebatur
907 1678 931 1706 ei
959 1686 1017 1706 ma—

37 1711 74 1727 mr'
167 1725 256 1760 xime;
279 1725 326 1754 sed
347 1733 383 1754 ex
404 1725 491 1754 altera
505 1728 587 1762 parte>
605 1725 730 1762 placebat
750 1725 788 1759 ei,
807 1724 882 1762 quod
903 1733 955 1762 pro
969 1733 1017 1754 no-

165 1773 208 1803 bis
229 1773 394 1802 traderetur.
417 1773 515 1802 Nullus
529 1773 596 1807 scit,
617 1775 753 1810 quantum
772 1773 844 1802 valet
865 1773 1017 1810 compassio

166 1821 276 1850 Christi.
291 1820 363 1849 Nihil
383 1823 440 1855 est,
455 1820 529 1857 quod
551 1823 659 1848 tantum
677 1820 831 1857 exstinguit
852 1821 1017 1850 tentationes
1035 1814 1037 1821 ¹

166 1871 193 1897 et
213 1868 374 1901 elationem,
396 1875 481 1904 quam
502 1866 576 1904 quod
597 1874 675 1895 mens
696 1867 868 1896 custodiatur
889 1868 917 1896 in
943 1876 1016 1896 com-

166 1915 291 1953 passione
312 1914 415 1943 doloris
436 1914 546 1943 Christi.
563 1913 643 1942 Venit
658 1917 767 1951 tempus
789 1915 923 1951 passionis
938 1915 1016 1944 Chri-

166 1963 215 1997 sti;
235 1965 265 1995 ,et
285 1961 370 1999 aliqui
391 1969 502 1989 rursus
522 1964 588 1990 sunt
609 1960 809 1999 erucifiqentes
830 1961 1016 1999 sibimetipsis

166 2009 274 2038 Filium
300 2009 381 2042 Dei4‚
403 2008 507 2037 scilicet
527 2011 663 2045 quantum
684 2008 712 2037 in
737 2008 804 2046 ipsis
824 2012 873 2038 est.
903 2010 1016 2038 Summa

165 2056 313 2085 crudelitas
328 2055 481 2093 iniquitatis
496 2055 662 2084 christianae
676 2058 732 2090 est,
747 2056 822 2093 quod
837 2056 884 2093 qui
900 2057 972 2085 lotus
986 2064 1015 2085 es

165 2103 299 2140 sanguine
319 2102 420 2132 Christi
450 2102 588 2139 peccando
609 2102 711 2131 iterum
739 2103 879 2140 crucifigis
907 2103 1013 2140 ipsum,

166 2153 302 2187 quantum
323 2149 351 2178 in
372 2152 398 2178 te
419 2152 468 2178 est.

244 2198 290 2225 ⁰20.
313 2196 405 2225 Tertio
433 2196 565 2232 persolvit
586 2196 665 2224 beata
693 2196 775 2232 Virgo
797 2196 917 2232 pretium
945 2196 1013 2225 illud

81 2252 151 2270 Tertia.
165 2245 236 2274 sicut
263 2244 364 2272 mulier
392 2243 471 2271 sortis
501 2246 528 2271 et
548 2242 593 2279 pia
620 2242 725 2279 pietate
755 2242 952 2271 miserationis
973 2243 1012 2272 acl

163 2290 325 2323 mzmlam,
356 2292 383 2318 et
415 2289 568 2326 specialiter
596 2289 629 2317 ad
660 2289 795 2326 populum
819 2289 1010 2318 christianum.

164 2337 284 2367 Isaias⁵x
314 2336 456 2374 Numquid
468 2335 607 2364 ‘oblivisci
625 2339 714 2372 potest
734 2335 841 2364 mulier
865 2335 1012 2374 infantem

163 2384 269 2419 saum,
291 2388 323 2412 ut
350 2392 408 2412 iton
439 2383 614 2411 misereatur
634 2381 695 2419 silio
726 2383 803 2411 uteri
822 2383 891 2412 sui?
923 2384 958 2412 Et
985 2384 1012 2412 si

164 2433 215 2461 illa
233 2431 321 2460 oblita
341 2429 442 2468 faerit,
458 2438 508 2467 eqo
523 2433 619 2458 tamen
639 2438 698 2458 uon
718 2429 874 2459 obliviscar
890 2431 940 2459 tui.
957 2431 1011 2461 Hoc

21 2487 150 2514 »talamum
162 2479 264 2508 dicitur
292 2478 325 2507 de
353 2477 470 2506 Christo.
494 2492 530 2497 —
553 2476 585 2505 Et
609 2479 698 2513 potest
722 2477 835 2515 intelligi
857 2478 915 2513 hic,
937 2479 1011 2516 quod

29 2516 61 2534 ¹²¹³
74 2512 140 2529 ‘mm'
162 2529 237 2555 totus
258 2525 377 2562 populus
398 2523 567 2553 christianus
587 2523 621 2553 de
641 2527 722 2553 utero
735 2524 856 2562 Virginis
876 2525 1011 2562 gloriosae

162 2573 197 2603 sit
218 2572 385 2610 productus;
408 2571 481 2608 quod
503 2570 674 2608 significatur
694 2571 774 2601 nobis
794 2580 844 2609 per
865 2573 1011 2602 mulierem

162 2620 196 2649 de
218 2620 303 2649 latere
324 2619 377 2648 viri
406 2618 566 2653 formatam,
589 2626 660 2655 quae
691 2619 826 2656 significat
853 2619 1009 2649 Ecclesiam.

226 2809 233 2822 ¹
254 2810 312 2832 Vide
328 2816 398 2838 supra
415 2810 489 2832 collat.
507 2809 530 2831 3.
546 2815 568 2831 n.
585 2809 607 2842 5.

225 2848 234 2861 ²
252 2848 309 2877 Cap.
327 2849 368 2877 16,
386 2849 423 2871 21.
440 2861 471 2865 -
489 2847 593 2871 Subinde
609 2848 730 2876 respicitur
746 2850 801 2872 Gen.
821 2850 845 2878 3,
867 2851 906 2872 16:
924 2851 1010 2872 Mulieri

163 2894 256 2918 quoquc
274 2887 344 2910 dixit:
361 2887 515 2916 Multiplicabo
533 2893 656 2910 aerumnas
676 2890 726 2910 tuas
751 2891 773 2910 et
797 2892 923 2917 conceptus
947 2891 1010 2916 tuos,

163 2929 186 2951 in
204 2928 283 2951 dolore
300 2927 376 2955 paries
393 2928 466 2951 illios.

226 2966 235 2979 Β
251 2966 308 2995 Cap.
325 2967 351 2994 2,
370 2967 407 2989 35.
423 2979 455 2983 —
473 2967 526 2996 Seq.
542 2967 606 2989 locus
623 2969 657 2989 est
673 2967 758 2990 Thren.
776 2968 797 2995 1,
815 2968 852 2990 ⁴2.

225 3006 235 3019 ¹
253 3005 321 3029 Hebr.
339 3006 365 3034 6,
383 3006 405 3028 6.

226 3045 235 3058 ⁶
253 3046 309 3073 Cap.
326 3045 368 3072 49,
390 3045 424 3067 15.

1055 240 1072 267 S
1093 240 1118 268 S.
1141 240 1302 271 COLLATlO
1325 243 1365 271 Vl.

1869 248 1925 276 [ιδ-7

1081 318 1155 347 Unde
1187 319 1212 347 in
1244 320 1378 350 (lenesi⁸:
1408 322 1532 351 limais-it
1566 324 1706 352 Dominus
1736 332 1867 361 saporem
1894 325 1925 353 in

1082 365 1195 399 Adam,-
1217 376 1338 405 cumque
1365 369 1552 398 obdormisset
1581 371 1645 399 tulit
1665 379 1758 400 uuam
1782 371 1816 400 de
1841 372 1925 400 costis

1081 412 1142 440 cias
1157 416 1183 441 et
1204 414 1267 442 fecit
1281 414 1425 444 mulierem
1448 420 1473 443 et
1487 416 1614 445 adduxit
1634 425 1699 446 eam
1714 418 1753 446 ait
1772 417 1879 446 Adam.
1896 418 1926 446 Et

1080 459 1151 488 dixit
1172 460 1269 495 Adam,
1285 462 1358 498 quod
1380 466 1451 491 osset
1466 463 1587 501 virago,
1609 465 1681 502 quia
1694 465 1729 494 cte
1749 465 1814 493 viro
1827 468 1926 493 sumta

1081 510 1127 534 est.
1152 508 1226 542 lloe,
1255 508 1362 545 inquit,
1385 518 1415 537 os
1443 518 1477 538 er
1499 510 1613 539 ossibus
1633 511 1720 546 meis,
1742 515 1768 540 et
1794 520 1865 540 caro
1893 511 1926 539 (lc

1080 562 1168 582 earne
1189 563 1261 583 mea.
1285 555 1316 583 Et
1335 555 1407 584 dixit
1428 556 1561 585 Dominus
1574 558 1599 585 ⁷:
1624 558 1748 595 Propter
1766 557 1818 587 lioc
1839 558 1926 587 relin-

1079 604 1144 638 quet
1164 600 1247 629 lzomo
1265 604 1382 638 patrem
1402 606 1427 630 et
1449 607 1573 631 matrem
1594 607 1622 633 et
1642 604 1712 633 lilios
1740 607 1767 633 et
1789 605 1873 639 lilias,
1902 607 1926 633 et

1079 646 1251 676 adhaerebit-
1266 648 1357 676 uxori
1376 657 1455 677 saae.
1480 650 1511 678 Et
1536 651 1680 687 Apostolus
1700 652 1786 680 dixit:
1817 651 1926 680 Sacra-

1078 697 1206 723 mentum
1236 693 1288 723 hoe
1318 703 1462 732 mayuum
1493 700 1551 730 est,·
1582 705 1632 734 eqo
1660 701 1758 726 autem
1785 698 1866 732 (lico,
1894 698 1926 727 in

1080 740 1193 770 Christo
1214 745 1238 770 et
1260 741 1291 770 in
1313 742 1448 771 Ecclesia.
1464 760 1503 764 —
1519 743 1550 772 Et
1571 752 1673 781 quare,
1696 753 1728 773 eo
1755 745 1924 779 dormiente,
1938 753 2042 778 nmmum.

1078 788 1140 816 tulit
1161 796 1244 817 unam
1266 789 1299 818 de
1321 789 1403 818 costis
1423 790 1507 819 eius?
1532 791 1624 820 Nonne
1646 792 1736 828 potuit
1750 792 1839 821 facere
1861 792 1925 826 hoc,

1077 835 1136 872 ipso
1157 835 1310 872 vigilante?
1331 836 1384 865 Hoc
1405 840 1447 866 est
1467 838 1632 874 mysteriale.
1656 839 1783 876 Nunquid
1809 839 1927 868 formata

1076 886 1118 911 est
1140 883 1258 912 Ecclesia
1277 883 1310 912 de
1332 884 1417 913 latere
1437 884 1552 920 Christi,
1573 885 1660 915 donec
1680 886 1807 915 Christus
1825 886 1926 915 obdor-

1076 929 1155 958 mivit
1176 929 1203 958 in
1235 933 1341 959 cruce?
1365 931 1395 959 Et
1415 931 1449 960 de
1471 931 1555 961 latere
1576 932 1636 961 eius
1658 933 1774 962 refluxit
1801 934 1926 971 sanquis

1076 980 1100 1005 et
1122 985 1202 1015 aqua
1213 976 1234 1011 ⁸,
1264 977 1353 1006 ideSt
1380 978 1568 1013 Sacramenta,
1591 987 1640 1016 per
1671 988 1743 1017 quae
1772 981 1926 1010 renascitur

1078 1024 1204 1053 Ecclesia.
1228 1024 1266 1053 De
1293 1027 1367 1053 costa
1389 1025 1472 1054 Adam
1495 1026 1613 1054 formata
1641 1030 1683 1055 est
1705 1027 1774 1061 Eva,
1803 1036 1874 1064 quae
1901 1028 1926 1057 ei

1077 1071 1203 1108 copulata
1225 1074 1267 1100 est
1287 1072 1314 1100 in
1336 1072 1506 1109 coniugium.
1529 1073 1605 1102 Sicut
1626 1074 1708 1102 homo
1729 1074 1865 1104 formatus
1886 1078 1928 1104 est

1076 1117 1110 1146 de
1131 1121 1207 1146 terra
1228 1118 1366 1154 virginea,
1389 1118 1427 1147 sic
1448 1119 1576 1148 Christus
1603 1119 1637 1148 de
1660 1120 1770 1157 Virgine
1798 1121 1925 1158 gloriosa.

1078 1163 1108 1191 Et
1128 1163 1200 1192 sicut
1221 1163 1254 1202 de
1276 1164 1361 1192 latere
1382 1164 1452 1192 Adae
1477 1165 1639 1194 dormientis
1659 1166 1778 1195 formata
1805 1170 1846 1196 est
1865 1175 1927 1196 mu-

1077 1209 1142 1243 lier,
1164 1210 1202 1238 ita
1223 1210 1342 1238 Ecclesia
1361 1210 1395 1238 de
1422 1210 1532 1239 Christo
1557 1211 1584 1239 in
1614 1220 1697 1241 cruce
1723 1213 1866 1248 pendente.
1896 1215 1928 1243 Et

1076 1256 1147 1285 sicut
1167 1256 1208 1284 de·
1223 1256 1306 1285 Adam
1328 1260 1355 1285 et
1376 1257 1432 1285 Eva
1452 1257 1588 1287 formatus
1609 1261 1651 1287 est
1676 1259 1741 1288 Abel
1762 1262 1789 1288 et
1817 1268 1926 1290 succes-

1075 1310 1152 1332 sores
1173 1303 1231 1337 sui,
1254 1303 1293 1332 sic
1320 1303 1354 1331 de
1374 1304 1484 1333 Christo
1505 1307 1532 1333 et
1562 1305 1681 1334 Ecclesia
1710 1308 1784 1335 totus
1806 1308 1927 1344 populus

1075 1349 1252 1382 christianus.
1275 1350 1307 1378 Et
1328 1350 1400 1379 sicut
1421 1351 1476 1379 Eva
1496 1354 1586 1380 mater
1607 1355 1649 1381 est
1670 1352 1734 1381 Abel
1756 1357 1783 1382 et
1802 1354 1925 1383 omnium

1075 1399 1218 1431 nostrum,
1234 1396 1271 1425 ita
1292 1397 1412 1434 populus
1433 1397 1602 1428 christianus
1624 1399 1707 1428 habet
1725 1403 1842 1429 matrem
1867 1401 1926 1430 Vir-

1074 1443 1174 1480 ginem.

1153 1492 1199 1519 521.
1222 1491 1244 1519 O
1266 1499 1350 1528 quam
1370 1491 1444 1528 piam
1460 1495 1577 1521 matrem
1600 1492 1749 1522 habemus!
1765 1493 1926 1531 Configure-
1959 1504 2057 1532 eumqu-

1074 1546 1137 1567 mus
1161 1546 1211 1567 nos
1231 1539 1313 1567 matri
1335 1541 1446 1568 nostrae
1467 1533 1494 1568 et
1519 1547 1670 1577 sequamur
1698 1541 1758 1569 eius
1786 1542 1923 1578 pietatem.
1939 1528 2057 1579 ἷᾎῖῐὲἔωξὲἷῖ

1074 1586 1194 1614 Tantum
1214 1593 1358 1622 compassa
1378 1589 1419 1614 est
1434 1585 1592 1620 animabus,
1608 1587 1683 1624 quod
1703 1587 1836 1617 damnum
1857 1591 1925 1617 tem·
1937 1581 2003 1594 ⁵¹⁰⁰¹⁵'

1074 1632 1168 1669 porale
1189 1635 1216 1661 et
1238 1632 1390 1669 passionem
1419 1633 1592 1670 corporalem
1621 1634 1688 1662 nihil
1711 1635 1858 1671 reputavit.
1887 1636 1926 1664 Ita

1073 1682 1188 1716 propter
1209 1679 1325 1708 salutem
1347 1679 1454 1708 animae
1475 1683 1586 1709 nostrae
1607 1681 1713 1717 placeat
1734 1682 1812 1710 nobis
1834 1683 1924 1711 cruci-

1074 1726 1159 1763 figere
1180 1734 1282 1763 corpus
1302 1730 1437 1755 nostrum.
1460 1727 1568 1756 Dicitur
1589 1727 1616 1756 in
1645 1729 1820 1758 Matthaeo⁹z
1851 1730 1924 1759 Cum

1073 1777 1144 1802 esset
1163 1774 1245 1802 Iesus
1266 1774 1298 1802 in
1319 1773 1403 1802 ‹lomo
1424 1773 1553 1802 Simonis
1574 1774 1696 1812 leprosi,
1718 1776 1794 1804 venit
1818 1777 1925 1806 mulier

1074 1820 1181 1849 liabens·
1202 1820 1388 1849 alabastrum
1406 1821 1564 1859 unquenti,
1587 1825 1613 1850 et
1625 1821 1715 1860 fregit
1736 1823 1925 1854 alabastrum

1073 1871 1099 1897 et
1112 1866 1223 1905 infudit
1243 1871 1425 1905 unquentum
1439 1877 1528 1905 super
1549 1873 1639 1907 caput
1657 1870 1732 1898 Iesu.
1755 1871 1789 1899 Et
1806 1871 1924 1908 impleta

1073 1919 1114 1943 est
1134 1915 1238 1944 domus
1259 1924 1293 1943 ex
1315 1915 1402 1944 odore
1428 1916 1577 1953 unquenti.
1607 1917 1736 1946 Victeutes
1757 1916 1809 1946 ltoe
1837 1918 1924 1947 disci-

1070 1962 1155 1999 puli,
1187 1966 1455 1991 murmuraverunt
1471 1963 1607 2001 ,quidam
1638 1973 1672 1993 esc
1707 1965 1748 1993 eis
1779 1965 1922 1995 dieentes:

1078 2009 1112 2038 [Jt
1136 2009 1208 2047 quid
1234 2009 1362 2046 perditio
1383 2008 1474 2038 liaeo?
1506 2010 1608 2039 Potuit
1637 2010 1714 2039 enim
1745 2013 1924 2042 venumdari

1072 2056 1162 2085 mutto
1183 2059 1209 2085 et
1229 2056 1300 2085 clari
1316 2056 1508 2093 pauperibus.
1533 2057 1567 2085 Et
1587 2057 1664 2085 discit
1686 2058 1780 2086 Iesus:
1801 2058 1837 2086 Ut
1849 2059 1921 2096 quid

1071 2103 1182 2132 molesti
1207 2103 1275 2132 estis
1303 2102 1372 2131 ltuie
1399 2102 1539 2132 mulieri?
1561 2104 1677 2132 Bonum
1699 2113 1773 2141 opus
1801 2109 1922 2142 operata

1071 2153 1112 2178 est
1136 2150 1168 2178 in
1195 2158 1257 2183 me,·
1284 2158 1356 2178 nam
1382 2158 1495 2186 semper
1520 2159 1667 2188 pauperes
1695 2150 1804 2180 liabetis
1829 2152 1922 2181 vobis-

1070 2205 1154 2230 cum,
1175 2205 1220 2224 me
1241 2199 1339 2224 aulem
1360 2205 1419 2225 uon
1439 2205 1551 2234 semper
1567 2196 1683 2226 habetis.
1707 2198 1864 2235 magdalena
1880 2202 1921 2236 ty-

1069 2251 1135 2280 pum
1161 2243 1232 2280 gerit
1256 2243 1473 2280 poenitentium;
1489 2243 1571 2281 fregit
1594 2244 1765 2274 alabastrum
1786 2247 1927 2283 unguenti

1055 2285 1105 2319 'ex
1133 2290 1249 2327 pietate,
1270 2298 1354 2327 quam
1386 2290 1485 2319 habuit
1516 2291 1550 2320 ad
1570 2291 1720 2321 Christum.
1754 2293 1785 2321 Et
1812 2302 1862 2322 nos
1887 2286 1921 2323 ad

1068 2337 1254 2368 universalem
1286 2337 1433 2367 Ecclesiam
1465 2341 1492 2367 et
1523 2338 1557 2367 ad
1585 2339 1704 2368 animam
1735 2340 1920 2377 poenitentem

1067 2383 1201 2413 debemus
1222 2384 1325 2413 habere
1347 2384 1486 2422 pietatem.
1514 2385 1545 2414 Et
1566 2386 1637 2415 sicut
1658 2386 1816 2424 Magdalena
1835 2388 1920 2416 otien—

1068 2431 1157 2460 dendo
1188 2431 1307 2469 perdidit
1327 2432 1432 2467 Deusn3
1464 2432 1517 2467 ita,
1543 2433 1654 2470 quando
1685 2433 1806 2470 ungebat
1836 2434 1919 2471 pedes

1068 2479 1170 2508 Christi
1185 2482 1212 2508 et
1225 2483 1321 2517 caput,
1343 2480 1448 2509 invenit
1468 2480 1568 2517 ipsum.
1585 2496 1621 2501 -
1638 2480 1748 2515 Videte,
1769 2481 1843 2518 quod
1858 2481 1919 2518 qui-

1068 2526 1135 2555 libet
1155 2529 1279 2555 vestrum
1305 2527 1405 2556 habeat
1426 2527 1495 2556 illud
1515 2530 1707 2564 unguentum,
1736 2525 1768 2556 ut
1795 2528 1839 2565 pie
1859 2527 1918 2557 affi-

1068 2573 1157 2602 ciatur
1177 2573 1212 2602 ad
1226 2574 1315 2603 Deum
1336 2576 1363 2603 et
1378 2574 1516 2611 poeniteat
1536 2577 1563 2603 et
1584 2582 1600 2602 a
1613 2577 1725 2611 peccato
1743 2575 1795 2604 sibi
1814 2579 1916 2605 caveat.

1067 2620 1278 2658 compatiuntur
1307 2621 1392 2659 aliqui
1420 2621 1496 2650 carni
1519 2629 1600 2657 suae,
1622 2629 1677 2650 non
1705 2622 1820 2651 animae.
1842 2622 1917 2652 Unde
1932 2612 2047 2659 ἕέξὲξῖῗὲἓ.

1130 2809 1140 2823 ⁰
1157 2810 1213 2839 Cap.
1230 2812 1257 2839 2,
1274 2812 1355 2834 21-23.

1130 2848 1139 2862 ⁷
1158 2851 1234 2873 Matth.
1252 2850 1294 2878 19,
1312 2851 1334 2873 5.
1350 2850 1396 2874 Csr.
1413 2851 1482 2883 Marc.
1500 2851 1540 2879 lo,
1557 2850 1580 2873 7.
1598 2854 1620 2873 et
1641 2851 1698 2873 Gen.
1716 2852 1742 2879 2,
1760 2851 1798 2873 24.
1815 2863 1845 2867 —-
1863 2852 1917 2879 Seq.

1067 2890 1131 2913 loeus
1147 2892 1181 2912 est
1198 2890 1256 2918 Eph.
1273 2890 1300 2917 5,
1318 2891 1356 2913 32.
1372 2889 1419 2913 Cir.
1436 2896 1506 2918 supra
1523 2896 1579 2922 pag.
1596 2890 1653 2919 406,
1672 2893 1724 2913 nota
1741 2890 1764 2912 7.

1130 2927 1143 2940 δ’
1156 2929 1217 2951 Ioan.
1235 2929 1277 2957 ⁴9,
1295 2929 1333 2951 34.

1129 2967 1140 2980 '¹
1156 2967 1212 2996 Cap.
1230 2968 1273 2995 26,
1290 2968 1313 2990 6.
1329 2974 1396 2997 seqq.
1412 2968 1458 2991 Cfr.
1475 2969 1544 2991 Marc.
1557 2968 1598 2995 44,
1610 2969 1631 2991 3.
1643 2974 1710 2997 seqq.
1721 2971 1743 2990 et
1760 2969 1820 2990 loan.
1842 2968 1874 2994 12,
1893 2969 1914 2990 2.

1067 3013 1144 3036 seqq„
1161 3013 1188 3029 ex
1204 3006 1290 3036 quibus
1306 3006 1378 3029 verba
1396 3009 1469 3030 textus
1486 3010 1540 3030 sunt
1556 3008 1692 3039 composita.
