2285 3398
335 174 392 201 300

331 250 479 279 manuduri
501 251 534 279 ad
556 250 797 287 contemplandum
820 250 907 279 Deum
929 250 957 279 in
978 251 1085 280 cunctis
1105 259 1182 280 crea-

332 298 418 332 turis,
440 306 511 335 quae
533 298 566 326 ad
589 300 710 326 mentem
736 301 859 326 nostram
881 298 985 327 intrant
1013 307 1063 335 per
1084 306 1182 335 eorpo-

332 345 403 373 rales
424 353 529 373 seusus.

410 394 435 420 2.
458 391 612 420 Notandum
635 392 736 429 igitur,
757 392 831 429 quod
854 392 903 421 iste
925 392 1062 426 mundus,
1078 392 1125 429 qui
1140 391 1181 419 di-

190 471 194 473 ,
239 447 317 474 itqndus
330 439 403 468 eitur
426 447 657 473 nmeroeosmits,
673 439 758 467 intrat
778 439 812 467 ad
827 439 946 468 animam
962 442 1094 473 nostram,
1109 445 1181 475 quae

189 473 430 515 2¹3²„2323203Tdicitur
463 486 560 514 minor
587 486 750 520 mumius&
775 494 824 523 per
852 489 946 523 portas
974 487 1099 524 quinque
1120 493 1181 514 sen—

188 521 429 568 {igniesf'pffl‘suuuh
451 534 604 563 seeundum
627 534 751 570 ipsorum
780 534 950 563 sensibilium
978 532 1181 572 apprehensio-

332 590 411 614 nem,
433 580 647 609 oblectau'mwm
668 584 695 609 et
716 581 964 610 (liiutlieucz‘onem.
982 597 1018 602 -—
1034 580 1112 617 Quod
1135 588 1181 616 pa-

188 636 231 655 Tria
249 642 316 659 avum
331 632 367 657 tet
389 628 440 657 sic:
463 629 528 666 quia
550 628 576 657 in
598 637 631 658 eo
652 629 787 666 quaedam
809 632 875 658 sunt
894 628 1081 666 generantia,
1097 635 1182 664 quae-

198 666 216 678 ’Π
230 661 304 679 ⁰³⁰¹¹d⁰⁴
329 675 391 703 dam
422 679 579 712 gyenertttrt,
602 676 738 713 quaedam
768 676 968 712 {sicbermmtia
990 676 1056 704 haec
1078 679 1105 703 et
1126 674 1180 702 illa.

196 731 315 749 conemini...
333 723 512 751 aenei-untia
534 726 599 751 sunt
619 732 738 760 corpora
769 723 919 760 simplicia,
941 723 1044 752 seilicet
1065 730 1182 759 corpora

329 770 456 798 caelestia
477 773 505 798 et
526 773 647 806 quatuor
668 770 812 799 elementa.
835 770 901 798 Nam
917 778 953 798 ex
975 769 1118 798 elementis
1133 777 1182 805 per

329 817 461 846 virtutem
490 818 559 846 luris
586 818 757 846 conciliantis
788 817 1012 846 contrarietatem
1033 817 1183 846 elemento-

330 873 392 893 rum
422 864 449 893 in
474 865 570 893 mixtis
599 865 701 894 habent
732 866 858 902 generari
884 868 912 893 et
943 865 1072 902 produci,
1098 872 1183 901 quae-

329 919 449 948 rumque
470 914 640 949 generantur
661 914 689 940 et
710 912 905 948 producuntur
927 920 976 948 per
994 912 1182 949 operationem

214 968 315 987 coneraia.
330 958 605 987 virtutisnaturalis.
623 975 659 979 -
679 959 825 987 Geiwrata
839 967 906 988 vero
927 962 993 988 sunt
1013 967 1131 996 corpora
1145 967 1181 987 ex

329 1006 472 1035 elementis
503 1006 673 1043 composita,
709 1006 781 1035 sicut
813 1006 970 1040 mineralia,
1003 1006 1181 1044 vegetabilia,

224 1062 315 1089 net-entia
329 1053 468 1082 sensibilia
489 1056 516 1082 et
537 1061 655 1090 corpora
676 1054 828 1082 humana?
850 1070 886 1074 —
907 1054 1044 1092 Reyencia
1066 1054 1134 1083 haee
1155 1056 1182 1082 et

253 1089 294 1104 ¹⁰³*
329 1101 374 1129 illa
395 1104 460 1129 suut
481 1101 651 1129 substantiae
666 1101 839 1138 spirituales,
855 1102 913 1131 sive
928 1102 1045 1130 ommino
1060 1101 1181 1130 eontan-

329 1152 403 1182 ιἰιιν,
426 1152 456 1177 ut
478 1152 543 1177 sunt
571 1148 679 1177 animae
701 1149 839 1183 brutales,
863 1149 920 1178 sive
941 1149 1113 1178 coniunctae
1139 1158 1182 1177 se-

325 1195 517 1232 parabiliter,
534 1199 565 1224 ut
586 1199 652 1224 sunt
673 1196 788 1233 spiritus
810 1197 972 1231 rationales,
988 1196 1046 1225 sive
1064 1196 1182 1225 omnino

327 1246 493 1280 stantiaque,
507 1246 540 1274 ut
558 1247 623 1271 sunt
643 1243 758 1280 spiritus
777 1243 923 1276 caelestes,
939 1252 1010 1280 quos
1026 1242 1181 1280 philosophi

330 1290 553 1328 Intelliyentitts,
576 1299 626 1319 nos
650 1291 774 1327 :tiiyetos
799 1291 980 1327 appellamus.
1012 1291 1119 1327 Quibus
1140 1298 1183 1319 se-

187 1347 256 1370 Opinio
277 1346 318 1370 pia-
331 1337 454 1366 cundum
475 1329 654 1374 philosophos
675 1338 806 1374 competit
827 1346 939 1367 movere
958 1345 1076 1375 corpora
1096 1338 1183 1366 caele-

199 1371 319 1417 2⁰2³?t22‘33223ss
332 1385 398 1418 stia,
420 1393 452 1413 ae
474 1393 522 1422 per
546 1385 597 1413 hoc
618 1385 657 1413 eis
688 1385 853 1413 attribuitur
874 1385 1094 1413 administratio
1116 1384 1183 1413 uni-

198 1423 247 1436 ΓΜ
330 1432 424 1465 versi,
446 1431 620 1468 suscipiendo
641 1441 657 1459 a
679 1431 769 1467 prima
789 1439 887 1465 rausa,
910 1432 1013 1460 scilieet
1033 1432 1105 1465 Deo,
1128 1432 1183 1460 vir-

332 1478 399 1507 tutis
420 1478 608 1511 influentiam,
630 1486 714 1514 quam
748 1477 901 1506 refundunt
931 1479 1085 1509 secundum
1113 1487 1184 1515 opus

329 1525 553 1563 gubernationis,
575 1525 650 1562 quod
671 1525 784 1562 respicit
804 1533 900 1553 rerum
915 1525 1120 1554 consistentiam
1136 1534 1183 1554 na-

330 1572 457 1601 turalem.
481 1571 639 1600 Secundum
667 1574 761 1600 autem
784 1572 926 1608 theologos
946 1572 1111 1600 attribuitur
1131 1572 1183 1601 eis-

329 1620 390 1648 dem
414 1619 537 1656 regimen
569 1619 692 1647 universi
724 1619 878 1647 secundum
911 1619 1060 1658 imperitum
1082 1619 1182 1648 summi

329 1667 377 1696 Dei
397 1669 533 1704 quantum
554 1666 588 1694 ad
607 1674 697 1703 opera
712 1666 927 1703 reparationis,
943 1666 1097 1695 seeundum
1112 1673 1183 1703 quae

330 1714 463 1743 dicuntur
478 1713 729 1742 administratorii
750 1713 890 1750 spiritus,
905 1713 990 1742 missi
1000 1716 1122 1751 propter
1137 1722 1183 1742 eos

330 1762 383 1800 qui
403 1760 587 1790 lim-edittnem
610 1761 731 1798 capiunt
752 1761 858 1789 sitlans
871 1761 889 1788 ³.

410 1809 435 1837 3.
458 1809 543 1837 llomo
564 1808 658 1845 igitur,
674 1808 721 1845 qui
736 1808 838 1836 dieitur
861 1809 958 1837 minor
979 1809 1118 1843 piandus,
1135 1808 1183 1837 lia-

188 1856 376 1891 Quinqueaen-bet
397 1856 522 1894 quinque
543 1863 642 1884 sensus
663 1855 743 1892 quasi
765 1856 889 1893 quinque
911 1859 1021 1893 portas,
1043 1864 1092 1892 per
1114 1864 1183 1893 quas

236 1896 275 1910 ⁸⁰⁵*
330 1904 415 1933 intrat
436 1903 556 1941 cognitio
577 1903 717 1937 omnium,
739 1911 811 1940 quae
832 1907 897 1932 sunt
919 1903 945 1932 in
969 1903 1072 1932 mundo
1097 1904 1183 1932 seusi—

331 1951 392 1985 bili,
414 1951 440 1979 in
462 1951 582 1979 animam
604 1950 699 1987 ipsius.
722 1951 788 1979 Nam
811 1959 860 1988 per
881 1951 977 1979 vistim
1000 1951 1104 1979 intrant
1123 1959 1183 1979 cor-

333 2006 400 2035 pora
421 1998 551 2026 sublimia
577 2000 605 2026 et
636 1998 773 2026 luminosa
800 2000 828 2026 et
859 2000 950 2026 cetera
976 1998 1112 2032 colorata,
1134 2006 1184 2035 per

333 2048 442 2073 tactum
464 2053 530 2073 vero
561 2052 679 2082 corpora
709 2045 795 2073 solida
826 2048 853 2073 et
874 2045 1034 2079 terrestria,
1056 2053 1106 2082 per
1127 2048 1184 2074 tres

333 2099 401 2120 vero
420 2100 523 2119 sensus
544 2091 728 2120 intermedios
750 2092 853 2120 intrant
878 2092 1056 2125 intermedia,
1078 2095 1110 2121 ut
1135 2100 1184 2129 per

332 2141 453 2175 qustum
473 2147 577 2175 aquea,
599 2147 648 2175 per
680 2139 816 2167 auditum
837 2141 934 2174 aerea,
956 2148 1005 2177 per
1028 2141 1183 2168 odoratum

335 2185 519 2222 vaporabilia,
540 2194 611 2222 quae
632 2186 736 2223 aliquid
758 2186 860 2215 habent
880 2187 913 2215 de
935 2191 1034 2216 natura
1057 2187 1184 2221 humida,

921 171 1095 201 trtNERAtut
1117 172 1237 200 MENTts
1260 171 1290 199 ΙΝ
1313 170 1405 199 DEUM
1426 170 1454 198 C.
1478 170 1505 198 tl.

1239 249 1342 285 aliquid
1363 248 1397 277 de
1418 250 1515 282 aerea,
1536 249 1641 286 aliquid
1668 250 1702 278 de
1723 250 1802 286 ignea
1823 259 1872 279 seu
1893 251 1996 286 calida,
2018 252 2089 281 sicut

1239 298 1314 333 patet
1335 295 1362 324 in
1384 295 1460 324 sumo
1481 304 1516 324 ex
1539 296 1711 325 aromatibus
1732 297 1855 325 resoluto
1866 299 1886 326 ⁴.

1320 342 1424 371 {ntrant
1444 338 1530 379 igitur
1552 352 1601 380 per
1623 344 1673 372 has
1694 347 1788 380 portas
1814 347 1869 372 tam
1890 352 2007 381 corpora
2025 346 2089 374 sirn-

1239 391 1319 427 plicia
1346 399 1431 428 quam
1462 390 1544 419 etiam
1573 390 1738 428 composita,
1767 399 1803 420 ex
1830 392 1873 420 his
1900 392 1998 421 mixta.
2020 393 2089 429 Quia

1240 445 1305 466 vero
1320 445 1403 466 sensu
1418 437 1587 475 percipimus
1602 446 1656 466 non
1672 438 1761 466 solum
1778 439 1846 467 haec
1859 438 2008 467 sensibilia
2017 448 2089 476 par·
2122 448 2223 475 Sopsmiia

1239 485 1395 519 lienteria,
1427 493 1499 522 quae
1531 489 1596 514 sunt
1625 485 1693 519 lux,
1720 493 1820 519 sonus,
1851 486 1933 520 odor,
1955 494 2037 523 sapor
2062 471 2224 520 ῡῑὲῗῗὲἶξᾞῖιῗ

1239 535 1361 568 quatuor
1379 532 1547 569 prinmritw
1568 533 1737 571 qualitates,
1760 541 1830 570 quas
1851 534 2035 570 apprehendit
2050 536 2089 562 ta-
2103 522 2141 535 ’Μ’

1239 582 1321 613 rtus3·
1337 587 1435 608 verum
1457 580 1539 608 etiam
1560 580 1711 609 sensibilia
1731 581 1910 614 communi«,
1933 589 2005 617 quae
2026 585 2091 610 sunt

1240 619 1394 659 numerus,¹
1417 627 1593 663 magnitudo,
1622 627 1728 664 ligura,
1760 627 1839 664 quies
1870 630 1897 655 et
1924 631 2032 662 motus3
2064 631 2091 656 et

1245 685 1257 698 a
1272 681 1369 707 omne,
1384 673 1459 710 quod
1480 677 1623 708 movetur,
1639 674 1674 703 ab
1687 674 1741 703 alio
1756 678 1884 703 movetur
1896 674 1907 691 ⁵
1922 687 1949 709 n,
1965 677 1992 703 et
2007 683 2090 712 quae-

1239 719 1302 748 dam
1323 728 1339 747 a
1360 728 1389 748 se
1410 720 1476 756 ipsis
1496 724 1644 750 moventur
1665 724 1693 750 et
1713 721 1873 759 quiescunt,
1896 725 1927 750 ut
1948 724 2014 750 sunt
2033 722 2091 750 ani-

1240 767 1336 795 malia:
1351 767 1418 795 dum
1434 775 1483 804 per
1499 767 1548 796 hos
1566 769 1690 805 quinque
1705 777 1803 797 seusus
1824 772 1919 797 motus
1940 777 2090 806 corporum

1239 814 1487 851 apprehendimus,
1510 816 1723 844 manuducimur
1745 816 1778 844 ad
1800 816 1983 851 ‹nignitionem
2004 820 2091 845 moto—

1241 870 1305 890 rum
1327 862 1514 899 spiritualium
1537 865 1666 900 tanquam
1690 872 1738 900 per
1760 864 1887 892 effectum
1910 864 1937 892 in
1959 865 2091 901 cognitio-

1242 917 1303 939 nem
1326 918 1484 938 causarum.

1320 957 1345 985 [ι.
1371 957 1456 985 intrat
1477 957 1561 993 igitur
1582 961 1717 995 quantum
1739 958 1772 987 ad
1800 959 1852 987 tria
1873 967 1968 987 rerum
1990 967 2092 996 genera
2124 966 2222 999 Quoniam>

1242 1006 1267 1034 in
1283 1005 1402 1033 {mimam
1420 1006 1568 1033 humanam
1591 1014 1640 1042 per
1662 1005 1920 1043 apprehensionem
1941 1009 2016 1035 totus
2040 995 2138 1056 151οὲἒῖ
2152 992 2222 1040 ’ρ”ῐξῖἶῖἓῖ

1240 1053 1376 1082 sensibilis
1391 1052 1520 1081 mundus.
1534 1053 1602 1082 llaec
1613 1057 1707 1082 autem
1722 1053 1861 1082 sensibilia
1875 1053 2016 1082 exteriora
2027 1056 2092 1081 sunt
2118 1043 2221 1056 emnem

1239 1109 1310 1138 quae
1333 1101 1422 1137 primo
1444 1100 1639 1137 ingrediuntur
1654 1101 1680 1129 in
1696 1101 1815 1129 animam
1839 1108 1888 1137 per
1903 1103 1997 1137 portas
2011 1100 2092 1137 quin-

1239 1157 1294 1185 que
1316 1155 1465 1180 sensurum
1488 1148 1606 1181 intrant,
1630 1148 1758 1185 inquam,
1774 1156 1829 1176 non
1845 1155 1895 1185 per
1909 1147 2091 1180 substantias,

1239 1195 1285 1224 sed
1309 1203 1357 1232 per
1379 1195 1573 1223 similitudines
1588 1203 1664 1229 suas,
1681 1195 1772 1232 primo
1786 1198 1931 1232 generatas
1953 1195 1979 1223 in
2002 1194 2092 1223 medio

1240 1245 1267 1271 et
1287 1242 1320 1270 de
1342 1242 1431 1270 medio
1454 1242 1480 1270 in
1501 1250 1605 1278 organo
1626 1245 1653 1271 et
1673 1242 1707 1271 de
1728 1250 1833 1280 organo
1853 1242 1987 1271 exteriori
2009 1242 2037 1270 in
2052 1242 2092 1270 in-

1241 1290 1334 1318 teriori
1358 1293 1384 1318 el
1405 1289 1439 1317 de
1468 1290 1518 1317 hor
1545 1290 1571 1317 in
1604 1290 1752 1326 potentiani
1775 1289 2043 1326 apprehensivam⁶3
2066 1292 2093 1317 et

1240 1337 1279 1366 sic
1301 1336 1441 1373 generatio
1463 1336 1561 1372 speciei
1584 1336 1611 1364 in
1634 1336 1723 1365 medio
1742 1339 1770 1365 et
1783 1336 1817 1365 (le
1831 1336 1921 1365 medio
1942 1336 1970 1364 in
1989 1344 2093 1373 organo

1240 1387 1267 1412 et
1282 1384 1426 1412 conversio
1441 1383 1578 1420 potentiae
1593 1383 1811 1419 apprehensivae
1833 1390 1918 1419 super
1940 1383 2013 1410 illam
2029 1382 2093 1410 facit

1241 1429 1498 1468 appi-elzensioiivnt
1516 1429 1640 1458 omnium
1662 1438 1759 1458 eorum
1775 1438 1847 1467 quae
1861 1429 1987 1458 exterius
2002 1428 2094 1457 anima

1241 1477 1432 1514 apprehendit.

1322 1526 1347 1553 5.
1370 1525 1407 1553 Ad
1440 1525 1510 1553 hanc
1541 1525 1804 1562 apprehensionem,
1826 1524 1848 1553 si
1870 1524 1905 1553 sit
1934 1524 1972 1553 rei
1995 1531 2093 1552 conve·
2138 1532 2220 1557 onemo»

1242 1572 1355 1605 mentis,
1371 1573 1498 1609 sequitur
1519 1572 1666 1600 oblectatio
1679 1572 1697 1600 ⁷.
1715 1572 1873 1601 Delectatur
1888 1576 1980 1600 autem
1996 1557 2140 1600 sensusissf
2155 1557 2207 1576 ‘mle‘

1242 1619 1269 1648 in
1290 1619 1397 1648 obiecto
1419 1627 1468 1656 per
1490 1619 1696 1648 similitudinem
1717 1619 1885 1648 abstractam
1906 1621 2037 1655 percepto
2051 1618 2094 1646 vel

1242 1667 1348 1696 ratione
1368 1666 1576 1703 speciositatis,
1598 1667 1670 1695 sicut
1691 1666 1718 1694 in
1740 1666 1815 1701 visu,
1831 1666 1874 1694 vel
1897 1666 2002 1694 ratione
2023 1673 2093 1693 sna-
2119 1675 2195 1702 Triplex
2204 1676 2237 1694 01>-

1243 1715 1357 1748 vitatis,
1380 1715 1452 1743 sieut
1473 1714 1500 1742 in
1521 1714 1638 1742 odoratu
1669 1717 1697 1742 et
1717 1714 1831 1747 auditu,
1854 1714 1896 1742 vel
1919 1713 2025 1741 ratione
2045 1721 2094 1740 sa-
2107 1699 2193 1746 ffiffiiffi.
2206 1704 2237 1718 ⁹¹⁸

1242 1762 1407 1795 lubricatis,
1430 1762 1502 1790 sicut
1523 1762 1550 1790 in
1571 1764 1656 1798 gustu
1684 1764 1712 1789 et
1744 1764 1835 1794 tactu,
1856 1760 2034 1796 appropriate
2056 1760 2093 1788 lo-

1241 1810 1360 1847 quendo.
1383 1809 1479 1838 (imnis
1500 1812 1592 1837 autem
1622 1808 1767 1837 delectatio
1788 1811 1829 1836 est
1851 1807 1957 1835 ratione
1979 1815 2095 1844 propor-
2108 1818 2224 1838 Notandum,

1242 1857 1408 1886 tionalitatis.
1418 1856 1469 1885 Sed
1482 1856 1613 1893 quoniam
1625 1854 1730 1892 speeies
1742 1857 1816 1882 tenet
1827 1852 1960 1882 rationem
1969 1854 2093 1891 formae,

1243 1903 1361 1932 virtutis
1383 1906 1410 1932 et
1431 1902 1625 1939 operationis,
1652 1901 1805 1930 secundum
1837 1900 1911 1938 quod
1944 1901 2026 1930 habet
2051 1910 2094 1931 re—

1242 1954 1366 1988 spectum
1389 1951 1422 1979 ad
1445 1950 1631 1987 principium,
1653 1957 1668 1977 a
1689 1957 1746 1985 quo
1767 1952 1875 1983 manat,
1897 1949 1931 1978 ad
1956 1950 2093 1984 medium,

1242 2006 1291 2035 per
1313 1998 1387 2035 quod
1410 1997 1525 2030 transit,
1546 2000 1573 2025 et
1600 1996 1633 2024 ad
1664 1996 1829 2030 terminum,
1851 1996 1879 2025 in
1909 2005 1994 2034 quem
2022 1997 2092 2034 agit3

1242 2045 1303 2074 ideo
1324 2044 1568 2081 proportionalitas
1599 2046 1647 2071 aut
1675 2042 1826 2072 attenditur
1848 2044 1875 2072 in
1897 2043 2092 2078 similitudine,

1242 2092 1396 2121 seeundum
1417 2091 1492 2128 quod
1514 2093 1588 2119 tenet
1610 2091 1744 2119 rationem
1766 2091 1869 2128 speciei
1887 2100 1938 2120 seu
1959 2091 2092 2129 formae,

1242 2143 1269 2168 et
1284 2139 1322 2168 sic
1336 2138 1439 2167 diritur
1453 2138 1636 2175 speciositas,
1652 2139 1717 2176 quia
1736 2150 1749 2163 <¹
1761 2138 1920 2176 pulcritudo
1935 2139 2003 2167 nihil
2017 2138 2093 2167 aliud
2105 2147 2228 2174 Speciositas.

1242 2189 1283 2216 est
1305 2194 1388 2223 quam
1410 2185 1562 2223 aequalitas
1584 2194 1776 2220 numerosa»,
1799 2194 1848 2215 seu
1874 2186 2012 2224 «quidam
2028 2194 2092 2223 pas·-

399 2350 407 2363 ¹
425 2352 447 2374 ln
468 2353 510 2374 hac
528 2352 687 2380 propositione
704 2354 757 2380 post
773 2351 816 2375 iste
832 2352 936 2376 mundns
954 2353 1009 2376 edd.
1031 2354 1120 2376 addunt
1136 2360 1186 2377 sen-

335 2391 420 2419 sibilis,
442 2395 464 2413 et
481 2395 533 2419 post
549 2397 729 2415 macrocosmus
747 2391 798 2413 Vat.
821 2398 874 2413 eum
897 2392 951 2415 edd.
973 2392 1140 2415 recentioribus
1163 2392 1187 2415 id

335 2433 369 2454 est
386 2431 472 2461 tonans
489 2431 601 2459 mundus,
615 2434 637 2454 et
649 2434 701 2454 ante
718 2431 797 2454 minor
814 2431 919 2454 mundus
937 2432 1018 2454 iterum
1037 2433 1089 2455 edd.
1102 2432 1186 2455 micro-

335 2477 443 2499 cosmus,
462 2470 485 2494 id
501 2473 542 2494 est.
561 2471 656 2494 interius
674 2478 716 2500 pro
733 2470 895 2501 aubernantia
911 2471 965 2494 edd.
982 2471 1096 2501 repentia.

398 2510 407 2523 ²
425 2511 470 2534 Csr.
488 2517 558 2539 supra
576 2512 692 2541 Breviloq.
709 2518 733 2540 p.
750 2512 774 2534 ΙΙ.
792 2517 812 2533 c.
830 2512 851 2533 3.
869 2513 891 2533 et
908 2511 928 2533 4.
940 2523 971 2528 —
983 2512 1118 2534 immediate
1133 2514 1186 2540 post

335 2558 377 2579 pro
396 2551 506 2580 neyentia
523 2553 541 2574 Α
559 2551 736 2580 Gutum-nanim,
755 2554 777 2573 et
793 2557 836 2579 pro
857 2550 956 2580 spirans
978 2551 1109 2574 rationales
1131 2551 1185 2573 edd.

335 2590 429 2613 aninmo
447 2590 584 2614 rationales.

398 2628 407 2640 ³
424 2629 494 2652 llebr.
509 2631 533 2657 l,
547 2631 587 2653 tt:
600 2631 698 2659 Vulgata
717 2633 770 2659 post
785 2628 886 2659 spui-itus
904 2630 968 2652 addit
985 2629 1008 2652 in
1026 2629 1186 2653 ministerium

336 2671 358 2690 et
374 2668 490 2691 substituit
515 2669 608 2698 rapient
632 2676 675 2698 pro
701 2669 806 2700 eupiunt.
828 2668 874 2692 Ctr.
892 2670 914 2691 ll.
933 2670 994 2691 Sent.
1012 2670 1036 2692 d.
1055 2669 1091 2692 10,
1108 2672 1131 2691 et
1147 2669 1186 2691 11.

336 2707 392 2730 lbid.
409 2708 432 2730 d.
451 2708 486 2730 lt.
505 2715 527 2736 p.
545 2709 559 2731 1.
577 2715 598 2731 a.
616 2710 638 2731 3.
654 2709 730 2737 agitur
747 2709 777 2732 de
794 2708 963 2738 lntelliyentisls.

398 2746 407 2758 ⁴
426 2747 484 2769 Vide
500 2754 570 2775 supra
586 2755 641 2776 pag.
653 2749 711 2776 ⁴227,
724 2752 776 2771 nota
790 2749 811 2771 5.
822 2760 854 2765 —
866 2749 899 2770 De
915 2748 1063 2770 sensibilibus
1078 2747 1185 2778 propriis

335 2792 376 2809 seu
394 2787 570 2814 partirularibus
588 2791 610 2810 et
627 2788 792 2811 communibus
810 2788 868 2815 (scil.
886 2787 991 2815 pluribus
1008 2788 1125 2817 sensibus)
1138 2787 1185 2816 agit

323 2826 440 2853 ·Aristot.‚
458 2827 481 2848 ll.
499 2827 528 2848 de
545 2827 639 2853 Anima,
659 2830 711 2850 text.
729 2828 766 2850 63.
784 2833 850 2856 seqq.
868 2827 898 2855 (c.
915 2827 956 2855 6.).
973 2827 1006 2849 De
1023 2830 1123 2855 quatuor
1140 2827 1185 2855 pri-

335 2865 413 2888 mariis
430 2866 578 2894 qualitatihus
595 2866 653 2895 (scil.
671 2867 758 2893 calido,
776 2866 873 2894 frigido,
891 2866 988 2888 humido
1010 2869 1033 2889 et
1054 2867 1125 2896 sicco)
1143 2868 1183 2889 etr.

335 2911 404 2933 supra
424 2912 478 2933 pag.
503 2906 559 2930 221,
577 2910 629 2928 nota
653 2907 671 2928 t.
686 2919 717 2923 —
735 2906 847 2933 Superius
873 2911 915 2933 pro
941 2907 1019 2928 cetera
1044 2906 1151 2929 colorata
1168 2906 1184 2928 P

335 2950 438 2974 corpora
455 2944 569 2969 colorum.

399 2982 408 2995 ¹⁵
426 2984 558 3005 seeundum
578 2985 681 3011 Ai·ist‹it.,
701 2986 744 3007 ΥΙΙ.
763 2986 830 3013 l‘lryS.
852 2987 904 3007 text.
923 2985 943 3007 i.
961 2991 1026 3013 seqq.
1050 2985 1106 3008 lbid.
1130 2986 1182 3008 Vltt.

1243 2356 1296 2376 text.
1313 2353 1351 2375 27.
1368 2359 1434 2381 seqq.
1453 2352 1482 2381 (r.
1500 2352 1531 2381 4.)
1549 2353 1624 2380 agitur
1642 2354 1671 2376 de
1688 2356 1752 2376 motu
1775 2352 1917 2375 animalium.
1933 2363 1965 2368 —
1982 2352 2032 2374 Mox
2049 2358 2091 2379 pro

1242 2398 1257 2414 τι
1274 2398 1298 2414 se
1315 2391 1371 2421 Ipsis
1390 2391 1443 2414 edd.
1461 2394 1483 2414 et
1500 2392 1577 2420 plures
1595 2393 1664 2415 codd.
1680 2399 1705 2416 se
1722 2392 1778 2422 ipsis
1786 2401 1794 2420 ,·
1812 2391 1853 2414 sed
1870 2390 1934 2418 apud
1955 2391 2046 2413 Aristot.
2064 2390 2093 2412 le-

1244 2433 1317 2460 gitur:
1336 2433 1420 2454 tiorum
1438 2435 1523 2459 autem,
1541 2438 1601 2460 quae
1615 2439 1659 2461 pei·
1676 2438 1700 2455 se
1719 2430 1884 2464 [moventurL
1901 2430 1944 2452 alia
1962 2430 2058 2459 quidem
2075 2436 2091 2452 a

1243 2478 1267 2494 se
1285 2471 1340 2500 ipsis
1359 2470 1413 2500 [ὑφ’
1430 2470 1531 2501 αὑτῶν],
1549 2472 1591 2494 alia
1609 2478 1665 2494 vero
1683 2471 1712 2494 ab
1730 2472 1782 2494 atio.

1306 2508 1316 2521 θ
1333 2510 1433 2532 Potentia
1451 2510 1565 2533 sensibilis
1582 2511 1753 2539 apprehensiva
1770 2510 1832 2532 enim
1855 2508 1966 2531 dividitur
1989 2509 2011 2530 in
2028 2509 2093 2531 exte-

1243 2549 1332 2572 riorem
1350 2552 1371 2571 et
1388 2549 1539 2579 interim-evm
1557 2552 1621 2578 prior
1638 2549 1815 2578 comprehendit
1832 2549 1936 2577 quinque
1957 2553 2040 2570 sensus
2057 2553 2092 2569 ex·

1244 2589 1351 2616 teriores,
1376 2590 1489 2617 posterior
1514 2596 1570 2612 vero
1595 2596 1690 2612 sensum
1716 2594 1879 2615 communem,
1902 2587 2091 2615 imaginationem

1244 2628 1422 2657 (phantasiam),
1440 2630 1607 2652 aestimativam
1633 2631 1655 2651 et
1680 2628 1826 2650 memoriam.
1842 2639 1874 2644 -
1891 2627 1942 2649 Vat.
1967 2632 2091 2654 perperam

1243 2668 1268 2691 in
1290 2668 1395 2697 potentia
1419 2669 1599 2698 apprehensioa.
1621 2668 1667 2691 Csr.
1690 2669 1800 2695 August„
1823 2667 1861 2689 Xl.
1886 2667 1916 2689 (le
1941 2665 2005 2688 Trtn.
2027 2671 2047 2687 e.
2069 2665 2090 2686 9.

1243 2714 1266 2730 n.
1285 2708 1321 2735 ⁴6,
1339 2710 1360 2730 rt
1377 2708 1479 2735 Aristot.5
1498 2710 1521 2731 11.
1539 2709 1569 2731 de
1586 2709 1681 2734 Anima,
1700 2710 1752 2729 text.
1770 2707 1823 2729 42¹.
1845 2713 1894 2735 seq.
1911 2709 1933 2728 et
1956 2705 2008 2727 436.
2025 2710 2091 2733 seqq.

1243 2747 1274 2774 (e.
1287 2748 1323 2769 12.
1335 2751 1357 2770 et
1369 2748 1400 2771 lll.
1413 2754 1432 2770 e.
1446 2750 1485 2777 2.).
1496 2760 1528 2765 -—
1540 2749 1573 2770 De
1584 2746 1660 2770 medio
1673 2748 1714 2769 etr.
1726 2747 1750 2768 ll.
1762 2747 1792 2769 de
1804 2746 1897 2773 Anima,
1910 2747 1963 2768 text.
1974 2743 2013 2765 74.
2025 2749 2093 2772 seqq.

1244 2787 1273 2815 (c.
1290 2786 1313 2809 7.
1332 2788 1407 2816 seqq.)
1425 2791 1447 2810 et
1472 2788 1501 2810 de.
1527 2788 1600 2809 Sensu
1626 2789 1648 2808 et
1672 2792 1732 2809 sens.
1750 2793 1770 2808 e.
1786 2785 1810 2808 7.
1827 2786 1857 2814 (r.
1874 2785 1915 2812 6.).
1931 2795 1962 2800 —-
1980 2783 2091 2810 Superius

1243 2829 1295 2855 post
1312 2826 1336 2849 in
1353 2833 1444 2856 ονῃιιηο
1462 2827 1516 2849 edd.
1533 2826 1623 2849 addunt
1639 2825 1761 2848 efflei-lori.

1305 2864 1313 2877 ⁷
1331 2867 1454 2889 Dolet-tatio
1466 2866 1581 2895 siquidem
1594 2865 1713 2888 delinitur:
1727 2864 1856 2887 roniunctio
1869 2861 2027 2885 convenientis
2037 2868 2090 2884 cum

1243 2906 1396 2928 conxenienti.
1413 2905 1460 2929 Ctr.
1478 2909 1532 2928 tom.
1550 2906 1565 2927 l.
1583 2911 1637 2933 pag.
1655 2905 1696 2931 38,
1710 2907 1761 2927 nota
1779 2904 1800 2926 ti.
1811 2905 1834 2925 et
1851 2904 1906 2925 tom.
1919 2901 1956 2924 tv.
1970 2908 2023 2929 pag.
2037 2902 2090 2928 391,

1242 2948 1295 2967 nota
1309 2945 1335 2972 3,
1348 2945 1387 2967 uhi
1400 2945 1503 2972 docetur,
1521 2944 1696 2967 delectationem
1714 2943 1808 2972 proprie
1825 2942 1950 2965 consistere
1966 2942 1989 2963 in
2001 2941 2091 2964 actione

1242 2987 1399 3013 consequente
1417 2986 1476 3006 lianc
1493 2984 1689 3006 coniunctionem.
