2285 3398
877 213 1116 243 PROLEGOMENA
1137 214 1222 242 C.iq

182 294 420 321 archiepiscopatum,
437 300 506 322 quem
524 293 629 315 Clemens
655 293 690 315 lV.
716 299 752 314 an.
771 293 832 315 ⁴265
855 293 1029 314 Bonnienturae

183 341 274 367 obtulit,
292 341 332 362 sed
348 340 379 362 ad
396 340 529 362 electionem
547 340 651 362 eiusdem
670 340 698 362 ad
717 340 896 367 cardinalatum,
913 346 924 361 u
942 340 1030 364 Grego-

184 389 249 415 gorio
267 388 295 410 X.
308 388 344 410 die
362 389 383 409 51.
401 388 455 410 lunii
473 394 508 409 an.
528 387 587 409 ⁴273
605 388 697 408 sat-tum.
721 387 776 408 Ntni
795 387 829 408 illa
852 386 975 408 Clementis
993 387 1029 407 iv.

183 435 261 458 electio
278 441 322 457 uon
341 437 456 462 acceptata
475 434 615 462 nequivisset
629 434 754 461 impedire,
772 433 898 462 quominus
912 434 932 454 S.
947 434 1029 455 noi-tor

183 481 330 510 sequentibus
347 485 398 503 octo
415 481 480 503 annis
496 488 556 508 opus
573 480 742 508 complevisset.
760 482 854 508 insuper
867 486 892 502 ex
910 480 1030 502 codicibus

184 528 266 550 nostris
283 534 352 555 supra
370 528 444 549 citatis
463 530 562 555 constat,
579 527 716 549 Collationes
739 527 767 548 de
789 529 878 554 septem
897 527 965 549 donis
985 533 1029 549 non

183 581 232 597 esse
250 573 338 596 habitas
355 577 406 596 ante
423 580 508 597 anuum
528 575 600 601 12611,
618 575 653 596 vel
673 574 745 600 t269,
763 578 785 596 et
803 581 857 596 cuin
879 574 899 596 in
917 575 990 596 collat
1008 575 1029 595 2.

183 622 238 644 013.
252 622 274 643 111
292 622 448 643 llexaemeron
467 621 516 643 iliae
534 621 639 648 citantur,
656 624 729 648 patet,
747 622 841 644 easdem
854 621 893 644 diu
907 624 958 649 post
970 627 1030 643 mor-

184 672 228 691 tem
246 667 369 690 Clementis
387 668 422 690 lV.
440 669 545 690 recitatas
562 675 619 691 esse.
639 669 723 690 liudem
741 668 853 691 Chronica
872 669 917 696 (tol.
938 668 990 690 107.
1009 675 1031 690 1.

183 716 225 738 eol.
246 716 273 742 l.)
299 716 328 737 de
353 716 421 737 altera
448 716 592 743 promotione
619 715 717 737 habent:
745 724 756 735 «
770 716 833 737 Anno
859 722 914 737 vero
941 715 1029 737 Domini

185 761 338 785 ‚wechxiin
358 751 404 791 [est
417 768 488 788 error,
507 762 547 784 suit
567 761 634 791 1273]
653 765 757 790 tempore
776 762 862 784 vernuli
884 762 945 784 idem
964 768 1030 789 gene-

187 808 239 830 ralis
257 808 354 831 Minister
373 808 470 830 Parisios
487 808 585 830 existens
602 811 698 830 vocatus
716 808 756 830 fuit
773 814 785 829 a
803 808 898 830 domino
919 808 1030 835 Gregorio

185 855 315 883 praedicto,
333 856 371 883 qui
391 855 465 883 ipsum
484 855 586 882 recipere
603 855 769 877 cardinalatum
785 858 809 878 et
823 855 983 883 episcopatum
996 855 1031 877 Al-

184 902 309 924 banensem
327 902 410 927 coegit.
428 903 452 923 Et
471 905 523 924 turc
542 902 582 924 tuit
599 902 620 924 in
638 902 753 929 Lugduno
775 902 881 929 generale
903 902 1029 924 Concilium

183 949 323 973 celebratum
342 949 363 971 in
382 956 460 971 mense
479 949 555 971 madio
574 949 705 971 inchoatum
718 958 739 971 n.

246 996 416 1018 Promotjonem
430 999 580 1018 memoratam
593 996 622 1018 ad
635 996 774 1018 cardinalem
787 996 922 1023 dignitatem
935 1002 1030 1018 causam

183 1041 252 1064 fuisse
269 1041 449 1069 interrumpendi
468 1042 569 1070 ini-eptas
586 1042 729 1070 collationes,
746 1042 805 1064 clare
823 1042 907 1064 indicat
924 1042 979 1064 illud
991 1049 1030 1064 cu·

183 1089 274 1111 iusdam
300 1090 409 1116 anonymi
434 1089 617 1111 additamentum
643 1095 655 1111 a
681 1088 748 1111 nobis
773 1089 800 1111 ad
820 1089 906 1111 calcem
928 1089 1029 1117 positum

183 1135 246 1165 (pag.
265 1135 328 1164 469),
346 1136 408 1164 quod
427 1135 523 1157 habetur
539 1135 561 1157 in
579 1134 688 1157 omnibus
705 1135 800 1163 quidem
818 1134 971 1162 editionibus,
989 1135 1030 1157 sed

183 1185 270 1205 tantum
290 1183 310 1204 in
323 1182 414 1205 duobus
426 1181 545 1205 codicibus
557 1188 602 1204 non
615 1181 707 1203 collatis.
719 1182 853 1208 Anonymns
865 1181 901 1203 hic
914 1181 1030 1209 deplorat,

182 1230 245 1258 quod
267 1239 277 1249 «
291 1230 467 1257 superxenieute
485 1232 542 1251 statu
561 1228 679 1251 excelsiori
696 1232 718 1250 et
735 1228 795 1249 vitae
812 1228 872 1249 exitu
890 1218 1031 1257 [12741110-

183 1276 237 1298 mini
250 1280 277 1300 et
295 1277 412 1304 magistri,
429 1276 497 1299 huius
514 1276 591 1304 operis
613 1275 798 1304 prosecutionem
822 1275 967 1302 prosecuturi
984 1281 1029 1297 non

182 1325 312 1352 acceperint
322 1334 343 1346 n.
363 1325 448 1347 Deinde
460 1325 570 1351 affirmat,
582 1330 607 1346 se
619 1329 671 1345 cum
684 1322 776 1345 duobus
787 1322 855 1344 sociis
867 1325 958 1344 notasse
970 1329 1031 1351 quae

185 1381 196 1391 «
209 1372 238 1395 de
256 1378 296 1394 ore
313 1372 426 1400 loquentis
443 1377 524 1400 rapere
542 1373 645 1399 poteram
664 1370 685 1392 in
702 1372 815 1398 quaterno
828 1377 853 1397 »ς
871 1376 895 1392 se
912 1371 1030 1398 exemplar

182 1425 250 1441 suum
269 1419 407 1445 roi-rexisse,
424 1421 446 1441 et
464 1419 539 1446 ipsum
556 1418 674 1441 doctorem
692 1417 769 1444 operis
781 1420 802 1439 et
813 1417 964 1445 quamplures
974 1417 1030 1440 alios

182 1465 211 1488 de
228 1472 270 1487 suo
289 1466 412 1493 exemplari
430 1465 582 1493 rescripsisse.
600 1465 682 1491 Porro,
700 1464 762 1492 quod
786 1464 913 1488 notandum
930 1467 981 1491 est,
998 1464 1030 1486 di-

182 1512 225 1539 cit,
245 1521 255 1531 «
267 1518 291 1534 se
309 1512 393 1539 elapsis
411 1512 488 1534 multis
510 1511 592 1533 diebus
602 1520 622 1537 ιι,
641 1512 730 1533 favente
747 1512 767 1533 et
789 1510 862 1533 libros
880 1510 1030 1534 ministrante

177 1561 250 1585 ,tratre
265 1569 275 1579 ιι
286 1560 387 1587 Thonia,
400 1560 504 1582 ministro
517 1559 662 1581 Alemanniae
674 1558 799 1586 superioris
809 1567 819 1577 n
834 1558 883 1580 sive
896 1558 949 1580 Prox
957 1558 1029 1580 inciae

182 1607 333 1634 Argentinae,
352 1606 434 1628 iterum
453 1606 579 1634 respexisse
597 1606 660 1635 quod
679 1605 750 1627 veloci
769 1611 838 1627 manu
861 1605 991 1633 scripsisset
1008 1608 1029 1628 et

182 1653 260 1676 denuo
277 1660 308 1676 etz·
321 1653 435 1676 mmort'a
453 1654 600 1681 emendasse,
612 1654 667 1676 nihil
679 1656 754 1675 tamen
767 1659 792 1675 se
804 1653 953 1680 apposuisse,
965 1653 1028 1681 quod

182 1705 259 1724 orator
276 1708 320 1724 non
338 1702 442 1727 dixisset,
460 1702 502 1724 nisi
520 1702 633 1730 quasdam
656 1701 810 1723 auctoritates.
829 1701 850 1723 111
874 1701 919 1723 fine
936 1701 1028 1729 asserit,

182 1752 314 1778 praesentes
332 1749 379 1771 istis
396 1748 555 1771 collationibus
571 1749 668 1771 astitisse
685 1749 775 1777 aliquos
797 1748 919 1775 magistros
936 1751 959 1771 et
976 1748 1029 1771 bac-

182 1796 279 1818 calarios
296 1796 424 1824 theologiae
441 1799 463 1818 et
484 1797 524 1818 160
542 1797 629 1818 fratres.

245 1843 367 1871 Quaeritur
384 1843 466 1870 igitur,
485 1846 561 1865 utrum
580 1844 623 1865 hoc
641 1842 823 1864 additamentum
840 1842 869 1864 sit
886 1843 1026 1871 genuinum,

181 1890 231 1912 sive
249 1893 325 1912 utrum
343 1891 382 1919 qui
393 1892 435 1913 hoc
453 1890 543 1918 scripsit
555 1891 583 1912 sit
596 1896 654 1912 unus
667 1890 774 1918 idemque
791 1895 844 1911 cum
862 1896 890 1911 eo
902 1890 941 1918 qui
954 1890 1028 1912 Bona-

182 1939 304 1958 venturam
323 1937 494 1964 praedicantem
512 1937 601 1958 audixit
617 1939 639 1958 et
655 1936 704 1958 eius
721 1934 792 1957 verba
805 1935 903 1963 scripto,
915 1939 1027 1964 quantum

182 1985 281 2010 poterat,
298 1983 398 2010 excepit,
417 1989 444 2004 an
457 1988 512 2004 vero
531 1982 587 2005 alius
599 1988 740 2009 anonymus,
753 1981 804 2010 qui,
816 1988 869 2004 cum
882 1982 974 2005 aliunde
986 1984 1027 2005 has

182 2029 317 2052 Collationes
330 2030 467 2058 accepisset,
480 2030 587 2052 mentitus
599 2030 638 2057 sit,
651 2036 675 2052 se
685 2034 712 2052 ‘ex
725 2029 839 2052 memoria
849 2035 888 2051 eas
901 2029 922 2052 in
933 2030 1027 2059 quibus-

183 2077 236 2099 dam
249 2076 319 2099 rebus
332 2080 441 2099 mutasse.
453 2090 483 2093 —
496 2077 652 2104 Waddingus,
666 2076 748 2098 Bonelli
761 2075 845 2104 aliique
862 2077 976 2099 affirmant
990 2078 1027 2100 vel

182 2127 327 2152 supponunt.
345 2124 400 2147 illud
417 2130 467 2146 esse
484 2124 618 2151 genuinum.
637 2124 664 2146 Ut
680 2126 782 2145 nostram
794 2124 930 2146 sententiam
942 2124 1027 2147 dehoc

182 2171 300 2198 dicamus,
316 2171 445 2199 opinamur,
462 2171 524 2200 quod
542 2178 595 2193 cum
619 2171 662 2193 iam
680 2171 822 2198 exploratum
840 2171 880 2198 sit,
898 2172 939 2194 has
955 2172 1028 2195 Colla-

183 2218 267 2242 tiones.
286 2222 309 2240 ut
326 2220 379 2240 sunt
396 2218 483 2243 editae,
501 2218 634 2246 praesertim
645 2221 699 2240 —tres
715 2218 816 2245 priores,
829 2218 897 2241 fuisse
909 2218 938 2241 ab
949 2219 1027 2249 aliquo

182 2268 261 2293 postea
275 2266 420 2293 interpolatas
432 2269 454 2287 et
470 2268 578 2291 mutatas,
591 2271 671 2292 parum
686 2264 773 2287 intersit
788 2265 866 2293 quoad
878 2265 952 2293 ipsam
965 2273 1012 2289 rem
1021 2286 1026 2295 ,

183 2315 260 2335 utrum
279 2313 322 2335 hoc
340 2315 424 2335 stu-tum
441 2313 470 2335 sit
487 2312 516 2334 ab
534 2313 570 2334 illo
589 2312 663 2339 primo
680 2312 793 2339 scriptore
809 2318 933 2340 anonymo,
950 2320 979 2336 an
996 2315 1026 2337 ab

182 2359 236 2386 alio,
255 2360 288 2381 vel
306 2360 429 2381 accedente
446 2360 513 2381 etiam
533 2358 606 2380 tertio.
631 2359 653 2380 ln
678 2358 734 2385 ipsis
759 2358 819 2380 enim
843 2358 921 2382 verbis
937 2360 1027 2382 addita-

181 2406 253 2428 menti
266 2405 378 2428 habemus
390 2406 565 2431 consessionem,
575 2404 638 2433 quod
653 2414 663 2424 κ
674 2404 756 2433 elapsis
769 2406 845 2427 multis
857 2405 971 2434 diebus»,
983 2408 1025 2429 alia

182 2457 275 2480 maUUS,
292 2452 401 2475 adhibitis
418 2453 484 2474 etiam
498 2452 594 2473 aliorum
608 2454 726 2473 auctorum
740 2451 810 2479 libris,
828 2452 968 2476 laboraverit
984 2460 1026 2482 pro

182 2501 242 2521 textu
260 2499 282 2521 in
300 2500 390 2527 scriptis
408 2500 489 2521 tradito
506 2498 643 2526 corrigendo
655 2502 675 2521 et
687 2499 831 2527 aliquatenus
843 2501 962 2524 mutando.
974 2502 1027 2530 Qui-

182 2551 284 2574 cumque
300 2547 371 2574 igitur
388 2547 416 2569 sit
433 2547 530 2573 scriptor
551 2552 680 2573 anonymus
706 2546 774 2569 huius
796 2547 958 2577 additamenti,
976 2555 1026 2571 con-

181 2592 249 2615 sessio
267 2593 338 2621 ipsius
355 2594 438 2616 sufficit
457 2593 491 2627 xad
517 2592 675 2620 explicandam
693 2592 843 2616 differertiam
863 2595 920 2617 inter
938 2598 1025 2618 textum

181 2639 295 2662 editarum
312 2640 461 2663 Collationum
475 2644 494 2661 et
513 2645 565 2661 eum
583 2645 653 2667 quem
671 2639 755 2663 habent
772 2642 871 2664 codices.

244 2688 287 2710 Pro
304 2694 343 2715 eo,
361 2688 423 2716 quod
442 2688 484 2708 ho«-
501 2685 683 2708 adduamentum
700 2687 728 2709 sit
745 2688 933 2717 supposititium,
951 2690 1025 2712 afferri

182 2737 260 2761 posset
271 2734 347 2762 primo
360 2734 394 2756 ille
407 2740 477 2759 error,
490 2739 559 2762 quem
577 2732 645 2755 habet
662 2734 721 2756 circa
738 2740 835 2762 annum,
848 2742 901 2758 cum
914 2737 1027 2759 scribatur

180 2781 202 2803 in
220 2780 329 2803 omnibus
346 2775 485 2814 editionibus
502 2780 601 2808 antiquis
618 2786 645 2802 ac
662 2781 769 2804 Vaticana
788 2786 810 2804 et
826 2783 895 2805 etiarn
908 2784 930 2806 in
948 2784 1027 2807 codice

181 2828 289 2854 Senensi,
307 2829 350 2850 hoe
372 2828 509 2856 opusculum
532 2827 613 2849 lectum
637 2834 687 2850 csse
709 2828 800 2851 Parisiis
821 2836 858 2851 an.
876 2826 1025 2854 MCCLx'xiv

182 2874 262 2903 (quem
280 2881 382 2897 errorem
401 2876 545 2897 manifestum
563 2875 586 2896 in
603 2878 677 2897 nostra
690 2875 790 2899 editione
802 2878 961 2905 correximus),
974 2885 1026 2900 rum

182 2921 336 2944 certissimum
353 2922 392 2948 sit,
410 2923 432 2943 S.
450 2923 634 2944 Bonaventuram
652 2929 712 2945 anno
731 2923 790 2946 ⁴273
807 2925 905 2947 electum
918 2931 968 2947 esse
981 2931 1027 2947 car·

181 2969 280 2991 dinalem
298 2971 320 2991 et
337 2975 349 2991 a
367 2962 458 2991 Parisiis
474 2969 603 2991 recessisse.
622 2969 666 2991 Sed
684 2975 737 2992 cum
760 2971 815 2994 nihil
839 2972 980 3001 frequentius
999 2972 1028 2994 sit

182 3017 203 3038 in
221 3016 341 3039 codicibus
357 3023 427 3044 quam
445 3024 508 3040 error
527 3017 547 3039 in
565 3018 667 3039 numeris
684 3018 824 3047 scribendis,
843 3021 899 3042 haec
917 3020 1026 3047 ratiopa—

1052 1740 1058 1836 i

1816 216 1928 244 ΧΧΧΥΗ

1086 298 1137 314 rum
1158 295 1232 319 urget.
1250 292 1340 314 Maioris
1367 292 1475 314 momenti
1501 295 1535 314 est
1551 293 1593 314 at'm
1612 299 1660 320 res,
1678 294 1741 322 quod
1765 294 1861 321 scilicet,
1879 300 1930 315 rum

1086 339 1216 361 nominetur
1233 339 1329 367 quidam
1352 347 1361 358 α
1373 341 1440 361 trater
1457 339 1566 366 ΤΙιυσνια-ς,
1586 339 1687 362 minister
1705 341 1850 363 Alemanniae
1867 346 1931 368 supe-

1086 385 1183 412 rioris»,
1200 385 1222 407 in
1240 386 1344 413 catalogo
1362 386 1539 408 l'rovinciutium
1557 386 1691 408 Provinciae
1704 387 1841 415 Argentinae
1859 387 1933 409 nullus

1087 432 1216 454 inieniatur
1229 432 1293 454 Pater
1306 432 1374 454 huius
1386 432 1495 459 nominis,
1508 433 1548 461 qui
1561 433 1603 460 ipsi
1617 434 1752 461 praetuerit,
1762 437 1786 455 ut
1798 434 1871 455 videri
1885 437 1933 462 pot-

1086 482 1118 501 est
1132 485 1157 501 e).
1171 479 1212 500 isto
1222 479 1338 506 cauilogO,
1350 485 1420 507 quem
1431 480 1601 502 accuratissime
1612 480 1738 507 publicavit
1746 481 1774 502 cl.
1783 481 1805 502 Ρ,
1815 480 1934 503 (Ioni-atius

1087 526 1156 548 Eubel
1175 527 1227 548 tttin.
1238 526 1311 548 Conv.
1325 526 1345 548 in
1364 526 1435 549 libro:
1453 527 1587 549 tieseliiehte
1605 528 1645 549 der
1662 528 1846 550 oberdeutsclien
1866 528 1934 549 Mino-

1086 574 1265 600 riten-l‘rovinz,
1288 573 1420 602 Wiirzburg
1448 575 1517 601 ¹886,
1541 578 1595 596 torn.
1618 576 1631 597 l.
1656 581 1709 603 pag.
1733 575 1777 597 4557
1799 582 1864 604 seqq.
1889 575 1932 597 Sed

1086 627 1160 649 neque.
1179 620 1214 642 hic
1231 627 1295 642 error
1313 627 1360 642 rem
1378 621 1454 643 reddit
1472 628 1566 649 prorsus
1584 622 1733 649 exploratam.

1149 669 1210 690 llnnc
1227 669 1297 696 igitur
1314 669 1473 697 quaestionem
1496 669 1525 691 de
1549 673 1607 695 imo,
1631 670 1665 691 vel
1684 670 1789 697 pluribus
1812 670 1934 698 anonymis

1086 716 1240 744 relinquentes
1257 715 1384 743 integram,
1400 717 1553 738 certissimum
1572 723 1623 738 esse
1641 718 1814 743 contendimus,
1832 718 1854 739 S.
1866 718 1936 739 Bona-

1086 765 1207 784 xeuturam
1225 768 1275 784 esse
1297 763 1432 789 auctorent,
1451 769 1496 784 non
1522 767 1598 785 nutem
1625 764 1760 791 scriptorem
1785 767 1806 786 et
1823 764 1933 786 editorem

1087 810 1167 831 harum
1187 809 1346 832 Collationum.
1360 810 1450 832 Praeter
1468 814 1500 832 tot
1511 810 1623 832 editiones
1640 814 1667 832 et
1680 812 1757 838 plures
1782 812 1874 833 codices
1892 818 1934 839 pro

1087 856 1246 877 noiiaventura
1272 860 1365 878 auctore
1388 860 1498 879 testantur
1522 856 1652 879 Chronieon
1676 857 1749 879 XXlV
1776 858 1934 884 Generatiunu

1086 904 1274 926 Bartholomaeus
1291 904 1385 926 Pisanus
1403 904 1428 932 (l.
1445 904 1578 926 Consormit.
1597 905 1661 926 fruct.
1681 905 1702 926 8.
1720 911 1742 932 p.
1761 905 1804 933 2.),
1821 905 1860 933 qui
1879 911 1935 932 opn-

1086 951 1149 973 sculo
1170 950 1248 973 tribuit
1269 951 1374 973 titulum:
1393 950 1486 973 Librum
1509 951 1538 973 de
1561 951 1673 978 operibus
1695 957 1732 973 sex
1757 951 1864 978 dierum;
1882 958 1934 973 ano·

1087 1004 1171 1025 nymus
1195 998 1389 1025 Stronconiensis,
1406 997 1502 1020 eandem
1525 997 1612 1019 habens
1633 998 1822 1025 inscriptionem;
1840 999 1864 1020 S.
1881 998 1934 1020 Ber-

1087 1044 1197 1066 nardinus
1217 1044 1336 1071 Senensis,
1353 1044 1392 1073 qui
1415 1044 1435 1065 in
1459 1044 1559 1071 Operum
1582 1050 1677 1066 suorum
1702 1047 1758 1067 tom.
1780 1045 1804 1066 11.
1821 1050 1874 1072 pag.
1892 1045 1934 1072 28,

1086 1091 1129 1113 col.
1148 1091 1169 1113 1.
1187 1090 1277 1113 scribit:
1298 1091 1365 1113 ‹lloc
1382 1091 1449 1113 sentit
1471 1091 1630 1113 nonai-cutura
1655 1091 1677 1113 in
1698 1092 1746 1114 suis
1768 1091 1935 1114 illuminationi-

1087 1136 1143 1163 bus,
1161 1137 1250 1160 visione
1266 1138 1341 1165 prima
1359 1141 1381 1160 et
1402 1138 1475 1160 collat.
1492 1139 1548 1165 2.»;
1572 1137 1686 1160 nobertus
1709 1138 1738 1160 de
1760 1138 1821 1160 Licio
1841 1147 1852 1157 α
1864 1144 1934 1166 super

1087 1184 1194 1206 Genesim
1211 1190 1284 1212 opus,
1301 1185 1365 1213 quod
1383 1184 1508 1207 intitulatur
1525 1185 1554 1207 de
1572 1185 1664 1212 Septem
1683 1184 1828 1213 Visionibus;
1846 1185 1935 1207 Tritlie-

1087 1232 1148 1254 mius
1164 1232 1256 1254 dicens:
1277 1240 1287 1251 α
1299 1231 1505 1255 lllumimuionum
1523 1232 1612 1259 insigne
1628 1238 1701 1260 opus,
1718 1231 1774 1254 liber
1785 1238 1846 1254 unus
1857 1241 1878 1259 υ,
1890 1232 1935 1254 alii-

1086 1285 1132 1308 que
1150 1279 1289 1307 posteriores
1306 1279 1370 1301 multi
1389 1279 1452 1307 (vide
1469 1279 1527 1301 intra
1545 1285 1565 1301 c.
1584 1279 1638 1307 *¹2ss

1149 1326 1182 1348 De
1200 1326 1347 1349 multitudine
1368 1329 1390 1348 et
1416 1326 1518 1354 pondere
1541 1327 1733 1354 gravissimarum
1756 1326 1933 1354 sententiarum,

1086 1371 1173 1400 quibus
1190 1373 1299 1394 refertum
1317 1375 1351 1394 est
1367 1373 1411 1395 hoc
1429 1373 1581 1401 opusculum,
1593 1375 1615 1395 et
1626 1378 1706 1395 earum
1724 1372 1847 1395 eoncordia
1863 1373 1935 1400 perse-

1086 1418 1186 1440 ctissima
1205 1424 1259 1441 cum
1270 1419 1373 1441 doctrina
1387 1419 1586 1441 Bonaventuriana
1599 1419 1755 1442 multawerba
1768 1421 1843 1442 tacere
1854 1425 1935 1441 corani

1086 1465 1129 1487 illis
1138 1466 1178 1494 qui
1189 1469 1290 1488 nostram
1303 1466 1427 1489 editionem
1437 1469 1458 1489 et
1468 1466 1598 1489 subnexum
1607 1467 1709 1490 scholion
1718 1467 1849 1489 examinare
1858 1473 1868 1488 1
1875 1467 1935 1489 olue-

1085 1513 1142 1540 rint,
1155 1514 1299 1541 superfluum
1309 1520 1360 1536 esse
1370 1514 1468 1536 videtur.
1479 1515 1525 1542 lam
1535 1514 1611 1536 Sixtus
1620 1514 1727 1536 Senensis
1736 1514 1790 1537 Ord.
1801 1514 1881 1537 Praed.
1891 1513 1935 1541 (131-

1086 1559 1200 1584 blmtheca
1211 1562 1303 1588 sancta,
1317 1561 1338 1583 S.
1351 1561 1390 1583 Pio
1403 1561 1430 1583 V.
1442 1561 1558 1588 dedicata,
1571 1564 1593 1583 et
1605 1562 1684 1584 ultimo
1696 1561 1756 1583 edita
1770 1561 1862 1589 Neapoli
1874 1560 1933 1583 '¹742

1085 1610 1141 1629 tom.
1159 1608 1174 1629 1.
1186 1613 1240 1636 pag.
1252 1608 1307 1637 346)
1326 1608 1383 1630 haec
1400 1608 1429 1630 de
1447 1608 1481 1630 his
1498 1607 1662 1631 collationibus
1680 1608 1783 1636 scripsit:
1798 1608 1859 1631 «Hic
1876 1608 1935 1631 inter

1086 1655 1156 1676 multa
1180 1654 1283 1682 piissima
1307 1661 1391 1683 opera,
1407 1661 1468 1684 quae
1490 1655 1569 1677 verbis
1589 1655 1757 1678 ardentissimis
1778 1658 1800 1678 ct
1819 1656 1935 1678 altissimis

1084 1701 1192 1724 sensibus
1213 1702 1241 1724 ad
1265 1701 1429 1724 illuminandos
1452 1702 1542 1724 animos
1564 1705 1585 1724 et
1606 1702 1783 1725 inflammandas
1804 1703 1935 1725 voluntates

1085 1748 1211 1776 legentium
1223 1748 1302 1770 divino
1313 1754 1424 1770 aecensus
1436 1754 1515 1770 amore
1527 1749 1665 1776 composuit,
1680 1748 1757 1771 nobile
1768 1756 1862 1778 quoque
1874 1756 1934 1778 opus

1084 1795 1107 1816 in
1125 1795 1282 1817 llexnemeron
1299 1794 1435 1817 scholastico
1451 1795 1558 1817 dictionis
1574 1802 1658 1823 genere
1676 1796 1783 1823 dictavit,
1795 1796 1832 1818 eui
1849 1796 1878 1819 de
1890 1796 1934 1819 Lu·

1084 1841 1218 1865 mium-ibus
1235 1841 1353 1865 Ecclesiae
1369 1842 1419 1864 sive
1434 1842 1464 1865 de
1480 1842 1696 1865 illuminationibus
1714 1843 1763 1865 sive
1784 1843 1813 1865 de
1831 1842 1934 1872 quinque

1084 1889 1136 1919 [sic]
1158 1889 1291 1912 Visitmibus
1308 1889 1394 1912 idcirco
1411 1889 1489 1912 titulus
1506 1892 1552 1917 est,
1570 1890 1623 1919 quia
1643 1890 1666 1912 in
1685 1896 1712 1912 eo
1732 1890 1878 1918 potissimum
1894 1897 1932 1913 ex-

1084 1939 1202 1963 ponuntur
1213 1936 1317 1965 quinque
1329 1936 1380 1959 illae
1392 1936 1492 1959 visiones
1504 1937 1556 1964 Dei,
1569 1938 1751 1965 comprehensae
1763 1937 1786 1959 in
1802 1944 1828 1959 ea
1845 1942 1936 1960 senten-⁴

1085 1983 1115 2005 tia
1135 1983 1219 2011 Moysi:
1241 1982 1302 2005 Vidit
1319 1983 1393 2011 Deus,
1416 1982 1480 2013 quod
1500 1985 1559 2007 esset
1581 1983 1668 2007 bonum
1685 1986 1740 2012 eto,

1084 2031 1199 2059 principio
1222 2028 1337 2053 Geneseo's
1359 2031 1465 2059 repetita.
1486 2031 1576 2054 initium
1599 2032 1676 2060 operis
1693 2035 1738 2055 est:
1756 2033 1782 2055 1η
1801 2032 1876 2056 medio
1894 2032 1934 2056 Eo·-

1764 1984 1888 2014 quinquies
1911 1985 1933 2007 in

1084 2077 1169 2101 clasiae
1185 2077 1280 2107 aperuit
1296 2084 1322 2101 os
1334 2078 1384 2101 eius
1401 2081 1444 2101 etc.
1462 2079 1577 2101 Dividitur
1588 2083 1665 2101 autem
1686 2080 1821 2102 universum
1839 2086 1899 2108 opus
1912 2081 1933 2102 in

1084 2131 1204 2147 sermones
1220 2125 1302 2153 viginti
1326 2128 1383 2152 tres,
1404 2126 1553 2154 tropologicis
1575 2126 1693 2153 sensibus,
1712 2126 1863 2153 flagrantibus
1883 2133 1934 2149 sen-

1084 2172 1159 2194 tentiis
1175 2175 1197 2194 et
1213 2171 1325 2194 abstrusis
1346 2172 1496 2195 scholasticae
1520 2173 1677 2202 mysticaeque
1699 2174 1827 2201 theologiae
1844 2174 1933 2196 arcanis

1083 2220 1245 2242 refertissimos
1256 2228 1278 2241 ⁷1.
1289 2231 1321 2236 --
1332 2219 1397 2242 Plura
1410 2220 1439 2242 de
1452 2221 1590 2248 praestantia
1605 2221 1722 2243 doctrinae
1740 2221 1760 2243 in
1779 2221 1813 2243 his
1830 2220 1933 2244 Collatio-

1084 2266 1154 2289 nibus
1165 2269 1284 2289 contentae
1295 2269 1318 2289 et
1328 2264 1438 2289 'eiusdem
1454 2267 1612 2290 convenientia
1631 2274 1683 2290 cum
1697 2268 1897 2290 Bonaventuriana
1910 2268 1932 2290 in

1084 2313 1133 2335 aliis
1144 2313 1255 2342 operibus
1267 2320 1389 2341 expressae
1402 2314 1471 2336 habet
1487 2315 1571 2337 Bonelli
1590 2315 1723 2339 (Prodrom.
1734 2316 1777 2337 col.
1790 2315 1835 2337 624
1848 2315 1932 2344 seqq.).

1084 2360 1146 2383 ldem
1164 2364 1260 2388 apparet
1276 2367 1302 2383 ex
1320 2361 1403 2383 nostris
1419 2361 1478 2383 notis
1495 2364 1517 2383 et
1534 2361 1736 2383 adiecto-scholio.

1146 2410 1159 2437 {3
1177 2409 1198 2430 2.
1210 2407 1294 2431 Restat
1305 2407 1392 2431 diluere
1403 2408 1517 2438 rationes,
1529 2408 1610 2438 quibus
1622 2407 1747 2431 casimirus
1758 2407 1870 2436 Oudinus,
1884 2407 1932 2430 edi-

1083 2455 1144 2478 tom
1161 2455 1242 2478 Veneti
1260 2455 1283 2478 et
1301 2454 1410 2478 szmlea
1432 2454 1521 2478 inducti
1545 2455 1613 2483 nunt,
1631 2455 1658 2477 ut
1677 2454 1717 2477 hoo
1740 2461 1794 2484 opus
1814 2454 1933 2477 Bonnen-

1083 2502 1151 2525 turae
1167 2501 1335 2525 abiudicarent.
1347 2513 1378 2518 —
1390 2502 1462 2524 Venia
1480 2502 1555 2524 danda
1573 2505 1605 2524 est
1624 2502 1758 2530 praedictis,
1775 2502 1839 2530 quod
1856 2502 1931 2524 taedio

1084 2552 1245 2577 corruptarum
1263 2549 1391 2571 editionum
1408 2549 1481 2571 affecti
1493 2552 1515 2570 et
1529 2549 1551 2570 in
1568 2548 1693 2571 verborum
1706 2549 1829 2576 superficie
1841 2550 1933 2571 haeren-

1084 2599 1129 2623 tes,
1143 2597 1217 2624 ipsum
1231 2602 1291 2624 opus
1306 2596 1386 2618 leviter
1398 2598 1420 2617 et
1436 2595 1578 2623 negligenter
1591 2596 1780 2618 examinaverint.
1792 2596 1932 2623 Audiamus,

1081 2642 1140 2671 quid
1157 2645 1276 2670 opponant
1296 2641 1419 2669 praedicti,
1443 2642 1577 2669 praesertim
1604 2641 1723 2670 Sbaralea,
1744 2643 1783 2671 qui
1804 2645 1855 2670 post
1877 2629 1932 2665 alios

1084 2689 1143 2712 duos
1159 2689 1250 2717 scripsit
1266 2691 1287 2710 et
1304 2688 1398 2711 maioris
1416 2689 1437 2710 in
1456 2690 1497 2711 hac
1515 2695 1539 2711 re
1557 2689 1718 2712 diiudicandus
1734 2693 1767 2712 est
1784 2689 1933 2712 auctoritatis,

1147 2735 1251 2758 Oudinus
1262 2737 1285 2757 ot
1296 2735 1376 2757 Veneti
1394 2735 1494 2758 editores
1512 2739 1535 2758 ut
1548 2737 1640 2764 signum
1657 2737 1822 2765 suppositionis
1839 2736 1932 2758 irriden<

1086 2786 1118 2805 tes
1134 2784 1232 2816 atterunt
1249 2788 1331 2805 vocem
1349 2783 1507 2812 tristarentur,
1527 2790 1587 2813 quae
1605 2784 1723 2812 legebatur
1736 2784 1757 2805 in
1775 2784 1875 2811 antiquis
1887 2784 1933 2805 edi-

1085 2829 1185 2852 tionibus
1202 2830 1286 2858 (collat.
1303 2831 1325 2852 2.
1342 2833 1363 2852 et
1381 2831 1402 2853 in
1419 2831 1474 2854 edit.
1491 2832 1541 2853 Vat.
1559 2838 1613 2859 pag.
1632 2832 1672 2858 ⁴5,
1691 2832 1732 2853 col.
1749 2831 1784 2857 l.).
1802 2830 1846 2852 Sed
1859 2831 1932 2853 hicio

1086 2883 1126 2899 eus
1142 2879 1176 2899 est
1195 2877 1346 2905 interpolatus
1361 2881 1384 2900 et
1401 2881 1491 2901 sumtus
1508 2885 1534 2901 ex
1553 2879 1627 2901 collat.
1648 2879 1666 2900 l.
1685 2885 1706 2900 n.
1728 2878 1761 2900 15,
1780 2878 1883 2905 opusculi
1904 2878 1933 2899 de

1085 2929 1173 2954 septem
1192 2926 1258 2949 donis
1275 2926 1373 2954 Spiritus
1390 2927 1425 2953 S.,
1442 2930 1464 2948 et
1482 2927 1512 2948 ibi
1530 2933 1574 2948 vox
1592 2926 1627 2948 illa
1644 2932 1691 2948 non
1709 2926 1833 2951 invenitur,
1851 2931 1892 2947 uec
1910 2925 1931 2946 in

1085 2973 1131 2995 ullo
1148 2962 1228 2995 codice
1248 2979 1289 2995 nec
1308 2973 1329 2995 in
1350 2976 1426 2995 nostra
1446 2973 1560 2999 editione,
1581 2975 1712 3000 praeterea,
1731 2972 1837 2994 Sbaralea
1858 2974 1933 2993 osten-

1089 3019 1134 3047 dit,
1145 3026 1227 3042 vocem
1245 3018 1365 3049 bifurctu'e
1383 3024 1516 3048 usurpatam
1531 3026 1581 3042 esse
1599 3019 1628 3042 ab
1640 3020 1683 3042 alio
1701 3022 1794 3041 auctore
1806 3024 1865 3040 saec.
1878 3018 1922 3040 xit!
