2285 3398
1009 128 1117 157 SERMO
1139 129 1178 156 ΙΙΙ.

225 208 324 241 eritts;
345 211 369 236 et
384 207 481 236 videbo
494 206 667 243 sanquinem
688 210 713 234 et
725 206 910 243 pertransibo
928 216 993 241 vos,
1015 216 1065 235 uec·

225 254 279 282 erit
307 254 337 282 in
366 254 443 282 nobis
469 254 559 291 playa
586 253 773 290 disperdens,
803 262 868 281 cum
894 262 1064 290 percussero

226 304 336 329 terram
359 301 488 338 Aeyypti.
518 301 544 328 ln
567 300 789 337 quibuscumque
817 301 888 328 enini
911 301 937 329 in
959 301 1002 329 die
1024 300 1064 328 iu-

224 347 285 375 dicii
308 348 406 375 viderit
421 347 580 383 sanguinem
603 354 668 374 suae
691 347 896 383 redemptionis,
919 347 977 376 illos
999 347 1063 375 lilie-

225 394 296 422 rabit
316 402 331 421 a
352 394 430 430 plaga
457 396 583 421 aeternae
612 393 810 429 percussionis,
832 393 942 430 quando
963 393 1064 421 scilicet

221 441 359 477 percutiet
380 443 487 468 terrain
504 439 590 476 nirgya
608 439 668 467 oris
681 440 731 468 sui
751 444 774 468 et
789 440 897 476 spiritu
918 440 1064 468 labiorum

223 495 344 514 suorum
362 486 511 522 interficiet
526 486 656 522 impium.
670 504 705 506 --
719 486 917 523 Cousiteantur
931 494 997 523 ergo
1010 487 1063 514 Do-

224 532 301 560 mino
323 532 549 565 misericordiae,
564 532 629 568 quia
648 533 843 569 praefiguravit
864 533 942 561 nobis
963 540 1064 569 corpus

224 587 304 607 suum
327 579 353 607 in
375 579 464 615 figura
485 579 556 614 aqui
574 578 731 615 paschatis.

82 645 164 663 Imm·
180 646 206 664 „e
302 626 346 654 30.
369 625 469 661 Quinto
485 626 679 662 praefiguravit
701 626 778 655 nobis
792 634 893 663 corpus
914 634 996 655 suum
1011 626 1063 654 sub

81 669 211 715 sgfflnffiusstm
222 672 311 709 figura
326 671 458 700 illesam·
478 672 612 700 caelestis.
631 672 661 700 Et
682 673 749 702 bene
764 676 940 710 comparatur
961 680 1062 709 corpus

79 722 210 765 aegidii?
221 719 319 747 Christi
342 718 495 749 thesauro,-
510 719 586 755 quia,
609 720 679 748 sicut
701 720 727 748 in
743 720 873 749 thesauro
889 723 1062 756 reponuntur

78 768 135 787 mstis·
221 766 410 795 desiderabilia
430 765 601 800 divitiarum,
622 768 660 795 sic
682 767 708 795 in
731 775 845 803 corpore
860 767 960 795 Christi
983 775 1060 803 repo—

221 813 272 841 sita
293 816 357 841 sunt
383 812 474 841 omnia
499 813 663 842 charismata
691 814 862 851 gratiarum;
884 816 911 842 et
932 814 983 842 hoc
1004 817 1060 845 cst,

220 860 292 897 quod
314 860 387 888 Deus
408 860 498 893 Pater,
520 860 613 889 volens
634 869 759 898 sponsam
781 861 837 889 Filii
859 861 917 895 sui,
939 864 1060 889 sanctam

88 908 204 951 p{fi'¹}}²³²3³g¹¹¹
220 909 335 935 matrem
361 906 522 939 Ecclesiam,
538 908 686 941 consolari,
705 910 767 936 ante
788 907 936 936 adventum
959 907 1059 935 Christi

185 947 188 951 ’
219 953 395 990 promittebat
415 953 438 981 ei
460 954 511 982 hos
532 954 676 983 thesauros
696 954 803 982 dicens:
833 954 896 982 Tibi
915 953 1059 982 ‹labo'tlie-

218 1008 325 1028 sauros
339 999 536 1033 absconditos,
560 1001 640 1029 Isaiae
655 1000 865 1037 quadragesimo
886 1000 982 1037 quinto
995 1001 1012 1028 ¹.
1030 1001 1058 1028 lli

219 1047 340 1075 thesauri
355 1047 507 1083 gratiarum
522 1047 590 1076 bene
604 1048 734 1076 dicuntur
745 1046 919 1081 absconditi,
931 1048 996 1084 qnia
1007 1047 1059 1076 sub

218 1094 392 1122 Sacramento
414 1093 511 1122 visibili
528 1094 616 1122 velati.
639 1095 669 1122 Et
690 1093 807 1122 notabile
822 1097 862 1122 est
883 1094 957 1130 qnod
978 1094 1057 1122 dicit:

72 1142 208 1184 {332230522233
225 1140 288 1168 Tibi
317 1140 391 1168 dabo
422 1139 593 1174 thesauros,
626 1141 653 1169 in
685 1139 792 1177 plurali.
825 1140 949 1175 Quatuor
983 1140 1055 1168 enim

80 1188 207 1231 2213331115211·
218 1187 340 1216 thesauri
363 1190 427 1215 sunt
451 1187 478 1215 in
500 1187 608 1216 Christo
634 1188 686 1216 snb
710 1187 862 1216 velamento
890 1186 1057 1214 Sacrainenti

217 1234 375 1263 absconditi.
407 1234 434 1262 In
460 1235 519 1271 ipso
543 1235 615 1263 enim
647 1237 689 1263 est
719 1234 867 1263 thesaurus
896 1234 986 1262 omnis
1017 1242 1058 1261 es-

215 1280 339 1314 sentiae,
361 1281 450 1309 omnis
470 1281 646 1317 sapientiae,
668 1280 756 1309 omnis
779 1280 896 1317 gratiae
916 1283 943 1308 et
969 1280 1058 1308 omnis

214 1326 333 1363 oloriae.

246 1364 249 1368 ⁸
293 1373 338 1401 31.
363 1373 451 1402 Primo
471 1373 543 1402 enim
565 1373 592 1401 in
611 1373 719 1402 Christo
737 1376 778 1402 est
800 1373 949 1402 thesaurus
963 1374 1057 1402 omnis

118 1422 197 1441 Primuss·
214 1420 359 1447 esseutiae.
381 1419 478 1448 Omnia
504 1420 593 1453 enim,
620 1428 691 1456 quae
719 1423 799 1453 sunt,
826 1428 898 1456 quae
926 1420 1055 1454 suerunt,

214 1473 284 1502 quae
304 1469 402 1499 erunt,
424 1466 465 1494 vel
486 1474 557 1503 quae
579 1466 637 1495 fieri
666 1470 796 1503 possunt,
819 1466 855 1495 ab
879 1466 939 1503 ipso
960 1470 986 1495 et
1003 1475 1056 1504 per

213 1511 310 1548 ipsum
330 1516 356 1540 et
376 1512 406 1540 iii
427 1512 490 1548 ipso
509 1515 585 1540 sicut.
608 1512 700 1549 Cogita
720 1521 801 1549 ergo,
823 1513 913 1550 qualis
933 1516 975 1541 est
995 1514 1055 1542 the-

213 1565 313 1586 saurus
334 1557 400 1591 iste,
421 1557 454 1586 de
475 1566 530 1594 quo
545 1558 674 1592 eaelum,
690 1562 786 1592 terra,
802 1567 884 1587 mare
898 1562 924 1586 et
937 1560 1054 1593 omnia,

213 1612 286 1641 quae
306 1604 337 1631 in
357 1604 397 1632 eis
417 1605 524 1637 su'nt2,
547 1604 717 1640 prodierunt.
739 1605 814 1634 Unde
835 1605 868 1634 de
883 1606 992 1634 Christo
1007 1614 1054 1642 po-

213 1652 265 1678 test
284 1649 335 1678 diei
359 1650 426 1678 illud
447 1650 573 1679 Matthaei
601 1650 707 1679 decimo
736 1651 835 1679 tertio:
865 1652 923 1686 Qui
940 1651 1054 1688 profert

212 1696 245 1724 de
266 1695 401 1725 thesauro
421 1705 474 1725 suo
496 1705 571 1725 nova
591 1700 616 1725 et
642 1700 759 1731 vetera,·
787 1700 814 1726 et
841 1697 908 1726 illud
937 1697 1052 1726 Psalmi:

214 1743 271 1779 Qui
287 1743 424 1780 producit
445 1748 541 1772 veritos
562 1743 595 1772 de
616 1742 762 1772 thesauris
775 1744 846 1772 suis.
864 1760 900 1765 —
915 1744 1052 1778 Secundo,

91 1795 194 1813 Secundus·
211 1790 239 1818 in
260 1790 368 1819 Christo
389 1794 430 1819 est
449 1791 597 1820 thesaurus
610 1792 704 1820 omnis
716 1792 894 1829 sapientiam
909 1791 966 1828 ipse
980 1791 1053 1820 enim

212 1837 349 1874 cognoscit
363 1838 470 1872 omnia,
485 1845 677 1875 quaecumque
692 1842 771 1872 sunt,
787 1846 980 1876 quaecumque
995 1838 1053 1867 sue-

211 1886 293 1918 runt,
314 1892 507 1921 quaecumque
528 1888 626 1918 erunt,
647 1893 839 1922 quaecumque
854 1885 913 1914 fieri
929 1888 1051 1922 possunt.

212 1930 243 1959 Et
264 1939 318 1960 non
339 1931 429 1960 solum
456 1931 594 1968 cognoscit
615 1939 675 1965 res,
697 1932 743 1960 sed
765 1933 846 1960 etiam
868 1932 1052 1965 conditiones,

210 1985 280 2014 quas
301 1986 345 2007 res
366 1978 467 2007 habent
489 1978 531 2007 vel
553 1978 655 2007 habere
677 1979 822 2015 possunt-¹³.
846 1979 904 2016 lpse
924 1979 997 2008 enim
1012 1982 1053 2008 est

210 2024 299 2059 Deus,
325 2037 338 2050 «
353 2025 397 2054 cui
419 2033 500 2054 omne
521 2033 568 2055 cor
589 2028 663 2062 patet
689 2029 717 2054 et
743 2026 831 2055 omnis
859 2026 986 2055 voluntas
1014 2026 1052 2054 lo-

209 2071 322 2108 quitur,
343 2074 370 2101 et
390 2080 473 2109 quem
494 2072 602 2101 nullum
630 2072 695 2101 latet
722 2076 858 2101 secretum
874 2084 901 2101 ».
923 2073 979 2101 Non
1008 2080 1051 2101 so—

1904 132 1958 161 563

1121 206 1177 234 lum
1194 210 1283 236 antem
1298 216 1341 236 res
1354 208 1548 245 persei-tissime
1561 209 1617 246 ipse
1631 209 1784 246 cognoscit,
1800 209 1845 237 sed
1861 211 1959 242 omnia,

1120 262 1190 290 quac
1211 258 1430 290 cognoscuntur,
1453 255 1509 291 ipse
1530 263 1693 291 cognoscere
1715 256 1785 284 facit.
1810 256 1866 292 lpse
1888 258 1958 286 enini

1120 304 1161 329 cst
1190 302 1254 335 lux,
1283 310 1353 338 quae
1382 302 1517 331 illuminat
1544 311 1623 331 omne
1655 304 1747 332 lumen
1769 307 1795 332 et
1816 310 1959 333 conservat

1121 348 1146 375 in
1163 357 1212 376 suo
1228 349 1334 385 vigorc3
1352 349 1457 377 loannis
1477 352 1572 378 octavo
1583 350 1609 377 ⁴:
1629 351 1686 387 Eyo
1700 360 1766 378 sum
1781 351 1832 379 tua:
1847 353 1957 380 mundi.

1122 395 1157 422 lh·
1181 396 1230 423 hoc
1252 397 1382 424 thesauro
1403 397 1503 425 dicitur
1522 398 1554 425 ad
1570 398 1756 426 Colossenses:
1775 398 1807 425 lu
1822 407 1878 436 quo
1892 403 1959 426 sum

1120 450 1216 469 omues
1238 441 1369 470 thesauri
1388 443 1547 478 sapientiae
1568 448 1591 471 et
1613 444 1747 472 scientiae
1769 444 1814 471 Dei
1841 444 1958 471 abscou-

1120 488 1181 516 ‹o'cez
1198 504 1234 508 -α
1249 489 1357 522 Tertio,
1380 489 1405 516 in
1428 489 1536 517 Christo
1557 493 1598 518 cst
1614 491 1762 519 thesaurus
1781 491 1874 518 <minis
1887 499 1959 528 9ra·
1975 494 2055 512 Terssm

1120 535 1192 568 tium
1214 535 1270 571 ipse
1291 535 1363 563 enini
1393 539 1434 563 est
1453 536 1555 572 plenus
1574 538 1675 573 qratia
1696 541 1720 565 et
1743 538 1898 572 neruum,
1926 538 1958 566 dc

1119 581 1198 609 cuius
1227 582 1394 617 plenitudine
1423 582 1555 610 hauriunt
1582 584 1672 619 Angeli
1699 587 1725 612 et
1747 584 1877 613 homines.
1901 585 1958 621 lpse

1119 628 1190 656 enini
1212 628 1339 656 fontalem
1363 628 1558 665 plenitudinem
1581 630 1677 664 habet,
1699 631 1745 666 qui
1774 631 1868 667 aperit
1895 640 1957 659 ma-

1118 684 1189 703 ‘num
1210 684 1297 703 sutum
1318 679 1343 703 et
1363 675 1458 712 irripiet
1479 684 1561 703 omue
1575 676 1689 704 animat
1703 677 1833 705 rationale
1849 677 1957 706 benedi-

1118 722 1215 749 ctione.
1229 739 1263 741 —
1276 722 1307 750 Et
1322 721 1371 750 iste
1391 714 1538 750 thesaurus
1555 723 1706 759 gratiarnm
1725 724 1900 753 absconditus
1917 728 1957 754 est
1975 727 2096 768 Εδῑᾱῇζξῠψ

1117 769 1170 796 suh
1198 769 1349 796 velamento
1377 769 1542 797 sacramenti
1571 770 1679 803 altaris;
1702 771 1826 798 Matthaei
1853 771 1957 799 decimo

1118 815 1235 843 tertio⁶s
1252 815 1349 843 Simile
1370 819 1410 843 est
1431 824 1553 852 reginum
1574 816 1719 844 caelorum
1742 816 1878 845 thesauro
1893 818 1957 846 abs-

1117 862 1228 890 condito
1244 862 1275 890 iii
1290 870 1363 899 αρν-ο
1378 865 1428 890 etc.
1445 862 1515 898 Quid
1536 862 1706 899 significatur
1725 864 1768 892 liic
1785 872 1833 900 per
1848 873 1957 902 aarum

1117 909 1166 937 nisi
1189 909 1313 945 corporis
1334 909 1434 937 Christi
1450 910 1672 943 Sacramentum,
1688 910 1761 946 quod
1775 911 1808 939 de
1823 919 1888 948 agro
1903 912 1957 940 col-

1117 955 1232 992 ligitur?
1254 956 1281 983 ln
1305 955 1355 983 hoc
1376 964 1443 992 agro
1465 956 1598 984 habemus
1627 956 1787 985 thesaurum
1816 958 1957 986 abscondi-

1116 1006 1190 1036 tum,
1212 1002 1277 1039 quia
1298 1002 1333 1031 ibi
1356 1002 1440 1031 latent
1453 1003 1544 1031 omnia
1565 1011 1666 1040 genera
1678 1004 1852 1040 *gratiarum3
1875 1014 1956 1043 quem

1115 1049 1166 1087 qui
1180 1049 1288 1077 invertit
1300 1057 1375 1086 prae
1388 1049 1498 1086 9uudio
1514 1049 1593 1077 illius
1608 1050 1690 1078 vadit
1703 1053 1727 1078 et
1740 1051 1836 1079 vendit
1848 1052 1956 1083 omnia,

1115 1105 1188 1134 quae
1208 1095 1306 1130 habet,
1328 1100 1355 1124 et
1373 1096 1440 1124 emit
1460 1105 1569 1133 ayrum
1590 1084 1690 1130 thuim
1711 1097 1776 1133 quia
1795 1098 1841 1134 qui
1858 1106 1956 1135 cogno-

1115 1142 1166 1170 scit
1194 1142 1277 1170 huius
1305 1142 1472 1170 Sacramenti
1499 1142 1696 1178 plenitudinem
1719 1144 1896 1172 libentissime
1918 1145 1957 1173 in-

1116 1188 1241 1216 termittit
1266 1188 1346 1216 aliam
1374 1188 1577 1224 operationem,
1606 1193 1637 1217 ut
1664 1197 1693 1217 se
1721 1190 1805 1218 libere
1830 1195 1958 1220 exerceat

1115 1234 1188 1262 circa
1210 1234 1294 1263 liuius
1315 1235 1482 1263 Sacramenti
1504 1235 1692 1271 operationem
1715 1236 1755 1264 vel
1770 1236 1957 1271 devotionem,

1114 1280 1180 1317 quia
1194 1281 1259 1314 scit,
1276 1289 1304 1309 se
1318 1281 1354 1309 ibi
1371 1281 1485 1310 haurire
1506 1284 1633 1311 aeternae
1655 1282 1725 1311 vitae
1747 1283 1957 1319 possessionem,

1113 1327 1221 1356 dicente
1242 1327 1359 1356 Domino
1380 1328 1486 1356 Ioannis
1507 1331 1587 1357 sexto
1599 1329 1628 1356 ⁷:
1645 1329 1703 1364 Qui
1716 1330 1878 1359 manducat
1892 1339 1957 1359 cai·-

1113 1383 1177 1402 uem
1200 1383 1295 1403 meam
1315 1378 1340 1403 et
1361 1374 1431 1403 bibit
1450 1384 1547 1404 meum
1567 1376 1739 1413 sanquinem
1761 1376 1844 1405 hahet
1868 1378 1958 1406 vitam

1114 1425 1272 1449 aeternam.
1288 1438 1327 1442 —
1340 1421 1460 1457 Quarto,
1480 1422 1507 1450 in
1522 1422 1631 1451 Christo
1645 1426 1686 1451 est
1701 1423 1850 1452 thesaurus
1864 1424 1957 1452 omnis
1974 1427 2061 1450 Quarun-

1110 1467 1231 1504 gloriae.
1254 1468 1392 1504 Quidquid
1413 1469 1485 1496 enim
1507 1469 1609 1497 habent
1623 1470 1714 1506 Angeli
1736 1470 1839 1506 gloriae
1860 1474 1887 1499 et
1908 1471 1956 1499 ho—

1111 1514 1214 1547 mines,
1235 1514 1404 1551 quicumque
1431 1515 1551 1542 salvandi
1577 1518 1643 1543 sunt
1663 1524 1752 1552 usque
1772 1517 1799 1544 in
1820 1517 1891 1545 diem
1914 1518 1955 1545 iu-

1110 1560 1188 1593 dicii,
1210 1559 1243 1587 de
1264 1560 1323 1596 ipso
1343 1560 1421 1596 quasi
1443 1560 1476 1588 de
1498 1560 1629 1589 thesauro
1650 1561 1799 1595 hauriunt,
1821 1563 1878 1591 sive
1892 1571 1954 1599 per-

1112 1605 1196 1633 tineat
1216 1605 1250 1633 ad
1271 1605 1367 1633 stolam
1383 1606 1523 1642 corporis,
1538 1606 1595 1635 sive
1609 1607 1723 1636 animae.
1741 1608 1798 1644 lpse
1812 1611 1854 1637 est
1867 1609 1953 1643 enim,

1110 1651 1157 1687 qui
1179 1651 1211 1679 in
1232 1650 1379 1680 thesauris
1392 1652 1456 1680 suis
1467 1653 1552 1689 ponit
1572 1653 1692 1691 abyssos
1703 1654 1724 1688 Β,
1740 1654 1767 1682 id
1781 1658 1822 1684 est
1837 1655 1953 1692 inexpli-

1110 1697 1210 1726 cabiles
1231 1698 1305 1727 illius
1325 1698 1427 1735 gloriae
1449 1700 1588 1729 terminos.
1613 1701 1642 1729 Et
1663 1700 1776 1738 propter
1798 1702 1849 1731 hoe
1874 1702 1953 1732 iussit

1109 1752 1159 1773 nos
1179 1744 1213 1773 ad
1234 1745 1317 1774 istum
1345 1746 1507 1774 thesaurum
1529 1755 1694 1784 properare,
1716 1756 1779 1777 cum
1800 1749 1865 1778 dicit
1886 1750 1952 1778 Mat-

1111 1792 1182 1821 thaei
1204 1795 1283 1821 sexto
1296 1803 1302 1820 ε
1331 1791 1541 1822 Thesaurizate
1553 1794 1640 1824 ,vobis
1654 1794 1806 1824 thesauros
1820 1797 1851 1825 in
1865 1797 1950 1825 caeto.

1109 1839 1147 1867 Ad
1168 1839 1219 1868 hos
1239 1839 1385 1869 thesauros
1406 1841 1495 1869 Sancti
1517 1842 1694 1871 vehementer
1714 1843 1870 1872 desiderant
1890 1852 1952 1881 per-
1968 1845 2086 1888 {52³0}ssssss

1110 1885 1222 1920 venire;
1244 1889 1271 1915 et
1292 1894 1356 1915 cum
1383 1887 1416 1916 ad
1441 1895 1488 1916 eos
1508 1888 1665 1925 pertingere
1685 1889 1736 1918 nisi
1759 1898 1808 1927 per
1835 1894 1952 1920 mortem
2080 1883 2085 1888 ’

1109 1936 1263 1970 nequeant,
1284 1933 1373 1972 quasi
1391 1933 1551 1972 effodientes
1577 1934 1738 1971 thesauros,
1759 1937 1889 1974 {Jaudent
1908 1947 1952 1967 ve-

1109 1978 1264 2014 amenter,
1285 1989 1351 2008 cum
1372 1981 1532 2010 invenerint
1552 1982 1736 2019 sepulcrum,
1759 1984 1804 2012 lob
1825 1985 1914 2013 tertio.

1187 2026 1232 2055 32,
1255 2027 1415 2056 Thesaurus
1435 2032 1527 2057 autem
1549 2029 1600 2058 iste
1624 2032 1666 2058 est
1693 2030 1880 2060 absconditus
1900 2031 1952 2061 sub
1972 2033 2096 2053 Absfflssdiffl

1108 2073 1261 2102 velamento
1283 2074 1360 2110 panis
1381 2077 1408 2103 et
1430 2075 1483 2103 vini
1506 2079 1620 2112 propter
1640 2079 1760 2113 quatuor
1776 2078 1909 2113 rationes3
1925 2081 1952 2108 et
1962 2057 2030 2100 ῗῑῗυὲἒ
2044 2057 2054 2075 ι
2068 2063 2097 2076 ‘³'

272 2285 279 2299 ¹
297 2287 363 2309 Vers.
380 2288 406 2309 3:
424 2288 449 2309 Et
465 2287 526 2309 dabo
542 2286 582 2309 tibi
594 2290 636 2310 etc.
648 2300 679 2305 —
691 2288 801 2316 Superius
817 2292 868 2317 post
885 2288 1048 2312 desiderabilia

208 2325 253 2347 BD
269 2326 358 2348 addunt
381 2332 493 2355 quaeque.
510 2326 552 2348 l‘ro
577 2326 671 2348 lectione
695 2327 763 2349 codd.
787 2327 868 2356 Pater,
885 2327 964 2351 volens
981 2334 1048 2357 spon-

208 2370 261 2386 sam
272 2363 328 2387 Filii
337 2364 383 2392 sui,
394 2366 503 2387 sanctam
514 2366 616 2387 matrem
628 2365 764 2394 Ecclesiam,
776 2366 897 2389 consolari
910 2367 995 2389 Bonetli
1007 2367 1048 2389 Pa-

208 2404 243 2425 ter
255 2403 326 2426 totius
342 2403 520 2431 consolationis,
538 2402 617 2426 volens
634 2404 694 2427 Filio
710 2411 753 2428 suo
770 2404 827 2428 dare
843 2412 956 2434 sponsam
974 2405 1048 2428 Eccle-

208 2440 269 2464 siam
276 2450 285 2469 ;
306 2442 367 2464 idem
391 2442 447 2464 infra
469 2441 555 2464 scilicet
577 2448 620 2469 pro
637 2443 664 2464 ln
680 2442 730 2472 ipso
752 2443 813 2466 enim
829 2445 868 2467 est.
886 2443 988 2466 Subinde
1006 2450 1047 2471 pro

208 2480 252 2503 sub
269 2481 424 2504 Sam-amento
442 2480 484 2503 BC
500 2481 557 2503 sunt
572 2481 735 2504 Sam-amento.

270 2518 279 2532 ²
296 2520 377 2542 esaim.
395 2519 452 2547 its,
469 2519 491 2542 6.
508 2519 619 2547 Superius
635 2520 754 2549 respicitur
771 2521 838 2543 Rom.
854 2521 890 2547 ti,
902 2521 940 2543 36.
953 2533 984 2538 —
995 2522 1048 2549 ch.

207 2559 270 2581 locus
292 2559 422 2587 Scripturae
439 2561 472 2580 est
489 2558 564 2580 Matth.
583 2558 623 2585 ¹¹3,
640 2559 679 2586 52;
700 2560 779 2582 tertius
795 2560 831 2582 Ps.
851 2559 904 2589 134,
920 2560 942 2582 7.
954 2572 985 2576 —
1002 2560 1048 2582 Ctr.

207 2598 281 2620 itiner.
297 2597 380 2620 mentis
397 2598 419 2619 in
437 2597 522 2625 Deum,
539 2603 559 2619 c.
576 2598 598 2620 5.
614 2603 637 2619 n.
654 2598 676 2620 8.

268 2634 278 2647 ⁸
295 2636 385 2658 Praeter
401 2635 443 2657 alia
461 2635 545 2657 Bonelli
563 2635 599 2658 hic
616 2636 698 2659 omittit
714 2637 893 2665 propositionem
906 2637 936 2660 Et
946 2644 994 2661 non
1010 2644 1047 2661 so-

207 2673 281 2696 lum...
294 2675 403 2703 possunt,
415 2686 446 2690 —
458 2673 533 2696 Verba
545 2682 550 2696 :
562 2674 599 2696 cui
616 2680 685 2697 omne
701 2681 740 2697 cor
758 2679 819 2703 patet
835 2679 885 2703 etc„
902 2680 976 2699 sumta
994 2679 1047 2699 sunt

206 2718 233 2735 ex
250 2713 366 2740 oratione,
383 2719 443 2742 quae
465 2719 518 2735 cum
536 2713 585 2735 aliis
602 2719 614 2735 a
632 2714 789 2737 sacerdotibus
811 2715 917 2737 recitatur
939 2718 992 2738 ante
1012 2722 1047 2738 ac-

206 2757 297 2773 cessum
313 2752 343 2773 ad
356 2752 437 2780 altare.
449 2764 480 2768 —
495 2751 589 2774 lnserius
605 2758 648 2780 pro
664 2758 702 2775 res
716 2753 883 2783 perfectissime
900 2753 948 2783 ipse
964 2760 1046 2783 009ηο-

205 2788 260 2817 scit,
277 2789 318 2812 sed
334 2790 427 2818 omnia,
445 2797 504 2820 quae
525 2792 700 2819 coquoscuntur
720 2792 805 2814 Bonelli
828 2798 950 2820 perperam
969 2793 1046 2822 perfe-

205 2827 306 2851 stasim
322 2829 440 2858 coynoscit
456 2829 547 2856 onmia,
564 2828 605 2852 sed
621 2830 642 2852 et
657 2829 751 2858 omniu,
769 2837 829 2860 quae
845 2831 970 2860 cognoscit.

267 2865 277 2878 ⁴
289 2866 359 2891 .Vers.
378 2868 414 2889 ⁴2.
426 2880 456 2884 —
469 2868 520 2896 Seq.
538 2869 601 2890 locus
618 2871 651 2890 est
667 2867 753 2891 (tolosa.
770 2871 796 2898 2,
813 2870 835 2892 3.
851 2882 882 2886 —
900 2870 965 2892 Solus
982 2870 1001 2892 D
1018 2870 1045 2893 il-

205 2904 308 2927 luminat
328 2911 421 2928 emm-m
444 2905 561 2928 hominem
582 2912 625 2934 pro
642 2906 762 2930 illuminat
777 2913 846 2930 omne
863 2907 950 2931 lumen.
966 2921 996 2925 —
1013 2909 1045 2931 De

1105 2289 1190 2311 lumine
1207 2295 1276 2311 omne
1293 2289 1369 2312 lumen
1387 2290 1527 2313 illuminante
1544 2292 1584 2314 csr.
1602 2292 1732 2320 Quaestion.
1745 2293 1804 2320 disp.
1816 2293 1844 2315 de
1856 2294 1948 2316 scientia

1104 2328 1197 2354 Christi,
1209 2334 1232 2356 q.
1246 2328 1266 2350 t.
1278 2329 1391 2350 Sententia
1404 2332 1437 2351 est
1449 2330 1557 2358 August„
1569 2331 1609 2352 etr.
1622 2334 1677 2353 tom.
1689 2332 1713 2353 ll.
1724 2337 1779 2359 pag.
1791 2332 1847 2359 266,
1860 2335 1911 2354 nota
1925 2333 1948 2354 2.

1167 2365 1176 2377 ⁶
1194 2367 1253 2388 ioan.
1271 2366 1352 2393 t,.tt:
1370 2367 1463 2390 Plenum
1480 2369 1567 2397 gratiae
1583 2372 1638 2396 etc„
1655 2375 1681 2391 ac
1698 2370 1818 2398 respicitur
1830 2376 1852 2392 v.
1866 2371 1907 2392 46:
1922 2371 1948 2392 Et

1104 2405 1134 2428 de
1150 2405 1293 2433 plenitudine
1310 2406 1359 2428 eius
1377 2413 1418 2429 nos
1434 2413 1515 2429 omnes
1531 2408 1675 2436 accepimnS,
1692 2411 1714 2431 et
1731 2409 1827 2436 gratiam
1845 2415 1886 2437 pro
1898 2415 1947 2437 gra-

1104 2444 1146 2471 tia;
1163 2446 1185 2465 et
1198 2443 1285 2467 ,deinde
1297 2444 1331 2467 Ps.
1348 2444 1400 2473 itt,
1415 2445 1454 2467 ¹6:
1467 2446 1548 2473 Aperis
1560 2448 1583 2468 tu
1597 2452 1689 2468 manum
1703 2449 1764 2469 tuam
1776 2450 1798 2468 et
1810 2447 1891 2474 imples
1902 2450 1946 2469 etc.

1104 2494 1134 2498 —
1152 2482 1203 2504 Post
1219 2482 1312 2505 animal
1328 2483 1389 2505 solus
1406 2484 1490 2506 Bonelli
1507 2484 1570 2506 addit
1584 2485 1732 2513 praesertim.

1166 2519 1176 2532 ⁴³
1193 2521 1259 2544 Veis.
1271 2521 1306 2544 44⁴
1319 2534 1350 2539 —
1362 2523 1473 2551 Superius
1489 2523 1573 2546 Bonelli
1590 2524 1672 2546 omittit
1688 2524 1823 2553 oratiarum
1840 2530 1882 2546 nec
1899 2531 1945 2547 non

1105 2559 1241 2588 velamento,
1258 2564 1280 2583 et
1297 2565 1370 2584 mutat
1386 2562 1537 2585 Sacramenti
1552 2563 1575 2584 iu
1592 2562 1754 2586 Sacramenta.
1765 2575 1796 2580 —
1808 2564 1893 2585 Deinde
1913 2570 1945 2586 re-

1103 2599 1198 2626 spicitur
1209 2599 1270 2621 idem
1283 2600 1347 2623 locus
1358 2601 1446 2623 Matth.:
1458 2601 1532 2629 Quem
1543 2602 1582 2630 qui
1596 2602 1680 2624 invenit
1692 2603 1760 2623 homo
1772 2601 1893 2624 abscondit
1901 2605 1944 2625 etc.

1165 2635 1173 2650 ⁷
1192 2638 1257 2661 Vers.
1269 2639 1307 2662 55.
1318 2651 1349 2656 —
1361 2640 1472 2668 Superius
1489 2640 1534 2663 flde
1545 2641 1562 2663 Α
1572 2640 1589 2663 C
1601 2641 1720 2668 posuimus
1732 2640 1882 2664 Sacrumenti
1892 2647 1945 2670 ope-

1103 2676 1219 2700 rationem
1230 2677 1267 2700 eel
1278 2677 1433 2706 devotionem,
1448 2678 1519 2708 quim
1533 2679 1617 2701 Bonelli
1628 2679 1778 2702 Sacramenta·
1789 2678 1943 2708 devotionem,

1103 2715 1224 2745 quoniam.

1165 2753 1174 2765 ⁸
1191 2755 1273 2778 Psalm.
1297 2756 1339 2784 32,
1361 2757 1383 2779 7.
1409 2756 1511 2779 Subinde
1535 2757 1655 2785 respicitur
1679 2757 1755 2779 Matth.
1772 2757 1799 2784 6,
1817 2758 1853 2779 20.
1875 2760 1943 2787 atque

1103 2792 1141 2815 lob
1153 2793 1178 2821 3,
1191 2793 1227 2815 21.
1240 2794 1281 2816 22:
1293 2795 1430 2818 Effodientes
1442 2797 1573 2818 thesaurum
1586 2796 1734 2824 gaudentque
1744 2797 1890 2818 vehementer
1899 2799 1942 2818 etc.

1101 2843 1132 2848 —
1144 2832 1175 2854 De
1191 2832 1277 2861 duplici
1294 2835 1363 2862 stola,
1378 2835 1461 2857 scilicet
1477 2834 1571 2866 antiquie
1588 2841 1640 2857 eum
1658 2834 1730 2857 tribus
1745 2834 1838 2857 dotibus
1854 2838 1875 2856 et
1892 2840 1942 2857 cor-

1100 2870 1166 2900 poris
1184 2877 1237 2893 cum
1254 2876 1361 2901 quatuor,
1378 2875 1419 2896 cfr.
1433 2870 1549 2903 ‘Breviioq
1564 2879 1589 2902 p.
1607 2874 1651 2896 vn.
1662 2880 1683 2896 c.
1700 2874 1725 2901 73
1742 2874 1779 2895 lV.
1797 2874 1856 2895 Sent.
1868 2873 1891 2895 d.
1904 2874 1941 2895 33.

1102 2916 1122 2932 a.
1141 2910 1162 2932 2.
1179 2916 1201 2939 q.
1220 2911 1242 2933 3.
1258 2915 1280 2933 et
1297 2912 1320 2934 d.
1338 2912 1374 2935 49.
1392 2919 1414 2941 p.
1432 2914 1446 2935 l.
1464 2916 1485 2935 et
1503 2914 1526 2935 ll.
