2285 3398
349 171 406 201 584
877 165 976 194 INDEX
997 165 1237 195 OPUSCULORUM
1259 164 1548 195 THEOLOGICORUM.

346 250 411 274 Com„
460 249 507 272 xn.
524 249 555 271 De
572 248 661 270 visione
671 246 771 270 secunda
783 245 886 269 tractatio
897 245 988 275 quinta,
1005 251 1065 274 quae
1432 247 1454 267 et
1470 244 1546 273 primo
1563 245 1657 273 quidem
1675 245 1705 268 de
1726 245 1882 268 reficientibus
1904 245 1963 268 intel-

534 298 568 318 est
584 295 648 318 tertia
661 294 690 317 de
701 294 846 322 speciositate
863 292 916 315 fidei
933 295 956 314 et
971 292 1020 320 agit
1035 292 1065 315 de
1433 293 1517 315 lectum
1527 309 1923 317 ...........
1952 300 2009 325 paq.
2042 295 2086 318 409

534 343 594 370 Deo,
611 344 636 364 ut
651 344 686 364 est
701 341 817 369 exemplar
832 340 936 362 omnium
952 345 1030 362 rerum
1055 344 1112 368 paq.
1145 339 1189 362 384
1244 337 1306 361 COLL.
1329 338 1406 361 xvm.
1423 339 1456 361 De
1481 340 1544 362 tertia
1570 341 1659 364 visione
1679 342 1782 364 tractatio
1807 345 1881 371 sexta,
1903 349 1963 372 quae

452 390 507 413 Xlll.
524 390 556 412 De
573 389 637 411 tertia
653 388 755 415 visione,
773 393 833 416 quae
849 389 883 410 est
904 386 1065 414 intelligentiae
1433 385 1481 413 agit
1504 386 1533 408 de
1557 388 1650 410 theoriis
1675 389 1805 416 scripturae
1830 389 1963 417 significatis

535 442 576 464 per
587 435 728 463 scripturam
740 434 856 461 eruditae,
868 433 970 456 tractatio
981 433 1064 462 prima,
1434 438 1475 460 per
1493 433 1591 462 tructus,
1616 437 1639 457 et
1655 435 1749 464 quidem
1775 438 1890 464 quatenus
1912 437 1963 459 ress-

536 483 558 504 in
575 488 620 510 qua
638 481 713 509 agitur
728 481 758 504 de
769 481 901 509 Scripturae
912 480 1065 508 intelligentiis
1434 479 1495 501 ciunt
1512 480 1618 503 affectum
1641 498 1963 506 .........
1995 492 2005 504 ι»
2043 484 2086 506 414

536 528 691 557 spiritualibus
709 536 1109 551 ...........
1146 526 1190 549 387
1344 527 1404 549 XlX.
1421 526 1453 548 De
1471 526 1534 548 tertia
1552 527 1639 550 visione
1656 529 1758 552 tractatio
1779 530 1876 558 septima
1893 534 1916 553 et
1933 531 1962 553 ul-

448 577 507 599 XlV.
524 577 556 599 De
573 576 637 598 tertia
655 575 744 598 visione
760 575 862 598 tractatio
874 575 988 601 secunda,
1005 580 1065 602 qnae
1434 573 1501 600 tima,
1518 579 1578 602 quae
1595 574 1642 602 agit
1658 574 1687 597 de
1698 579 1758 598 recta
1776 576 1813 598 via
1830 579 1853 598 et
1868 577 1963 604 ratione,

536 623 614 651 incipit
630 628 699 650 agere
716 622 745 644 de
757 622 889 650 ‘scripturae
900 621 981 649 figuris
992 627 1065 643 sacra·
1434 626 1480 648 qua
1498 621 1583 643 fructus
1601 621 1718 649 sripturae
1729 624 1896 652 percipiantur,
1913 624 1962 646 sive

536 669 685 698 mentalibus,
702 669 778 697 primo
795 669 817 691 in
829 675 926 697 genere,
944 672 965 690 et
982 668 1066 690 deinde
1434 674 1480 696 qua
1497 674 1539 696 per
1556 668 1674 691 scientiam
1691 672 1713 692 et
1729 671 1870 693 sanctitatem
1888 671 1917 693 ad
1929 677 1962 693 sa-

536 717 565 740 de
574 716 696 739 duodecim
707 716 821 744 mysteriis
829 715 995 744 principalibus
1002 715 1065 738 Chri·
1434 714 1542 742 pientiam
1560 715 1707 743 perveniatur
1724 734 1963 740 .......
1996 727 2007 737 »
2043 717 2087 740 419

537 766 597 786 stum
615 762 798 791 significantibus
826 779 1066 786 .......
1099 771 1109 782 n
1146 762 1190 784 392
1356 762 1408 785 XX.
1425 762 1457 784 De
1473 765 1554 790 quarta
1572 762 1672 790 visione,
1696 764 1779 786 scilicet
1803 765 1962 793 intelligentiae

459 811 510 833 XV.
527 811 559 833 De
575 811 639 833 tertia
656 810 745 833 visione
768 807 870 833 tractatio
890 810 968 836 tertia,
993 815 1065 838 quae,
1435 814 1476 836 per
1493 810 1708 837 contemplationem
1729 817 1867 840 suspensae,
1885 815 1963 834 tracta-

536 858 671 881 eontinuans
688 858 877 886 praecedentem,
902 857 978 885 primo
996 857 1067 879 mani·
1436 856 1466 878 tio
1484 857 1647 886 prima,-quae
1665 857 1711 886 agit
1729 858 1750 880 in
1768 865 1851 886 genere
1874 859 1903 881 de
1926 859 1964 881 tri-

536 906 613 932 festat,
630 904 748 933 quomodo
765 904 787 926 in
804 904 928 927 duodecim
953 904 1067 931 mysteriis
1436 903 1488 931 plici
1504 903 1594 926 obiecto
1612 904 1679 927 liuius
1695 906 1892 934 contemplationis
1914 906 1963 928 sive

536 951 700 981 principalibus
716 951 848 974 ostendatur
872 951 940 973 ctiam
963 951 1067 974 antichri-
1437 951 1466 973 de
1483 951 1675 980 contemplatione
1691 952 1793 975 caelestis
1809 953 1963 980 hierarchiae,

537 1002 599 1027 stus,
624 999 709 1022 deinde
733 999 812 1027 incipit
836 1005 905 1027 agere
929 999 958 1021 de
975 998 1067 1021 infinitis
1437 997 1552 1020 militantis
1568 998 1679 1021 Ecclesiae
1703 1001 1724 1021 et
1749 999 1830 1022 mentis
1851 1000 1964 1021 humanae

537 1046 672 1070 caelestibus
688 1046 780 1069 theoriis
791 1045 974 1074 germinantibus
990 1052 1016 1068 ex
1033 1051 1068 1067 se-
1438 1044 1613 1067 hierarchizatae
1646 1062 1964 1068 .........
1997 1054 2007 1065 n
2044 1045 2088 1067 424

535 1093 640 1117 'minibus
656 1096 678 1116 et
695 1093 806 1116 fructibus
823 1093 954 1121 Scripturae
982 1110 988 1115 .
1022 1110 1028 1116 .
1061 1110 1066 1115 .
1100 1102 1121 1113 n·
1147 1093 1192 1115 398
1348 1092 1410 1115 XXl.
1426 1092 1458 1114 De
1475 1095 1555 1121 quarta
1568 1092 1656 1115 visione
1668 1093 1768 1115 tractatio
1780 1092 1893 1119 secunda,
1904 1098 1964 1121 quae

451 1142 512 1165 XVl.
528 1142 561 1164 De
577 1142 641 1164 tertia
659 1141 746 1164 visione
771 1141 873 1164 tractatio
897 1142 991 1169 quarta,
1008 1146 1068 1169 quae
1436 1140 1563 1168 specialiter
1571 1140 1618 1168 agIt
1627 1140 1656 1163 de
1665 1139 1965 1168 primoobiectointelligen-

540 1188 685 1217 prosequitur
702 1193 771 1215 agere
795 1187 825 1209 de
849 1187 942 1209 theoriis
967 1193 994 1209 cx
1011 1187 1068 1209 ‘Scri⁴
1436 1186 1479 1208 tiae
1489 1192 1530 1214 per
1539 1187 1755 1214 contemplationem
1764 1193 1896 1215 suspensae,
1905 1192 1966 1209 nem-

540 1239 605 1265 ptura
616 1234 816 1264 germinantibus,
832 1237 855 1257 et
871 1234 965 1263 quidem
981 1234 1068 1256 ratione
1437 1239 1465 1260 pe
1481 1233 1510 1255 de
1521 1233 1701 1255 consideratione
1714 1233 1854 1256 hierarchiae
1864 1233 1967 1256 caelestis
1998 1242 2009 1253 n
2046 1233 2085 1255 431

541 1284 655 1306 fructuum
667 1283 689 1305 in
698 1282 844 1313 ¹coaptatione
855 1284 994 1310 temporum,
1011 1287 1068 1310 qua·
1340 1280 1409 1302 XXll.
1427 1280 1460 1302 De
1476 1283 1556 1308 quarta
1574 1280 1661 1302 visione
1684 1280 1785 1303 tractatio
1807 1280 1884 1307 tertia,
1906 1286 1966 1309 quae

542 1333 608 1352 tenus
625 1331 680 1352 naec
697 1329 741 1352 sibi
766 1331 846 1351 mutuo
870 1328 1064 1356 coi-respondeum
1437 1326 1565 1354 specialiter
1582 1327 1629 1354 agit
1645 1330 1693 1349 tum
1710 1327 1740 1349 de
1757 1327 1859 1349 secundo
1876 1326 1966 1349 obiecto

541 1380 563 1399 et
580 1377 601 1399 in
618 1376 695 1404 specie
706 1376 830 1404 explicatur
842 1375 983 1403 comparatio
994 1377 1068 1403 septe·
1438 1374 1506 1396 liuius
1522 1374 1629 1401 visionis,
1647 1380 1731 1402 nempe
1743 1374 1773 1396 de
1784 1374 1967 1396 consideratione

539 1423 595 1445 narii
612 1423 739 1445 secundum
757 1422 983 1449 correspondentiam
1000 1421 1068 1444 trium
1438 1420 1552 1443 militantis
1569 1421 1691 1449 Ecclesiae,
1709 1423 1757 1443 tum
1769 1421 1798 1443 de
1811 1421 1887 1449 tertio,
1904 1420 1966 1450 quod

541 1473 671 1498 temporum
675 1476 1114 1491 .............
1150 1467 1195 1490 403
1438 1470 1472 1489 est
1489 1467 1537 1495 ipsa
1554 1467 1630 1489 anima
1648 1467 1809 1489 hierarchizata
1844 1484 1850 1489 .
1883 1483 1888 1489 .
1922 1483 1926 1488 .
1961 1484 1966 1488 .
1999 1476 2010 1486 n
2047 1466 2091 1488 437

443 1517 511 1540 XVll.
528 1517 561 1539 De
578 1517 643 1539 tertia
660 1516 749 1539 visione
775 1515 876 1538 tractatio
902 1514 994 1543 quinta,
1011 1520 1071 1543 quae
1335 1513 1413 1536 xxm.
1429 1514 1460 1536 De
1477 1516 1557 1542 quarta
1575 1513 1663 1536 visione
1680 1513 1782 1536 tractatio
1798 1517 1892 1542 quarta,
1908 1520 1968 1542 quae

542 1564 590 1592 agit
614 1564 643 1587 de
665 1563 758 1586 theoriis
784 1563 914 1591 Scripturae
938 1561 1071 1589 significatis
1439 1560 1634 1588 continuatagere
1643 1560 1671 1583 de
1681 1560 1746 1582 tertio
1758 1559 1848 1583 obiecto
1860 1560 1928 1583 huius
1937 1560 1968 1582 vi-

542 1617 583 1639 per
608 1612 710 1638 tructus,
731 1609 816 1632 scilicet
836 1609 865 1632 de
889 1608 1073 1631 considerationi·
1440 1607 1522 1635 sionis,
1536 1607 1599 1636 quod
1611 1610 1644 1629 est
1656 1607 1705 1635 ipsa
1717 1607 1793 1629 anima
1806 1607 1967 1630 hierarchizata
2000 1616 2011 1627 »
2048 1606 2092 1629 444

1254 1654 1360 1676 Scholion
1371 1663 2012 1677 .................
2049 1654 2092 1676 150

543 1657 587 1680 bus
603 1655 757 1680 reficientibus
774 1655 911 1678 intellectum
924 1658 946 1677 et
958 1655 1072 1681 affectum,

651 1763 949 1802 COLLATIONES
973 1762 1029 1800 DE
1057 1761 1229 1799 SEPTEM
1254 1760 1384 1821 DQNIS
1409 1760 1606 1798 SPIRITUS
1631 1760 1799 1798 SANCTI.

357 1886 419 1910 Cott.
476 1887 490 1909 l.
508 1886 660 1909 Praemittitur
676 1884 778 1908 tractatio
800 1884 829 1907 do
852 1884 923 1912 gratia
945 1883 1073 1906 secundum
1254 1881 1318 1904 Coit.
1356 1881 1384 1904 V.
1401 1881 1433 1903 De
1450 1881 1510 1903 dono
1527 1881 1663 1903 fortitudinis
1680 1881 1767 1903 collatio
1784 1880 1859 1908 prima
1885 1897 1891 1903 .
1924 1897 1930 1902 .
1959 1886 2016 1910 paq.
2050 1880 2094 1902 479

513 1934 563 1957 eius
578 1936 667 1959 ortum,
683 1938 752 1955 usum
769 1935 791 1954 et
807 1932 918 1954 fructum.
951 1948 957 1952 .
990 1948 995 1952 .
1028 1947 1034 1952 .
1064 1936 1121 1959 paq.
1155 1929 1198 1952 ι157
1348 1927 1386 1950 Vl.
1403 1927 1435 1950 De
1452 1927 1513 1950 dono
1531 1927 1667 1949 tortitudinis
1683 1927 1772 1949 collatio
1789 1927 1889 1949 secunda
1928 1944 1933 1948 .
1966 1943 1971 1949 .
2004 1935 2014 1947 ι»
2051 1926 2095 1948 483

467 1981 492 2002 ll.
508 1980 540 2002 De
557 1980 618 2002 dono
634 1979 723 2001 timoris
739 1978 840 2007 Domini.
874 1994 879 1999 .
913 1994 918 1999 .
939 1990 942 1993 ·
952 1984 1118 1999 .....
1155 1976 1198 1998 462
1342 1974 1388 1997 Vll.
1404 1974 1437 1996 De
1453 1974 1514 1996 dono
1531 1974 1617 1996 consilii
1651 1990 1969 1996 .........
2003 1982 2014 1993 n
2051 1973 2095 1995 489

430 2029 434 2033 ’
461 2026 493 2049 lll.
510 2026 542 2048 De
559 2026 620 2048 dono
637 2024 728 2053 pietatis
756 2039 1074 2046 .........
1107 2031 1118 2044 v
1155 2012 1207 2044 168Δ
1334 2021 1388 2043 Vlll.
1406 2021 1438 2044 De
1454 2021 1515 2044 dono
1533 2021 1656 2043 intellectus
1693 2037 1972 2043 ........
2005 2029 2016 2040 »
2052 2020 2096 2042 493

453 2072 490 2095 lV.
508 2072 540 2094 De
557 2071 617 2094 dono
634 2070 740 2093 scientiae
757 2076 1119 2091 ..........
1155 2068 1198 2090 473
1349 2068 1386 2091 IX.
1404 2069 1436 2091 De
1454 2068 1514 2091 dono
1531 2068 1656 2096 sapientiae
1690 2083 1971 2090 ........
2004 2075 2015 2087 n
2052 2066 2095 2088 498

807 2174 1104 2212 GOLLATIONES
1128 2174 1184 2211 DE
1210 2174 1355 2212 DECEM
1379 2174 1658 2212 PRAEGEPTIS.

362 2297 426 2321 Coti„
481 2297 497 2319 l.
513 2297 546 2319 De
562 2299 661 2325 quatuor
677 2295 770 2318 motivis
785 2295 815 2317 ad
832 2293 1003 2317 observantiam
1021 2293 1077 2316 divi·
1256 2293 1320 2315 Cocc.
1351 2293 1388 2315 lV.
1405 2294 1437 2316 De
1454 2293 1520 2315 tertio
1537 2296 1659 2321 praecepto
1677 2293 1781 2321 decalogi
1809 2310 1814 2313 .
1848 2309 1853 2315 .
1886 2309 1892 2314 .
1925 2309 1932 2315 .
1961 2298 2018 2322 pay.
2051 2292 2096 2314 519

518 2349 602 2366 norum
627 2344 804 2371 praeceptorum
829 2340 989 2364 inducentibus
1009 2343 1031 2363 et
1047 2340 1076 2363 de
1360 2340 1389 2362 V.
1405 2340 1438 2362 De
1454 2343 1537 2369 quarto
1554 2341 1677 2367 praecepto
1695 2356 1701 2361 .
1735 2356 1740 2361 .
1774 2356 1784 2373 ,Γ
1811 2347 2017 2361 .......
2053 2338 2098 2360 522

519 2389 668 2420 (1603103οηί11
685 2395 768 2417 genere
801 2404 1041 2411 .......
1066 2393 1123 2416 pay.
1157 2387 1200 2409 507
1356 2386 1393 2409 Vl.
1409 2386 1442 2408 De
1458 2386 1551 2415 quinto,
1568 2388 1631 2408 sexto
1647 2388 1670 2408 et
1686 2386 1784 2413 septimo
1801 2388 1936 2413 praecepto.
1969 2402 1974 2407 .
2007 2393 2018 2405 r>
2053 2384 2099 2407 525

473 2439 497 2460 ll.
514 2438 546 2460 De
563 2437 638 2465 primo
655 2439 777 2465 praecepto
793 2435 897 2463 decalogi
914 2435 938 2457 in
955 2434 1038 2462 specie.
1073 2451 1077 2456 .
1110 2443 1121 2453 n
1157 2433 1201 2456 510
1228 2413 1231 2504 Ι
1348 2433 1393 2455 Vll.
1410 2433 1442 2455 De
1459 2436 1553 2459 octavo,
1571 2438 1631 2454 nono
1648 2435 1671 2454 et
1687 2432 1777 2454 decimo
1794 2434 1934 2459 praecepto.
1969 2448 1974 2453 .
2007 2440 2018 2451 n
2043 2431 2099 2458 ,529

466 2484 498 2508 lll.
514 2484 547 2506 De
563 2483 664 2506 secundo
681 2484 804 2511 praecepto
821 2480 924 2508 decalogi
952 2489 1120 2502 .....
1156 2480 1201 2502 515

731 2586 960 2625 SERMONES
985 2585 1166 2623 SELEGTI
1190 2586 1246 2623 DE
1272 2585 1411 2623 REBUS
1435 2584 1730 2622 THEOLOGICIS.

369 2709 442 2731 SERMO
482 2707 497 2729 l.
515 2707 547 2729 De
555 2706 636 2734 triplici
646 2706 774 2728 testimonio
783 2705 938 2728 sanctissimae
947 2704 1062 2726 Trinitatis
1070 2710 1126 2733 μσς.
1159 2704 1204 2726 535
1261 2704 1335 2727 Sanno
1352 2704 1384 2726 ΙΙΙ.
1402 2704 1434 2726 De
1450 2704 1593 2726 sanctissimo
1609 2709 1707 2732 corpore
1723 2703 1817 2726 Christi.
1851 2719 1855 2724 .
1890 2719 1896 2725 .
1929 2719 1935 2724 .
1964 2708 2021 2732 pay.
2054 2702 2098 2724 553

474 2753 497 2775 ΙΙ.
514 2753 545 2775 De
562 2758 634 2780 regno
651 2752 690 2774 Dei
707 2751 822 2778 descripto
839 2750 861 2772 in
879 2749 992 2778 parabolis
1012 2755 1079 2772 evan·
1354 2752 1391 2774 lv.
1407 2751 1510 2774 Chi-istus
1526 2757 1586 2773 unus
1603 2750 1706 2772 omnium
1724 2750 1833 2777 magister
1851 2767 1856 2771 .
1891 2766 1896 2771 .
1930 2766 1935 2771 .
1968 2766 1973 2771 .
2007 2758 2018 2768 „
2053 2749 2097 2772 567

524 2798 601 2826 geneis
608 2804 1123 2820 ···············
1159 2795 1203 2817 539
1261 2801 1401 2823 Tium-mus.
1417 2799 1449 2821 De
1465 2797 1610 2826 plantatione*
1620 2796 1720 2819 Pnradisi
1735 2812 1974 2818 .......
2007 2804 2018 2815 n
2053 2795 2099 2818 574
