2285 3398
341 169 394 197 176

414 244 475 273 San
486 251 595 273 coi-inu
627 243 679 271 hoc
706 242 851 271 obiicitur:
885 243 909 271 I.
935 242 1117 279 Augustinus,
1148 242 1182 271 de

206 298 237 318 Ad
249 299 324 323 opposi-
336 293 409 321 Bono
429 291 602 328 coniugali
577 291 603 307 ¹
630 301 645 315 «
658 290 716 318 Non
730 292 772 318 est
786 290 876 326 impar
889 289 1021 318 meritum
1040 289 1182 318 continen-

336 340 388 368 tiae
409 339 436 367 in
458 339 569 372 Ioanne,
590 336 639 374 qui
660 336 751 365 nullas
771 339 907 373 expertus
927 338 969 365 est
996 336 1123 373 nuptias,
1155 339 1182 365 et

334 387 361 415 111
383 385 535 418 Abraham,
557 383 605 421 qui
634 383 704 412 filios
729 383 871 420 generavit
885 394 916 412 n:
944 391 1011 420 ergo
1038 383 1181 420 virginitas

332 441 387 462 non
409 435 450 460 est
470 430 651 468 praeferenda
671 430 807 467 coniugio.

411 480 437 507 ⁰2.
453 478 535 512 Item,
558 477 579 506 si
600 477 758 514 oppositum
780 477 865 506 huius
879 480 920 505 est
935 476 1036 505 melius
1056 476 1181 513 opposito

332 526 422 559 ithus,
437 528 464 554 et
479 525 530 553 hoc
545 524 707 561 simpliciter
722 527 763 552 est
778 523 878 552 melius
896 523 942 552 illo
952 523 976 557 2;
992 523 1039 552 sed
1057 523 1182 560 opposita

331 571 499 606 fecunditas,
521 571 625 600 scilicet
646 571 766 608 Virginis
781 570 894 604 Mariae,
916 570 1014 598 melior
1035 572 1076 598 est
1097 578 1181 607 quam
1204 569 1207 571 ’

332 618 490 656 virginitas:
512 626 579 655 ergo
607 618 770 654 simpliciter
798 617 952 646 fecunditas
979 616 1076 645 melior
1097 624 1181 653 quam

332 665 490 703 virginitas:
512 673 578 702 ergo
599 668 650 695 etc.

412 712 438 741 3,
460 712 527 741 Item
558 711 664 740 maiora
695 712 766 740 bona
796 714 862 739 sunt
892 710 1073 747 praeferenda
1102 710 1181 739 bonis

332 759 430 788 mediis
444 762 469 788 et
484 758 640 787 minoribus
655 774 691 778 —
706 766 769 786 nam
792 758 863 786 bona
877 757 983 786 maiora
997 760 1062 786 sunt
1083 757 1109 785 in
1125 757 1181 785 vir-

332 806 440 835 tutibus
460 813 524 834 cum
546 805 702 839 habitibus,
724 805 796 833 bona
809 804 899 833 media
920 807 985 833 sunt
1003 804 1030 832 in
1052 804 1181 841 potentiis

332 856 359 882 et
379 852 502 886 viribus,
524 852 596 880 bona
622 851 737 880 minima
764 854 829 879 sunt
857 851 884 879 in
917 851 1002 879 rebus
1030 850 1180 887 corporali-

331 900 385 929 bus
400 916 436 921 —
452 899 499 928 sed
520 899 632 928 habitus
653 898 836 927 continentiae
858 898 1009 935 coniugalis
1030 901 1057 927 et
1084 898 1181 927 vidua-

332 947 365 975 lis
386 949 428 975 est
448 946 476 974 in
497 948 604 980 mente,
626 945 769 982 virginitas
790 953 857 974 vero
882 948 923 974 est
944 945 971 973 in
993 952 1092 974 carne:
1113 953 1180 982 ergo

332 992 500 1023 continentia
535 992 652 1021 vidualis
682 995 709 1021 et
739 992 891 1029 coniugalis
923 995 965 1021 est
1000 992 1181 1029 praeferenda

332 1040 515 1069 continentiae
536 1039 662 1077 virginali
674 1039 694 1068 ³.

392 1087 437 1120 Vlt-
460 1087 542 1120 Item,
564 1086 684 1121 bonum,
705 1086 780 1124 quod
801 1081 932 1123 quis'non
954 1089 1044 1123 potest
1064 1086 1181 1123 perdere

331 1134 450 1168 invitus,
472 1133 571 1162 melius
592 1136 633 1163 est
654 1141 703 1168 eo,
724 1133 798 1170 quod
820 1133 883 1170 quis
897 1136 988 1170 potest
1008 1133 1125 1170 perdere
1140 1133 1180 1161 in-

331 1181 421 1215 vitus;
443 1180 490 1209 sed
518 1180 661 1217 virginitas
682 1183 724 1208 est
751 1180 871 1214 bonum,
900 1179 975 1216 quod
1002 1179 1066 1216 quis
1091 1182 1181 1216 potest

331 1227 448 1264 perdere
469 1227 588 1261 invitus,
610 1229 641 1256 ut
663 1229 737 1263 patet
758 1226 785 1254 in
806 1226 940 1254 violenter
955 1226 1110 1262 oppressis3
1132 1226 1180 1254 lia-

331 1274 444 1303 bitum⁴
475 1276 569 1302 autem
598 1273 781 1302 continentiae
806 1272 958 1309 coniugalis
986 1272 1029 1301 vel
1064 1272 1181 1301 vidualis

332 1320 427 1348 nullus
448 1323 540 1356 posset
561 1319 678 1356 perdere
699 1318 817 1347 invitus:
840 1327 907 1356 ergo
927 1322 978 1348 etc.

412 1367 437 1395 5.
467 1366 550 1400 Item,
573 1366 693 1400 bonum,
714 1365 789 1402 quod
817 1374 872 1394 non
901 1368 991 1402 potest
1016 1365 1092 1402 perdi
1121 1366 1180 1394 sine

332 1417 459 1450 peccato,
481 1415 523 1441 est
544 1412 630 1449 magis
650 1412 807 1449 eligendum
828 1420 876 1447 e0,
899 1412 974 1449 quod
994 1416 1083 1449 potest
1101 1412 1179 1449 perdi

331 1460 390 1489 sine
411 1463 537 1497 peccato;
559 1459 606 1488 sed
627 1459 739 1488 habitus
759 1460 942 1488 continentiae
963 1459 1115 1496 coniugalis
1136 1460 1179 1488 vel

332 1506 448 1536 vidualis
458 1514 512 1535 non
524 1509 613 1543 potest
627 1506 704 1543 perdi
716 1506 774 1535 sine
786 1509 913 1543 peccato;
929 1506 1072 1543 virginitas
1085 1509 1179 1535 autem

331 1554 385 1588 sic,
406 1554 478 1582 sicut
498 1556 574 1590 patet
588 1553 615 1581 in
631 1553 750 1590 virgine,
771 1561 843 1590 quae
864 1553 1017 1581 contrahit:
1039 1561 1106 1590 ergo
1126 1556 1177 1582 etc.

409 1602 434 1629 6.
450 1594 533 1635 Item,
554 1612 567 1626 «
582 1600 780 1629 circadifficile
794 1603 836 1638 est
849 1608 896 1629 ars
910 1603 937 1628 et
951 1600 1042 1629 virtus
1056 1612 1069 1625 »
1086 1600 1115 1634 ⁶;
1131 1600 1179 1629 sed

330 1648 469 1677 difficilius
483 1650 525 1677 est
539 1650 631 1678 actum
654 1647 745 1676 carnis
759 1650 909 1683 expertum
924 1646 1078 1681 continere,
1093 1654 1177 1683 quam

330 1696 406 1727 nullo
426 1695 507 1724 modo
528 1697 693 1732 expertum:
715 1702 782 1731 ergo
803 1694 891 1722 maior
919 1693 1067 1722 difficultas
1095 1696 1136 1722 est
1150 1693 1178 1722 in

329 1742 497 1772 continentia
517 1741 654 1778 coniugali
685 1740 729 1768 vel
757 1740 859 1768 viduali
881 1747 965 1776 quam
986 1740 1014 1768 111
1036 1739 1177 1777 virginali:

329 1797 385 1819 non
405 1797 471 1825 ergo
492 1787 635 1825 virginalis
655 1786 823 1815 continentia
844 1786 1032 1823 praeferenda.

409 1837 435 1863 7.
458 1835 540 1868 Item,
562 1833 637 1871 quod
659 1833 746 1870 magis
767 1825 859 1863 reddit
878 1833 995 1862 similem
1017 1834 1073 1862 Deo
1091 1833 1178 1870 magis

330 1885 371 1911 est
392 1881 543 1915 laudabile,
575 1881 622 1910 sed
649 1881 790 1918 generatio
820 1880 908 1917 magis
940 1880 1029 1909 reddit
1060 1881 1177 1910 similem

329 1929 399 1963 De'o,
421 1928 447 1956 in
469 1936 525 1965 quo
546 1931 587 1957 est
608 1936 717 1957 summa
738 1927 906 1961 fecunditas,
928 1936 1012 1964 quain
1035 1928 1094 1964 ipsa
1121 1927 1177 1956 vir-

332 1975 445 2011 ginitas:
467 1982 533 2012 ergo
553 1978 605 2003 etc.
840 1971 845 1975 “

408 2022 435 2051 8.
458 2021 539 2056 Item,
554 2021 628 2058 quod
649 2021 736 2059 magis
751 2021 904 2050 conformat
926 2021 1066 2050 hominem
1093 2021 1179 2050 statui

330 2066 500 2097 innocentiae
521 2070 562 2096 est
590 2068 676 2105 magis
698 2067 849 2102 laudabile;
879 2067 926 2096 sed
948 2068 975 2095 in
1004 2070 1078 2096 statu
1100 2067 1178 2096 inno-v

331 2114 435 2144 centiae
456 2122 510 2142 non
527 2114 624 2143 fuisset
639 2114 797 2151 virginitas,
819 2114 866 2142 sed
881 2114 1021 2150 generatio
1035 2117 1062 2142 et
1083 2114 1178 2142 fecun-

329 2160 437 2190 ditasss:
459 2168 525 2196 ergo
546 2163 596 2189 etc.

408 2208 434 2235 9.
457 2206 538 2240 Item,
565 2218 578 2231 «
593 2207 674 2243 plura
703 2207 773 2235 bona
795 2207 972 2244 paucioribus
1001 2210 1066 2235 sunt
1091 2207 1178 2244 magis

329 2253 454 2291 eligenda
466 2253 527 2287 »⁷3
556 2253 603 2282 sed
631 2253 657 2281 111
690 2254 866 2282 matrimonio
897 2256 962 2282 sunt
994 2254 1076 2290 plura
1106 2254 1179 2282 bona

329 2308 413 2337 quam
434 2300 461 2328 in
482 2299 653 2336 virginitate;
676 2300 703 2327 in
719 2300 894 2328 matrimonio
915 2300 989 2329 enim
1010 2303 1075 2329 sunt
1094 2300 1177 2335 fides,

329 2345 422 2382 proles
441 2348 468 2374 et
489 2346 714 2383 Sacramentum,
736 2346 763 2373 in
784 2346 941 2383 virginitate
969 2349 1061 2375 autem
1086 2354 1177 2380 ,unum

330 2392 438 2421 solum:
464 2400 531 2429 ergo
558 2392 725 2426 continentia
752 2393 902 2429 coniugalis
930 2393 1110 2430 praeferenda
1137 2396 1178 2422 est

330 2439 513 2468 continentiae
534 2438 668 2476 virginali.

393 2590 401 2603 ¹
419 2591 475 2619 Cap.
493 2591 530 2613 2¹.
548 2597 572 2613 n.
589 2591 627 2613 26.
644 2591 760 2618 Integruni
778 2591 854 2613 locum
872 2592 926 2614 ride
943 2593 1006 2620 apud
1031 2593 1177 2621 Magistrum,

331 2630 368 2653 IV.
386 2630 448 2652 Sent.
465 2630 488 2652 d.
506 2630 607 2652 xxxm.
624 2635 645 2652 c,
662 2630 684 2652 2.

392 2667 402 2680 ²
419 2668 465 2691 err.
482 2668 585 2695 Aristot.,
605 2668 637 2691 III.
655 2668 736 2696 Topic.
753 2674 774 2691 c.
791 2669 813 2690 2.

394 2705 403 2719 Β
419 2707 467 2729 Hoc
490 2714 540 2735 arg.
557 2707 621 2730 deest
639 2707 661 2729 in
677 2707 730 2730 DE.
745 2718 776 2724 -·
793 2707 825 2729 De
849 2707 929 2735 triplici
953 2714 1038 2736 genere
1060 2709 1175 2732 bonorum

331 2746 372 2768 cfr.
389 2747 499 2773 August,
517 2747 615 2769 Reti-act.
626 2747 647 2769 Ἰ.
663 2752 684 2769 c.
701 2746 724 2769 9.
739 2752 762 2769 n.
780 2746 807 2773 4,
824 2749 847 2769 et
864 2747 887 2769 II.
904 2746 934 2769 de
958 2747 1008 2770 Lib.
1029 2748 1084 2771 Arb.
1101 2755 1121 2771 c.
1139 2749 1176 2770 ⁴9.

330 2790 354 2813 ῃ.
372 2784 414 2811 5οῑ
431 2784 494 2812 quod
512 2785 634 2814 exponitur
650 2785 674 2807 II.
692 2785 754 2807 Sent.
770 2784 794 2807 d.
811 2784 848 2807 27.
866 2784 922 2806 dub.
940 2785 961 2807 2.

393 2821 403 2835 ⁴
420 2823 437 2846 E
451 2823 545 2852 accam,
565 2824 584 2845 D
600 2824 676 2846 actus.

393 2859 403 2873 ⁶
420 2861 522 2889 Aristot.,
540 2863 563 2884 II.
581 2863 651 2885 Etliic.
669 2869 689 2885 c.
706 2863 728 2885 3.
745 2863 786 2885 cfr.
807 2868 877 2890 supra
894 2868 949 2890 pag.
967 2859 1023 2889 l39,
1041 2866 1093 2885 nota
1112 2863 1134 2886 4.

393 2898 403 2911 ⁰
420 2899 465 2923 Cfr.
483 2901 506 2923 II.
525 2901 586 2923 Sent.
604 2902 626 2923 ‹I.
644 2902 681 2924 20.
698 2908 721 2930 q.
743 2901 761 2924 1.

394 2936 403 2950 ⁷
421 2939 524 2966 Aristot.,
542 2940 574 2961 III.
593 2940 673 2967 Topir.
690 2947 710 2962 c.
727 2941 749 2962 2.

987 164 1211 201 QUAESTIONES
1232 164 1433 194 DISPUTATAE

1321 244 1364 271 10.
1387 242 1470 277 Item,
1491 243 1566 280 quod
1587 244 1674 281 magis
1694 250 1826 275 consonat
1849 249 2008 284 perfectioni
2036 260 2085 280 na-

1215 318 1218 321 ,
1239 292 1318 318 turae
1339 292 1381 318 est
1401 290 1489 327 magis
1514 290 1666 326 laudabile;
1688 292 1736 321 sed
1756 293 1844 330 magis
1870 300 2002 326 consonat
2021 306 2084 334 per-

1238 335 1347 365 fectioni
1368 339 1485 366 naturae
1506 338 1647 374 generatio
1667 341 1695 367 et
1715 338 1868 369 fecunditas
1886 349 1935 369 seu
1956 343 2084 380 coniuga-

1239 382 1272 411 lis
1292 383 1460 412 continentia
1481 392 1565 421 quam
1581 384 1740 421 virginitas,
1755 386 1822 423 quia
1840 389 2085 426 «unumquodque

1239 432 1312 458 tunc
1320 430 1473 466 perfectum
1488 434 1542 465 est,
1557 439 1621 460 cum
1643 435 1733 468 potest
1747 433 1902 469 producere
1923 435 1989 470 tale,
2004 437 2086 484 quale

1238 476 1330 513 ipsum
1351 480 1421 505 est»
1437 477 1463 505 ⁵:
1486 485 1552 515 ergo
1573 481 1624 506 etc.

1321 524 1363 551 11.
1386 523 1469 558 Item,
1491 525 1595 561 species
1616 526 1773 562 praefertur
1795 527 1951 563 individuo,
1972 533 2000 558 et
2024 531 2086 559 uni—

1238 569 1345 598 versale
1366 570 1526 606 particulari
1539 572 1565 600 ⁰:
1587 580 1653 609 ergo
1667 572 1742 609 quod
1762 573 1827 602 facit
1840 574 1875 603 ad
1889 576 2085 612 perfectionem

1239 624 1289 644 seu
1310 617 1546 647 conservationem
1568 619 1667 655 speciei
1688 620 1843 649 necessario
1863 625 1905 656 est
1929 624 2086 659 praeferen-

1238 662 1305 690 dum
1326 663 1364 696 ei,
1382 663 1461 700 ‚quod
1481 664 1544 693 facit
1564 665 1599 693 ad
1619 666 1815 702 perfectionem
1830 675 1879 696 seu
1900 671 2086 699 conservatio-

1238 716 1301 737 nem
1328 709 1476 744 individui;
1504 711 1551 740 sed
1582 712 1750 741 continentia
1777 714 1929 751 coniugalis
1960 716 2023 745 facit
2050 717 2085 745 ad

1238 756 1475 785 conservationem
1506 758 1625 794 speciei,
1653 759 1822 789 continentia
1849 761 1991 798 virginalis
2021 758 2086 792 facit

1237 801 1271 830 ad
1302 803 1539 833 conservationem
1573 805 1706 858 individui
1742 807 1786 835 vel
1820 807 1883 836 boni
1918 808 2085 846 singularis.

1237 856 1304 886 ergo
1324 852 1376 878 etc.

1552 954 1765 976 CONCLUSIO.

1244 1036 1405 1074 Viryz'm'tas
1432 1038 1503 1067 dicit
1529 1043 1591 1068 tum
1622 1040 1813 1069 eminentiae
1844 1040 1992 1077 habitum,
2024 1047 2086 1072 tum

1315 1084 1434 1113 virtum
1460 1088 1587 1120 statum,
1616 1089 1679 1115 tum
1709 1087 1840 1116 decorem
1868 1088 2086 1126 praecipuum,-

1317 1129 1384 1159 ltine
1404 1135 1429 1159 et
1451 1131 1610 1162 laudabilis
1630 1137 1671 1162 est
1688 1138 1810 1171 propter
1827 1135 2011 1168 eminentiam
2026 1137 2086 1166 vir-

1318 1177 1633 1214 tutis,pulc1ituclz'nis
1647 1184 1672 1208 ec
1685 1180 1839 1228 ‹laynitaczfs
1853 1184 1878 1210 et
1889 1182 2086 1220 pracferenda

1317 1223 1386 1251 aliis
1407 1225 1551 1253 castitatis
1571 1226 1726 1262 speciebus.

1316 1318 1495 1347 Respownso:
1518 1318 1556 1346 Ad
1585 1319 1790 1355 praedictorum
1811 1320 2018 1358 intelligentiam
2043 1326 2084 1351 est

1237 1363 1406 1398 notandum,
1428 1364 1502 1401 quod
1523 1365 1682 1402 oiiglz'm'cas
1706 1366 1740 1394 de
1761 1366 1868 1395 ratione
1895 1367 1937 1396 sui
1966 1368 2084 1397 nominis
2096 1371 2216 1413 911111,νί181-

1236 1410 1302 1439 dicit
1323 1410 1517 1440 abstinentiam
1539 1412 1574 1440 ab
1594 1413 1669 1441 omni
1690 1413 1765 1441 coitu
1787 1413 1881 1442 illicito
1902 1414 1929 1443 et
1953 1415 1988 1443 ab
2008 1416 2084 1443 omni

1237 1457 1327 1492 licito,
1347 1461 1476 1487 manente
1504 1458 1660 1495 integritate
1682 1460 1709 1488 in
1737 1454 1855 1497 corpore
1881 1464 1908 1490 et
1934 1461 1961 1490 in
1982 1462 2082 1491 animo.

1237 1504 1282 1533 Est
1296 1504 1385 1538 enim,
1401 1508 1433 1533 ut
1452 1505 1519 1534 dicit
1532 1506 1702 1543 Augustinus
1714 1507 1746 1541 ¹⁰,
1772 1519 1785 1532 «
1800 1507 1944 1544 virginitas
1959 1508 1986 1537 in
2001 1517 2083 1538 carne

1236 1551 1410 1588 corruptibili
1438 1551 1654 1597 incorruptionis
1682 1556 1817 1590 perpetua
1843 1554 1984 1583 meditatio
1998 1567 2025 1584 ».
2055 1556 2083 1584 In

1236 1600 1372 1634 quantum
1387 1601 1481 1627 autem
1498 1598 1658 1636 viryinicas
1671 1599 1738 1628 dicit
1751 1600 1945 1629 abstinentiam
1959 1602 1995 1630 ab
2009 1602 2083 1631 omni
2097 1603 2224 1627 ”minima-

1236 1644 1311 1672 coitu
1326 1644 1441 1678 illicito,
1457 1645 1496 1673 sic
1516 1645 1639 1674 nominat
1652 1646 1773 1675 virtutis
1787 1646 1936 1681 habitum
1956 1648 1984 1676 111
1996 1656 2084 1685 quan-

1236 1693 1296 1719 tuni
1317 1698 1385 1719 vero
1405 1690 1470 1720 dicit
1483 1691 1677 1720 abstinentiam
1691 1692 1726 1721 ab
1746 1694 1820 1721 omni
1835 1694 1909 1722 coitu
1931 1694 2023 1729 licito,
2045 1695 2084 1724 sic

1236 1737 1360 1766 nominat
1379 1737 1499 1766 virtum
1519 1741 1647 1772 statum;
1668 1739 1695 1767 in
1717 1742 1853 1776 quantum
1868 1748 1934 1769 vero
1954 1741 2020 1769 dicit
2040 1741 2084 1770 in-

1236 1784 1397 1821 teyritatem
1418 1784 1450 1813 1η
1470 1793 1591 1822 corpore
1611 1789 1637 1813 ec
1657 1785 1689 1814 1η
1713 1786 1830 1820 am'mo,
1852 1786 1891 1815 sic
1918 1786 1984 1815 dicit
2004 1787 2084 1816 ‹leco-

1235 1839 1297 1859 rem
1314 1832 1521 1869 praecipuum.

1315 1878 1426 1907 Ratione
1447 1874 1533 1916 igitur
1554 1879 1641 1916 ipsius
1662 1878 1779 1908 habitus
1799 1883 1841 1908 est
1862 1880 2005 1917 virginitas
2025 1881 2084 1909 Iau-
2097 1883 2222 1903 Couclmiss·

1235 1925 1332 1954 dabilis
1347 1925 1427 1954 laude
1441 1926 1581 1954 communi
1597 1934 1661 1954 cum
1675 1926 1807 1963 pudicitia
1820 1927 1956 1963 coniugali
1975 1931 2002 1957 et
2020 1936 2084 1957 con-

1236 1971 1350 2000 tiiientia
1371 1972 1489 2006 viduali;
1512 1973 1617 2001 ratione
1639 1973 1768 2007 secundi,
1787 1973 1889 2002 scilicet
1910 1978 2021 2008 scacuS,
2043 1978 2084 2003 est

1235 2019 1409 2053 laudabilior,
1430 2022 1457 2048 et
1478 2020 1530 2048 hoc
1552 2019 1633 2048 laude
1648 2020 1757 2056 speciali
1779 2028 1842 2048 cum
1862 2021 1922 2057 ipsa
1942 2021 2083 2050 continen-

1236 2066 1273 2094 tia
1293 2065 1395 2094 viduali
1408 2067 1446 2101 ¹¹;
1469 2066 1574 2095 ratione
1590 2074 1657 2095 vero
1670 2066 1760 2101 tertii,
1783 2067 1886 2095 scilicet
1907 2068 2020 2096 decoras·
2033 2077 2083 2096 sa-

1231 2112 1398 2150 pei-additi,
1421 2115 1462 2141 est
1484 2113 1712 2147 laudabilissima,
1734 2116 1761 2142 et
1782 2113 1834 2141 hoc
1849 2113 1929 2142 laude
1950 2114 2083 2151 singulari

1235 2162 1364 2197 propter·
1384 2159 1562 2196 praecipuam
1596 2159 1839 2188 conformationem
1874 2160 1908 2187 ad
1939 2159 2081 2189 Christum

1236 2214 1384 2244 sponsum,
1405 2206 1439 2234 ad
1460 2214 1543 2243 quem
1565 2206 1708 2243 virginitas
1733 2206 1888 2235 conformes
1909 2207 1972 2235 facit
1994 2215 2082 2244 quan—

1236 2256 1296 2282 tum
1316 2253 1351 2281 ad
1371 2253 1563 2281 excellentiam
1589 2253 1724 2287 virtum,
1750 2252 1963 2290 pulcritudinis
1991 2256 2018 2282 et
2038 2254 2082 2282 di-

1234 2299 1365 2338 9m'catis.
1381 2315 1418 2321 —-
1429 2300 1569 2336 Quantum
1583 2300 1617 2328 ad
1632 2300 1826 2329 excellentiam
1837 2303 1930 2328 autem
1947 2300 2080 2329 virtutis.-

1235 2346 1301 2383 quia
1322 2353 1446 2375 summae
1474 2345 1570 2383 virtuti
1591 2348 1753 2379 attestatur,
1776 2345 1849 2382 quod
1864 2346 1928 2383 quis
1949 2346 1975 2374 in
1997 2353 2079 2374 carne

1236 2393 1344 2422 mortali
1367 2392 1450 2421 vitam
1472 2401 1526 2421 non
1548 2393 1697 2421 humanam
1723 2395 1785 2430 agat
1798 2393 1829 2427 ¹²,
1852 2393 1899 2421 sed
1920 2393 2079 2426 caelestem,

1235 2431 1262 2468 in
1284 2439 1485 2477 ignecalorem
1506 2439 1666 2476 exstinguat
1686 2443 1712 2468 et
1733 2440 1760 2468 in
1782 2442 1882 2468 natura
1897 2439 1951 2468 vim
1966 2442 2081 2467 naturae

1296 2591 1306 2604 ⁸
1323 2593 1426 2619 Aristot„
1440 2592 1476 2614 IV.
1494 2592 1586 2614 Meteor.
1604 2596 1655 2616 text.
1678 2593 1710 2614 19.
1729 2591 1759 2619 (c.
1776 2592 1823 2620 3.);
1841 2592 1883 2613 cfr.
1899 2591 1922 2612 II.
1940 2590 1969 2612 dc
1985 2590 2079 2617 Anima,

1234 2635 1286 2655 text.
1304 2631 1341 2654 34.
1359 2631 1389 2660 (c.
1407 2631 1447 2660 4.).
1465 2631 1523 2653 Vide
1541 2634 1596 2653 toni.
1614 2631 1651 2654 IV.
1668 2636 1723 2658 pag.
1740 2630 1797 2656 642,
1815 2632 1867 2651 nota
1885 2629 1907 2651 5

1296 2669 1305 2682 ¹³
1323 2670 1382 2693 Vide
1399 2670 1503 2696 Aristot.,
1521 2670 1544 2692 II.
1561 2670 1591 2692 de
1607 2671 1714 2692 Generat.
1730 2672 1753 2691 et
1769 2671 1872 2696 corrupt.
1889 2670 1941 2689 text.
1959 2667 1995 2689 57.
2013 2674 2079 2696 seqq.

1234 2709 1344 2738 (c.,io);
1362 2709 1386 2731 II.
1403 2708 1432 2731 de
1449 2708 1543 2735 Anima,
1562 2712 1613 2731 text.
1631 2709 1668 2731 34.
1685 2715 1735 2736 seq.
1753 2708 1782 2735 (r.
1800 2707 1843 2736 4.);
1861 2707 1875 2729 I.
1893 2706 1963 2728 Euiic.
1981 2713 2000 2728 (κ
2018 2708 2040 2729 2.
2057 2710 2079 2729 et

1234 2749 1248 2771 I.
1266 2749 1352 2771 Poster.
1369 2754 1389 2770 c.
1406 2748 1444 2770 20.
1462 2747 1492 2776 (c.
1509 2747 1565 2776 24.).
1582 2760 1613 2765 —
1630 2748 1680 2770 Mox
1703 2747 1822 2776 sequimur
1843 2746 1874 2772 Α,
1891 2751 1943 2767 erun
1963 2748 2015 2772 post
2032 2745 2079 2772 pri—

1233 2790 1297 2808 murn
1315 2792 1372 2815 erqo
1390 2786 1433 2808 DE
1451 2786 1516 2814 plura
1534 2785 1655 2808 exhibeant
1672 2787 1788 2813 corrupte.
1807 2778 1809 2781 ’

1296 2824 1315 2836 ¹⁰
1332 2825 1365 2849 De
1383 2825 1465 2847 Sancta
1483 2824 1630 2852 Virginitate,
1648 2831 1668 2847 ‹·.
1690 2825 1723 2846 12.
1740 2830 1764 2846 11.
1786 2824 1819 2845 12.

1296 2863 1313 2876 ¹¹
1333 2864 1389 2886 Tota
1409 2865 1466 2885 haec
1484 2863 1610 2891 propositio
1628 2864 1713 2885 omissa
1729 2864 1763 2884 est
1781 2862 1803 2889 111
1820 2862 1837 2883 A
1847 2861 1874 2882 D.

1297 2901 1314 2914 ¹²
1333 2903 1349 2924 Α
1366 2902 1456 2926 accidet
1465 2903 1507 2930 (l),
1527 2902 1548 2924 iu
1567 2903 1610 2924 DE
1628 2905 1662 2924 est
1679 2903 1767 2924 lacuna.
