2285 3398
783 173 813 201 lN
837 164 1059 200 HEXAEMERON
1080 171 1243 199 COLLATlO
1265 172 1328 199 xt'l.
1344 163 1350 171 ¹

178 253 237 289 Eyo
261 252 376 280 Paulus
398 252 462 281 (lico
484 252 581 285 vobis,
604 252 681 290 quod
702 252 730 280 si
755 249 1028 283 circumcidamini,

180 298 314 327 Christus
336 299 415 327 vobis
436 299 479 327 nil
496 299 638 336 proderit.

257 347 302 375 23.
326 347 458 375 Doctores
479 349 571 375 autern
595 346 631 374 illi
654 346 846 383 significantur
875 352 924 382 per
946 344 1027 372 Adam

49 393 387 427 correspon-fecundantem,
409 393 456 430 qni
480 393 672 421 incumbentes
699 400 783 429 snper
813 393 927 429 Legem,
949 390 1027 428 quasi

57 425 125 467 2535ῗῖ
136 430 164 443 ⁵⁴³*
176 444 301 469 amantes
322 448 459 475 uxorein,
481 440 662 469 comederunt
683 440 716 468 de
736 439 813 477 [tyno
827 439 981 473 scientiae,
998 441 1029 466 ut

178 487 274 524 Legem
306 487 502 520 observarent,
534 489 561 515 et
592 490 793 515 consenserunt
821 486 957 523 serpenti,
980 485 1027 522 qui

177 535 311 563 suadebat
333 535 429 570 Legem
451 534 669 567 observandam,
692 536 718 562 et
741 533 803 562 inde
825 536 886 562 orta
901 537 942 562 est
965 534 1028 561 liae-

178 581 246 609 resis
262 581 449 609 lihionitarum
464 582 481 615 ¹,
496 580 570 617 quod
597 581 650 609 Lex
677 581 849 609 observanda
873 584 945 609 esset
963 588 1027 609 cum

178 628 334 665 Evangt=lio;
357 632 384 656 et
405 628 457 656 l'uit
478 631 571 656 tantus
593 628 669 656 zelus
691 628 783 664 Legis,
806 631 836 656 nt
858 628 955 656 Petrus
977 627 1029 656 iret

178 676 204 703 in
228 676 301 704 illam
324 675 543 708 siinulationem3
566 674 612 703 sed
635 675 724 711 gratia
746 674 792 703 Dei
817 675 907 712 ipsum
930 675 1027 703 libera-

94 730 164 748 ἰὀτιιε,
179 724 224 751 vit.
250 741 285 744 —
309 724 340 752 Et
369 723 429 751 inde
458 722 586 759 sequitur
614 723 720 756 eiectio,
743 723 816 760 quod
839 723 913 751 Deus
933 723 968 751 ab
989 722 1028 751 eis

177 771 304 803 recessim
328 774 354 799 et
375 770 490 807 dispersi
513 772 579 798 sunt
600 773 627 798 ct
649 770 785 799 maledicti
808 773 873 799 sunt
894 770 925 798 in
946 778 1029 807 opere

176 818 253 845 suo2
275 822 301 846 et
323 817 400 854 qnasi
423 825 439 845 a
459 816 570 845 duobus
592 817 681 851 ursis,
703 817 763 845 'l'ito
791 821 818 845 ot
847 817 1027 854 Vespasiano,

177 864 298 893 devorati
322 868 394 893 sunt.
418 864 448 892 Et
480 864 518 892 sic
538 863 620 898 Cain,
643 864 746 893 scilicet
775 865 895 901 populns
918 864 1028 893 ludaeo—

178 920 258 945 rum,
281 912 386 940 occisor
408 910 502 939 fratris
523 911 582 944 sui,
606 911 715 947 signnm
739 912 844 940 habuit.

257 960 302 987 2lt.
327 959 353 987 ln
377 962 500 995 tempore
522 958 625 994 calpae
644 962 793 996 pmyatae
821 958 947 987 similiter
970 959 1028 987 l'ue-
1057 952 1058 979 Ῐ

35 1009 244 1035 Detribusse-runt
266 1006 332 1034 tria:
355 1005 515 1043 fabricatio
536 1014 642 1039 arcae,
659 1005 780 1033 ostensio
795 1013 900 1037 arcu-5,
923 1005 1028 1033 divisio
1056 1015 1058 1019 ¹

48 1036 107 1083 223&-
123 1038 383 1090 tem‘linymtraot³⁵.
407 1053 460 1081 Noe
482 1060 531 1090 per
557 1056 668 1081 centnm
702 1060 788 1081 annos
820 1052 963 1080 fabricavit
984 1060 1028 1080 ar-

178 1108 250 1133 cam,
273 1100 300 1128 in
322 1109 378 1137 qua
398 1100 452 1128 Noe
467 1108 530 1129 cum
553 1103 657 1137 septem
673 1100 819 1128 animabus
840 1099 963 1127 salvatus
977 1103 1026 1127 est.

177 1148 263 1176 Cuius
284 1151 381 1184 typum
403 1147 473 1184 gerit
495 1147 665 1184 baptismus,
693 1146 845 1176 secundum
867 1146 940 1183 quod
962 1146 1028 1174 dicit

179 1195 275 1224 beatus
298 1195 410 1228 Petrus,
432 1198 459 1223 et
478 1194 613 1242 (luminis
635 1199 661 1223 et
688 1193 819 1231 flaminis·
847 1196 874 1222 et
904 1193 1027 1230 sanyut'-
1056 1212 1057 1229 3

822 1241 848 1269 in
881 1241 931 1269 hac
964 1248 1028 1269 arca
1056 1266 1057 1270 .

47 1242 231 1295 §ggizsvsrffinis
254 1259 293 1262 —
314 1242 341 1270 ln
372 1250 442 1270 novo
473 1244 638 1271 testamento
666 1242 791 1271 Clemens

46 1300 83 1313 ma.
177 1292 336 1318 contutatus
367 1292 424 1323 est,
446 1289 513 1326 quia
533 1293 728 1326 praeparatum
751 1291 792 1317 est
819 1288 870 1317 sibi
893 1288 1027 1324 templum

178 1344 367 1365 marmoreum
389 1336 416 1365 in
438 1337 507 1365 mari
529 1337 660 1374 angelicis
681 1336 825 1369 manibus,
846 1339 874 1364 et
895 1336 939 1364 alii
962 1335 1028 1364 snb-
1056 1369 1058 1380 Ι

178 1382 260 1411 mersi
289 1386 362 1411 sunt.
395 1383 470 1412 Unde
502 1384 554 1413 suit
585 1392 716 1421 magnum
747 1383 931 1416 miraculum,
953 1383 1028 1420 quod

179 1438 228 1466 per
257 1433 296 1458 tot
326 1438 413 1458 annos
442 1431 622 1467 aperiebatur
652 1438 744 1464 mare,
766 1430 853 1459 donec
875 1430 980 1467 piratae
1001 1432 1029 1458 et

179 1477 299 1506 latrones
319 1480 534 1514 asportaverunt
554 1486 657 1515 corpus
677 1477 737 1506 eius
748 1478 768 1505 ⁴.

257 1524 302 1551 25.
326 1523 404 1552 Aliud
424 1523 477 1552 suit
497 1524 620 1553 ostensio
648 1533 758 1557 arctes,-
780 1528 807 1553 et
835 1528 901 1553 tunc
930 1524 1029 1553 eduxit

70 1569 251 1598 Secu11d2.Deus
272 1570 326 1599 Noe
347 1574 375 1599 et
395 1570 498 1608 pepigit
519 1579 583 1600 cum
597 1579 630 1600 eo
645 1571 750 1600 foedus.
764 1588 800 1592 —
817 1572 843 1600 ln
860 1580 931 1600 novo
947 1575 1028 1600 testa-

176 1621 269 1646 mento
289 1618 383 1647 decem
405 1618 599 1647 tribulationes
617 1619 747 1653 fuerunt,
770 1619 807 1648 ita
828 1622 860 1648 ut
880 1619 1028 1648 Christiani

177 1667 288 1701 possent
316 1665 424 1695 dicere:
455 1666 592 1700 Domine,
614 1667 699 1695 salua
719 1675 789 1700 nos,
809 1667 943 1704 perimus
955 1667 975 1695 ⁵.
998 1667 1030 1695 Et

177 1714 242 1740 tunc
262 1711 380 1741 eductus
400 1717 442 1742 est
462 1713 675 1748 Constantinus,
697 1717 724 1742 et
751 1717 894 1743 ostensum
915 1718 957 1743 est
978 1714 1029 1743 sibi

177 1758 285 1796 signum
307 1759 399 1788 crucis
420 1760 448 1788 in
470 1761 561 1794 caelo,
583 1760 610 1788 in
631 1769 688 1797 quo
719 1761 830 1789 vincere
851 1761 980 1795 deberet3
1003 1764 1031 1790 et

178 1809 243 1835 tuuc
264 1806 368 1843 pepigit
388 1806 501 1840 foedus,
522 1806 597 1843 quod
625 1815 768 1843 nunquam
799 1808 951 1836 Romanum
978 1808 1030 1836 im-

94 1860 164 1878 Tertia.
178 1853 286 1890 perium
318 1857 536 1890 persequeretur
567 1853 746 1882 Christianos.
770 1870 806 1874 —
833 1855 911 1883 Tunc
942 1855 1029 1892 impe-

177 1900 259 1928 rium
282 1899 410 1928 Nemo-od
430 1899 595 1937 dissipatum
611 1903 665 1933 est,
680 1903 708 1928 et
732 1901 829 1929 turris
854 1901 1028 1939 Babylonis,

177 1947 281 1976 scilicet
302 1947 431 1981 Romani,
453 1947 487 1976 ad
514 1955 599 1984 quam
631 1950 697 1976 tune
725 1956 821 1976 omnes
849 1943 1028 1985 aspiciebant.

178 1994 262 2022 Roma
282 1997 375 2023 antem
398 1994 425 2023 in
448 1994 601 2031 Seripturis
623 1993 755 2033 Babylon
785 1994 858 2023 dicta
878 1998 928 2024 est.
951 1996 1031 2024 Facta

176 2044 218 2070 est
238 2041 320 2070 etiam
342 2035 447 2070 divisio
469 2041 659 2079 namtarum,
680 2045 707 2070 et
729 2042 822 2079 lingua
843 2042 966 2071 Hebraea
987 2050 1030 2071 re-

177 2088 278 2117 mansit
299 2088 326 2116 in
348 2088 430 2117 domo
451 2088 548 2122 Heber,
570 2091 597 2117 et
619 2089 751 2117 remansit
773 2089 907 2118 consessio
927 2089 1028 2118 Christi

178 2136 204 2164 in
227 2136 330 2173 populo
351 2135 511 2165 christiano.

123 2213 126 2217 ,
158 2219 163 2222 ἱ
257 2184 303 2211 26.
327 2183 354 2211 ln
377 2186 501 2220 tempore
520 2183 614 2220 {lentis
634 2183 737 2212 electae
766 2183 819 2212 tria
849 2183 921 2212 sacta
948 2187 1028 2213 sunt:

35 2214 165 2280 ξῗζὲῗιὲἱὲιρῗ
175 2230 325 2268 ρεηεναῐὶο
347 2230 590 2264 Patriareharum,
611 2230 765 2259 descensus
779 2231 974 2268 patriarchalis
987 2239 1029 2261 se-

1876 172 1931 200 407

1087 249 1168 277 minis
1184 249 1209 277 in
1226 251 1391 286 Aegyptum,
1405 249 1525 287 afflictio
1548 249 1640 287 populi
1663 253 1689 279 et
1717 250 1841 279 liberatio
1862 250 1930 278 eius.

1087 312 1123 316 -
1147 296 1173 324 ln
1206 305 1276 324 novo
1308 300 1471 325 testamento
1502 297 1629 326 similiter
1662 297 1782 325 Pontifici
1811 297 1932 325 nomano
1947 302 2067 347 gjgssfffiwssssss

1085 342 1180 371 datum
1203 346 1244 371 est
1264 352 1359 371 semen
1382 344 1539 372 Doctorum
1559 343 1756 372 altissimorum
1780 343 1806 372 in
1831 343 1934 371 Graeca
1947 354 1982 365 uu-

1086 393 1114 419 et
1136 390 1228 418 Latina
1251 391 1343 427 lingna
1357 391 1435 427 quasi
1453 391 1625 419 l'atriarchae
1640 390 1793 419 duodecim.
1813 390 1932 419 Graeci:

1088 437 1269 474 Epiphanius,
1293 437 1422 471 Basilius,
1444 438 1595 473 Gregorius
1610 438 1810 471 Nazianzenus,
1832 438 1935 473 Grego-

1087 484 1146 512 rius
1168 484 1322 520 Nyssenus,
1355 484 1535 517 Athanasius,
1567 485 1795 520 Chrysostomus;
1819 484 1934 512 Latini.-

1087 531 1284 567 llieronyn‘ius,
1307 532 1492 568 Augustinus,
1515 531 1648 565 llilarins,
1671 531 1844 565 ambrosius,
1865 532 1935 559 Oro-

1086 578 1158 612 sius,
1181 578 1339 615 Gregorius.
1363 595 1399 598 —
1422 579 1484 606 Post
1515 579 1665 615 imperator
1697 579 1839 607 descendit
1863 578 1933 606 Con·
1946 582 2039 601 Secunda-

1086 626 1306 663 stantinopolim,
1328 629 1355 654 et
1376 625 1420 654 alii
1450 628 1511 662 post
1538 633 1618 659 eum,
1640 629 1667 653 et
1696 625 1731 653 ibi
1753 626 1934 654 obtinuerunt

1086 673 1155 702 bona
1178 681 1314 710 quaeque.
1331 689 1367 694 ——-
1390 673 1497 701 Mortuo
1518 673 1712 706 Constantino,
1728 673 1850 701 surrexit
1864 673 1933 701 Con·
1946 677 2015 695 rona..

1085 721 1216 754 stantius,
1238 721 1290 759 qzti
1311 720 1468 758 iynorabat
1489 719 1623 757 losephss,
1646 720 1782 757 pessimus
1803 720 1933 751 arianus:

1086 771 1113 796 et
1135 771 1195 804 post
1217 767 1424 796 Valentinianus
1445 769 1473 795 et
1495 767 1628 800 lulianus,
1650 770 1774 803 apostata
1789 766 1935 803 pessimus,

1085 818 1113 843 et
1133 815 1306 852 afflixerant
1326 814 1459 852 populum
1483 814 1529 843 Dei
1557 822 1606 850 per
1636 814 1764 843 haereses
1792 821 1880 850 usque
1901 813 1935 842 ad

1087 866 1197 899 tempus
1218 862 1378 895 Theodosii,
1401 862 1448 899 qui
1471 865 1552 890 natus
1573 865 1614 890 est
1643 862 1669 889 in
1702 861 1857 895 occidente,
1887 860 1933 898 qui

1086 909 1138 937 suit
1159 909 1422 943 christianissimus,
1445 909 1492 946 qui
1513 909 1612 937 deiecit
1633 911 1660 937 et
1681 908 1846 945 exstirpavit
1861 908 1935 936 Aria-

1086 965 1136 985 nos
1157 960 1184 985 et
1205 957 1339 985 exaltavit
1361 956 1515 985 Ecclesiam.

1166 1006 1211 1033 27.
1236 1005 1263 1032 ln
1285 1007 1410 1041 tempore
1431 1006 1547 1040 quarte,
1570 1003 1674 1032 scilicet
1695 1003 1777 1040 Leyis
1798 1002 1936 1037 statutae,
1971 1007 1997 1026 De
2011 1007 2070 1026 tribu*

1951 1031 2013 1054 quarti
2025 1033 2073 1050 tem-

1056 1053 1058 1086 ι’
1086 1051 1138 1079 suit
1161 1051 1230 1079 latio
1255 1051 1351 1088 Leyz's,
1370 1051 1533 1087 prostratio
1555 1050 1698 1083 hostiam,
1720 1049 1889 1079 distributio
1911 1054 1937 1078 et
1951 1055 2009 1078 voris-

1056 1091 1058 1118 ἶ
1087 1099 1234 1127 vindicatio
1263 1098 1457 1127 hereditatum.
1481 1114 1517 1118 —
1541 1098 1567 1126 ln
1590 1106 1662 1126 novo
1684 1100 1863 1130 testamento,
1886 1098 1937 1126 sci·
1954 1100 2069 1127 eomespon-

1087 1145 1149 1173 licet
1170 1153 1186 1172 a
1208 1146 1295 1173 Leone
1318 1153 1407 1181 usque
1428 1144 1461 1172 ad
1483 1144 1664 1181 Gregorium,
1688 1144 1741 1172 lata
1762 1146 1804 1172 est
1825 1144 1869 1172 lex
1890 1153 1938 1172 cu-
1952 1124 2015 1165 :tigrim
2032 1129 2066 1148 ‘m‘

1085 1192 1208 1225 monica,
1228 1191 1366 1228 politica,
1388 1191 1561 1219 mona-stica.
1592 1191 1644 1218 Leo
1671 1190 1745 1219 enim
1773 1191 1873 1227 partim
1902 1198 1937 1219 ex

1085 1242 1207 1275 quatuor
1228 1238 1371 1271 conciliis,
1392 1237 1492 1274 partim
1514 1238 1571 1274 ipse
1593 1244 1712 1266 canones
1733 1238 1878 1266 ordinavit.
1902 1254 1938 1258 —

1086 1286 1166 1319 Item,
1185 1285 1349 1322 prostratio
1371 1284 1498 1313 hostium
1520 1285 1646 1313 similiter
1668 1293 1718 1321 per
1740 1285 1939 1318 lastinianum,
1953 1289 2045 1307 secum.

1086 1333 1133 1370 qui
1157 1333 1308 1366 Vandalos‚
1330 1332 1449 1365 Gothos,
1473 1331 1679 1369 Longobardos,
1695 1332 1742 1369 qui
1765 1332 1825 1360 illas
1846 1335 1940 1369 partes

1087 1380 1177 1408 ltaliae
1210 1379 1385 1413 invaserant,
1417 1377 1568 1416 superavit.
1591 1395 1628 1399 —
1657 1379 1739 1413 Item,
1771 1379 1940 1408 distributio
1952 1383 2022 1402 Tertia

1086 1426 1297 1461 hereditatam,
1320 1427 1386 1464 quia
1406 1426 1508 1461 Gallia,
1532 1418 1687 1460 Britannia,
1709 1426 1856 1455 Germania
1877 1434 1942 1455 con-

1087 1483 1168 1504 versa
1189 1477 1231 1503 est
1251 1474 1285 1503 ad
1306 1474 1389 1503 fidem
1412 1474 1439 1502 in
1461 1474 1646 1511 plenitudine,
1661 1477 1688 1503 et
1709 1473 1821 1502 dilatata
1836 1476 1877 1502 est
1893 1473 1940 1502 Ec-

1086 1523 1169 1551 clesia
1190 1523 1217 1550 in
1239 1522 1396 1555 occidente,
1412 1521 1476 1550 licet
1496 1521 1588 1550 adhuc
1602 1525 1694 1550 essent
1715 1521 1852 1550 idolorum
1872 1524 1941 1550 tem—

1087 1570 1132 1607 pla
1154 1569 1181 1598 in
1203 1569 1331 1602 Francia;
1354 1568 1401 1597 sed
1422 1568 1546 1596 dilatatio
1577 1568 1629 1596 suit
1657 1568 1683 1596 in
1713 1572 1794 1596 terra
1812 1568 1941 1605 promis-

1086 1617 1192 1651 sionis,
1215 1625 1269 1645 non
1292 1617 1319 1644 in
1341 1617 1475 1652 Aegypto,
1491 1623 1544 1643 non
1567 1615 1641 1644 circa
1654 1615 1788 1649 Graecos,
1804 1614 1852 1643 sed
1866 1614 1941 1643 circa

1057 1657 1060 1665 ⁴
1088 1664 1204 1692 Latinos.

1167 1711 1213 1739 28.
1236 1711 1264 1739 ln
1286 1710 1384 1747 quinto
1406 1713 1546 1746 tempore,
1566 1709 1669 1738 scilicet
1690 1709 1799 1747 regatis
1812 1709 1939 1747 qloriae,
1955 1713 2076 1761 qggutrfflg

1057 1762 1059 1767 ’
1088 1759 1203 1787 suerunt
1219 1758 1288 1786 tria:
1303 1757 1420 1786 deiectio
1441 1757 1555 1794 superbi
1575 1757 1664 1794 regis,
1680 1757 1833 1794 ampliatio
1848 1757 1941 1786 cultus
1953 1761 2025 1794 roris·-

1087 1805 1189 1839 divini,
1211 1805 1316 1833 divisio
1337 1804 1432 1833 decem
1455 1804 1580 1833 tribuum
1602 1812 1618 1832 a
1638 1804 1756 1833 duabus.
1773 1820 1810 1825 -—
1826 1804 1854 1832 In
1868 1812 1941 1833 novo
1954 1809 2073 1851 geogfigspogj

1088 1855 1253 1881 testamento
1281 1855 1406 1889 tempore
1434 1851 1568 1880 sublimis
1595 1851 1751 1880 cathedrae
1772 1860 1788 1880 a
1808 1851 1941 1889 Gregorio
1954 1861 1990 1874 ¹²¹³-
2033 1837 2045 1856 Ρ

1087 1908 1178 1937 usque
1199 1899 1422 1928 ad*lladrianum
1442 1899 1602 1936 patriarcha
1621 1898 1942 1936 Constantinopolitanus

1088 1947 1271 1976 contendebat
1291 1955 1354 1976 cum
1378 1948 1499 1976 Romano
1520 1950 1547 1975 et
1567 1946 1676 1975 dicebat
1696 1954 1725 1975 se
1754 1946 1940 1983 patriarcham

1088 1995 1271 2029 catholicum,
1293 1995 1346 2023 hoc
1366 1997 1408 2023 est
1429 1993 1641 2028 universalem,
1664 1996 1692 2022 et
1709 1993 1762 2022 fuit
1779 2000 1942 2022 excommu-

1087 2042 1196 2071 nicatus
1227 2045 1254 2071 et
1286 2041 1465 2075 humiliatus,
1488 2044 1515 2069 et
1544 2041 1662 2069 thronus
1684 2040 1770 2069 David
1792 2040 1942 2073 exaltatus,

1087 2088 1159 2118 sieut
1180 2089 1261 2118 Petro
1286 2088 1453 2125 promiserat
1480 2088 1616 2116 Dominus
1635 2087 1654 2115 ⁷.
1677 2087 1817 2121 Similiter,
1839 2087 1941 2124 Grego-

1088 2136 1164 2176 rius,
1189 2136 1282 2164 adhuc
1310 2135 1419 2164 iuvenis
1450 2137 1477 2163 et
1504 2134 1629 2163 nondum
1657 2134 1782 2163 Pontifex
1807 2134 1942 2171 pugnavit

1087 2191 1151 2212 cum
1173 2183 1324 2220 Eutychio,
1346 2182 1393 2220 qui
1416 2182 1534 2219 negabat
1555 2181 1806 2215 resurrectionem,
1825 2184 1852 2210 et
1866 2181 1941 2210 devi-

1087 2231 1124 2260 cit
1144 2238 1209 2260 eum
1231 2230 1259 2259 in
1281 2232 1431 2267 conspectu
1453 2229 1565 2267 populi,
1589 2231 1621 2257 nt
1650 2228 1738 2257 David
1765 2228 1880 2257 Goliam.
1904 2244 1940 2248 —

243 2433 249 2446 ¹
269 2435 301 2457 De
326 2441 372 2463 qna
398 2434 452 2457 wide
478 2435 548 2462 trem,
574 2435 589 2457 l.
615 2438 694 2457 contra
715 2436 839 2463 Haereses,
856 2442 886 2459 .c.
908 2437 946 2459 26.
962 2443 986 2459 n.
1004 2437 1030 2459 2:

179 2475 205 2496 Et
222 2474 420 2496 circumciduntur
436 2479 463 2496 ac
480 2477 631 2501 perseverant
649 2474 671 2496 in
689 2475 724 2497 his
739 2475 959 2502 consuetudinibus,
971 2481 1032 2506 quae

179 2517 232 2536 sunt
254 2513 384 2536 secundum
407 2513 493 2541 Legem
515 2517 559 2536 etc.
574 2525 606 2530 —
623 2513 727 2537 Subinde
744 2514 865 2543 respicitur
882 2515 932 2537 Gal.
948 2516 976 2542 2,
996 2515 1032 2537 ll.

179 2559 228 2582 seq.
247 2553 286 2581 (de
302 2553 392 2582 Petro);
410 2554 452 2576 cfr.
468 2553 505 2575 lV.
524 2554 586 2576 Sent.
604 2554 628 2576 d.
645 2554 666 2576 3.
684 2560 707 2582 p.
725 2555 747 2576 ΙΙ.
765 2560 786 2577 a.
803 2555 825 2577 3.
842 2561 866 2583 q.
883 2556 905 2577 2.

243 2590 252 2604 ²
270 2592 400 2620 Respicitur
425 2593 482 2614 Gen.
499 2593 526 2620 3,
544 2592 586 2614 17;
612 2592 729 2615 Maledicta
754 2596 814 2615 terra
840 2593 861 2615 in
887 2599 959 2621 opere
985 2597 1033 2616 tuo.

180 2631 242 2654 Libr.
259 2632 296 2654 Ν.
313 2632 372 2659 Reg.
390 2632 416 2658 2,
434 2631 476 2654 2t:
493 2632 632 2660 Egressique
649 2635 700 2654 sunt
716 2632 764 2654 duo
781 2633 828 2655 ursi
844 2633 873 2655 de
890 2633 946 2655 saltu
964 2637 984 2655 et
1002 2633 1032 2655 la-

180 2674 315 2693 rcraxerunt
333 2674 375 2693 etc.

242 2709 251 2722 ³
269 2711 326 2732 Gen.
349 2710 376 2737 6,
395 2710 432 2732 tt.
459 2716 530 2739 seqq;
555 2711 583 2737 9,
609 2711 646 2733 1-2.
671 2717 736 2740 seqq.
762 2714 784 2733 et
812 2711 847 2738 tt,
871 2711 894 2733 7.
919 2717 1033 2740 seqq.—

181 2751 195 2772 l.
213 2750 272 2772 retr.
290 2750 315 2776 3,
333 2750 372 2771 ⁶20.
388 2755 450 2778 seq:
470 2750 492 2772 ln
510 2749 593 2772 diebus
611 2750 669 2777 Noe,
686 2756 740 2772 cum
759 2749 909 2773 fabricaretur
926 2757 992 2777 arca,
1010 2751 1032 2773 in

181 2795 226 2818 qua
245 2789 325 2817 pauci,
343 2789 366 2811 id
384 2792 418 2811 est
435 2792 499 2817 octo,
516 2790 608 2811 animae
624 2790 703 2811 salvae
721 2790 792 2812 tactae
809 2793 863 2812 sunt
881 2796 922 2818 per
934 2796 1032 2819 aquam;

180 2829 245 2858 qnod
263 2831 286 2850 et
302 2834 345 2850 vos
362 2833 425 2850 nunc
442 2828 523 2851 similis
540 2830 629 2851 formae
645 2829 723 2851 salvos
741 2829 794 2852 facit
810 2828 933 2857 baptisma.

244 2867 254 2880 ⁶
271 2867 318 2891 Csr.
342 2868 397 2889 Acta
423 2867 526 2895 martyrii
552 2868 575 2890 S.
597 2868 722 2895 Clement.;
748 2868 907 2897 Metaphrast.,
934 2869 956 2891 in
982 2869 1033 2891 Vita

183 2909 205 2930 5.
222 2907 334 2930 Clement.
351 2913 375 2929 n.
392 2907 419 2934 6;
437 2906 572 2935 strepitum,
589 2908 623 2930 ΙΙΙ.
639 2907 722 2930 llistor.
739 2909 821 2931 eccles.
838 2914 858 2931 c.
876 2909 913 2931 18.

245 2945 255 2958 ⁶
271 2947 350 2969 Metui.
369 2947 396 2973 8,
414 2946 452 2968 25.
467 2957 499 2963 -—
517 2946 613 2969 interius
635 2947 757 2975 respicitur
778 2948 836 2970 Gen.
858 2948 900 2975 -to,
924 2948 947 2970 8.
968 2953 1034 2976 seqq.

182 2986 221 3013 (de
239 2985 349 3015 Nemrod)
367 2988 390 3007 et
411 2985 444 3013 11,
466 2985 484 3007 t.
502 2991 568 3014 seqq.
586 2985 625 3014 (de
642 2988 705 3008 tun-e
721 2985 791 3009 Babel
815 2990 836 3009 et
858 2987 973 3010 divisione
995 2987 1035 3009 lin-

1089 2436 1209 2465 guarum).
1225 2435 1281 2458 lbid.
1300 2441 1323 2458 v.
1342 2435 1379 2457 tt.
1396 2441 1461 2463 seqq.
1479 2434 1509 2456 de
1526 2433 1608 2456 Heber.
1625 2432 1670 2455 Csr.
1688 2433 1799 2459 August,
1817 2431 1895 2453 XVlll.
1912 2431 1942 2453 de

1088 2476 1137 2499 Civ.
1151 2476 1203 2503 Dei,
1215 2482 1236 2498 c,
1247 2476 1270 2498 2.
1283 2482 1304 2497 ιι.
1317 2476 1342 2502 2,
1354 2474 1487 2497 ubidicitur
1503 2482 1513 2493 ι
1523 2472 1661 2501 Babylonia,
1671 2471 1737 2501 quasi
1747 2471 1822 2499 prima
1832 2471 1905 2493 Roma
1916 2479 1941 2497 ις

1089 2518 1111 2538 et
1128 2516 1188 2538 XVl.
1205 2521 1226 2537 c.
1243 2515 1281 2537 tt.
1297 2521 1321 2537 n.
1339 2515 1363 2536 t:
1382 2514 1431 2536 Non
1449 2513 1522 2536 defuit
1547 2512 1624 2541 [apud
1649 2511 1752 2539 Babylon
1778 2511 1801 2533 in
1827 2510 1942 2533 divisione

1089 2553 1238 2584 linguarum]
1255 2554 1341 2576 doinus
1358 2553 1442 2580 Heber,
1459 2552 1498 2575 ubi
1516 2558 1543 2574 ea
1560 2557 1622 2580 quae
1638 2554 1705 2573 antea
1724 2551 1765 2573 suit
1782 2550 1887 2572 omnium
1904 2549 1942 2571 lin-

1090 2601 1135 2623 gua
1148 2597 1301 2617 remaneret...
1314 2593 1372 2622 Quia
1384 2599 1441 2621 ergo
1455 2593 1476 2615 in
1489 2592 1539 2614 eius
1552 2591 1635 2614 familia
1648 2590 1760 2613 remansit
1771 2591 1828 2612 haec
1840 2589 1943 2617 lingua...

1090 2634 1142 2657 ideo
1160 2633 1272 2661 deinceps
1289 2632 1396 2656 Hebraea
1413 2635 1448 2655 est
1464 2634 1607 2660 nuncupata.
1624 2630 1671 2653 Csr.
1688 2629 1745 2652 ibid.
1761 2629 1840 2652 xvut.
1856 2635 1877 2651 c.
1894 2629 1932 2652 39.

1153 2671 1163 2685 ⁰
1180 2673 1252 2695 Exod.
1265 2673 1286 2699 t,
1298 2673 1324 2695 8:
1338 2671 1439 2694 Surrexit
1456 2671 1542 2693 interea
1559 2676 1599 2693 rex
1616 2675 1693 2692 novus
1709 2675 1781 2697 super
1797 2669 1942 2696 Aegyptum,

1090 2713 1130 2742 qui
1143 2711 1266 2740 ignorabat
1277 2712 1359 2740 loseph
1373 2710 1430 2741 [quo
1443 2711 1556 2738 figuratur
1564 2709 1680 2736 Christus,
1689 2710 1811 2736 &usupra
1821 2707 1914 2730 collant
1925 2708 1942 2729 1.

1090 2759 1113 2774 n.
1131 2751 1230 2781 2t.].—-
1242 2751 1275 2774 De
1292 2750 1426 2773 Theodosio
1443 2752 1485 2773 cfr.
1503 2750 1603 2776 Socrat.,
1621 2749 1660 2771 lX.
1676 2748 1759 2770 Hister.
1778 2747 1866 2775 tripart.
1883 2753 1903 2768 c.
1920 2746 1942 2773 7,

1090 2794 1113 2813 et
1130 2791 1265 2818 Nicephor„
1283 2790 1330 2812 xu.
1347 2789 1432 2812 Histor.
1448 2789 1532 2811 eccles.
1548 2794 1567 2810 c.
1585 2788 1608 2810 9.
1624 2790 1647 2809 et
1665 2787 1702 2810 15.

1153 2827 1163 2841 ⁷
1181 2829 1258 2851 Mattu.
1274 2829 1364 2856 16,18.
1376 2841 1408 2845 —
1419 2829 1452 2851 De
1469 2833 1548 2856 pugna
1566 2826 1670 2854 Gregorii
1689 2832 1742 2848 cum
1760 2825 1871 2852 Eutychio
1889 2824 1942 2845 xitle

1091 2868 1164 2896 ipsius
1190 2867 1251 2890 XlV.
1275 2868 1355 2890 Moral.
1380 2873 1401 2890 c.
1418 2867 1456 2889 56.
1481 2873 1504 2889 n.
1520 2866 1558 2888 72.
1576 2872 1643 2895 seqq.
1660 2864 1722 2887 Libr.
1739 2865 1764 2887 11,
1780 2865 1838 2891 Reg.
1855 2863 1882 2889 6,
1903 2862 1940 2884 ¹⁶2:

1091 2908 1117 2930 Et
1134 2907 1230 2930 adduxit
1247 2906 1349 2937 [David]
1367 2913 1445 2929 arcam
1463 2905 1529 2928 Dei...
1549 2908 1571 2927 et
1593 2908 1659 2927 erant
1681 2910 1734 2927 cum
1758 2903 1831 2926 David
1853 2904 1941 2930 septem

1091 2947 1155 2970 chori
1172 2949 1228 2974 eum
1247 2946 1304 2969 ibid.
1320 2946 1364 2973 24,
1382 2946 1420 2969 16.
1436 2952 1485 2974 seq.
1501 2945 1533 2968 de
1550 2945 1639 2973 Angelo
1657 2943 1798 2972 percutiente
1812 2941 1941 2965 ierusalem.

1091 2998 1122 3003 —
1140 2986 1223 3008 Paulus
1241 2985 1370 3008 winfridus
1388 2985 1501 3008 diaconus
1518 2984 1541 3006 in
1559 2984 1610 3006 Vita
1634 2982 1738 3011 Gregorii
1757 2988 1780 3004 n.
1800 2982 1835 3003 11.
1852 2983 1943 3005 narrat,
