2285 3398
825 144 855 172 ΙΝ
878 136 1098 172 ttEXAiLMERON
1120 142 1288 172 SCllOLiON.
1870 145 1921 173 [151

188 222 338 252 profanarum
356 226 378 246 et
396 224 417 246 in
430 224 507 252 specie
519 224 620 246 studium
633 223 843 251 philosophicarum
856 219 1029 251 disciplinarum

189 266 211 285 et
229 262 361 291 improbant
383 263 510 286 earundem
533 263 710 291 applicationem
728 262 756 285 ad
774 268 810 284 res
832 262 971 289 theologicas
988 263 1029 283 tru-

187 302 287 329 dendas;
305 303 359 324 satis
377 303 425 330 ipse
443 304 486 324 hoc
503 303 615 330 opusculo
628 302 781 329 demonstrat,
793 308 846 323 cum
859 301 924 323 toties
935 300 1029 323 easdem

188 341 256 370 (sicut
274 342 317 364 iam
337 343 420 364 fecerat
436 348 478 369 per
495 344 568 363 totum
585 347 653 363 suum
678 341 874 364 Commentarium
895 341 916 363 in
938 342 1029 363 Senten-

187 381 237 409 tias)
264 381 292 403 ad
318 387 386 403 suum
413 381 557 408 propositum
583 380 691 403 adhibeat
707 384 729 403 ct
746 381 835 403 disertis
858 380 936 402 wrliis
957 380 1029 407 (licat,

187 420 312 442 convenire
330 420 442 447 theologis
459 419 546 441 eisdem
564 419 595 441 nti
613 422 723 447 tanquam
741 419 820 447 spoliis
831 426 857 441 ex
871 420 974 448 Aegypto
987 418 1028 441 sihi

187 458 333 481 vindicandis
351 458 402 487 (ch‘.
420 459 441 481 1,
467 458 501 480 11.
518 464 584 486 seqq.
596 460 618 479 et
629 458 714 485 passim
730 458 862 480 collationes
875 458 923 485 47,
937 458 990 480 item
1008 458 1030 480 9.

188 505 209 520 n.
223 500 260 520 ⁸23.
274 504 352 527 scqq.;
366 498 402 520 17.
416 504 438 520 n.
450 498 487 520 20.
499 498 584 527 seqq).
598 497 665 525 Quod
684 497 733 525 ipso
747 499 804 520 facto
816 501 838 521 ct
850 498 944 526 proprio
956 504 1030 520 exem-

187 538 225 565 plo
242 538 327 565 docuit,
345 539 388 560 hoc
405 537 534 559 secundum
552 542 606 558 satta
625 536 735 564 principia
762 537 790 559 ita
816 537 909 565 exponit
927 537 951 565 (l.
968 538 1030 560 Sent.

188 578 284 599 l‘rooem
302 584 326 606 q.
343 578 364 599 2.
383 577 404 599 in
422 576 503 605 corp.),
521 577 618 604 loquens
635 576 664 597 de
682 576 751 598 modo
774 577 912 605 theologiam
931 577 959 599 ad
977 583 1031 604 pro-

188 617 312 638 motionem
337 616 390 638 fldei
417 615 538 638 tractandi:
567 615 668 637 «Modus
690 615 752 637 enim
776 615 956 639 ratiocinativus
981 616 1031 638 sive

189 656 334 684 inquisitivus
356 656 416 678 valet
441 655 516 683 primo
541 655 570 677 ad
596 655 787 677 confundendum
810 655 979 678 adversarios...
1001 655 1030 678 ad

190 695 314 717 fovendum
333 695 459 718 inflentos...
476 693 505 715 ad
530 693 691 715 delectandum
717 695 830 720 perfectos
842 702 864 716 1».
881 693 937 716 lbid.
962 693 991 716 ad
1009 694 1030 716 5.

189 737 217 756 110
234 734 342 756 relatione
360 734 416 756 inter
433 733 502 755 fldem
520 735 542 754 et
558 732 676 754 scientiam
694 733 846 760 theologicam
864 732 958 755 dicitur:
980 733 1030 755 «Fi-

188 773 229 795 (les
246 774 320 796 elevat
344 773 373 795 ad
398 771 581 798 assentiendum,
599 772 691 793 scientia
715 774 736 793 et
754 772 878 793 intellectus
894 772 985 794 elevant
1001 772 1030 794 ad

189 818 214 833 cu
233 818 292 840 quae
310 812 395 834 credita
412 814 466 833 sunt
482 810 659 838 intelligendam.
677 810 829 832 Commendat
846 810 914 837 igitur
931 811 1031 839 seraphi·

189 857 230 873 cus
255 851 339 873 Doctor
363 850 476 877 theologis
500 856 583 871 sanum
609 856 676 871 usum
703 849 860 877 philosophiae
887 852 909 872 et
935 849 1030 872 aliarum

190 890 337 912 scientiarum
355 895 403 912 non
419 895 549 916 sacrarum;
572 889 613 911 sed
639 889 661 910 in
686 889 825 917 usurpandis
848 891 870 911 ct
894 888 1032 911 adhibendis

189 929 276 951 eisdem
294 929 335 951 tria
352 929 419 951 docet
435 935 485 952 esse
502 929 621 951 cavenda:
638 928 724 958 primo,
738 932 819 951 utnon
835 928 960 955 derogetur
976 928 1031 960 0113-

190 967 327 992 rismatz'bus
343 968 480 992 melioribus
498 969 522 999 (1,
539 968 591 991 Cor.
610 969 650 995 42,
667 969 722 1001 3l.),
748 967 872 996 praecipue
895 968 932 989 tini
951 969 1031 991 ultimo

191 1008 330 1036 theologiae,
347 1008 386 1037 qui
404 1014 450 1031 non
466 1010 512 1035 est,
529 1010 564 1035 ut,
587 1008 685 1030 contenti
711 1007 823 1030 abstracta
850 1006 981 1029 divinarum
999 1014 1031 1029 re-

189 1053 240 1069 rum
258 1047 348 1075 notitia,
365 1047 388 1069 in
405 1047 452 1070 sola
469 1046 562 1069 scientia
585 1047 724 1076 acquirenda
746 1045 811 1075 quasi
830 1045 912 1073 pedem
931 1046 1031 1073 tigamus

190 1086 238 1115 (cfr.
257 1086 278 1108 5.
296 1093 318 1109 n.
337 1087 378 1114 335
397 1086 419 1109 6.
435 1092 459 1108 n.
476 1086 517 1113 t9;
537 1085 573 1108 17.
596 1092 619 1108 n.
642 1086 683 1113 27,
710 1086 746 1108 19.
764 1092 784 1107 11.
812 1085 833 1107 3.
851 1084 876 1111 4;
895 1084 932 1106 20.
950 1090 973 1106 n.
990 1085 1030 1114 2.)‚

189 1126 229 1148 scd
248 1126 335 1155 potius,
352 1129 377 1149 ut
393 1134 403 1146 ι
415 1125 471 1148 boni
487 1125 569 1148 fiamus
581 1134 591 1145 1>
620 1126 669 1148 sive
686 1128 711 1148 ut
730 1123 887 1146 «extendatur
904 1123 1031 1145 intellectus

188 1165 218 1187 ad
245 1165 356 1195 affectum
370 1174 392 1188 n.
409 1166 474 1188 Tunc
490 1165 551 1187 enim
569 1165 694 1187 intellectus
727 1174 737 1184 a
750 1163 867 1192 perficitur
894 1162 924 1184 ab
951 1161 1030 1184 habitu

188 1205 265 1228 medio
282 1205 340 1228 inter
356 1211 415 1233 pure
435 1204 604 1233 speculativum
622 1207 643 1226 et
660 1204 798 1232 practicum,
815 1202 854 1231 qui
872 1202 1031 1230 complectitur

188 1247 325 1273 utrumque;
342 1247 365 1267 et
388 1245 425 1267 1110
446 1243 538 1267 habitus
562 1244 644 1266 dicitur
666 1242 793 1273 sapientia,
814 1247 874 1270 quae
891 1241 959 1263 simul
976 1241 1031 1263 dicit

188 1284 343 1312 cognitionem
360 1286 382 1306 et
398 1284 528 1307 aflectum...
544 1283 610 1306 Unde
627 1283 663 1305 hic
680 1285 714 1305 est
730 1281 928 1309 contemplationis
945 1281 1031 1308 gratia,

188 1326 209 1345 ct
226 1326 250 1345 ut
268 1322 321 1345 boni
339 1323 435 1351 fiamus,
447 1322 601 1351 principaliter
614 1325 689 1344 tamen
702 1320 790 1344 utboni
804 1320 887 1342 flamus
896 1329 907 1339 ι)
930 1320 955 1348 (l.
968 1320 1030 1341 Sent.

189 1364 293 1385 Prooem.
309 1370 332 1392 q.
349 1363 372 1386 3.
388 1365 410 1385 01
427 1363 466 1385 crr.
483 1362 605 1391 scholion).
621 1374 652 1378 —
668 1358 776 1384 Secundo
798 1359 917 1381 cavendus
939 1361 973 1381 est
996 1364 1030 1380 ex-

187 1410 265 1426 cessus
283 1403 304 1425 in
322 1408 430 1426 mensura
447 1402 514 1425 huius
531 1408 594 1424 usus.
615 1401 682 1423 «Non
699 1399 768 1427 igitur
783 1400 872 1420 tantum
884 1397 1030 1420 miscendum

188 1446 221 1465 est
237 1442 266 1464 de
283 1448 343 1471 aqua
360 1441 519 1470 philosophiae
535 1440 559 1462 in
576 1439 655 1461 vinum
672 1443 751 1460 sacrae
769 1437 912 1465 Scripturae,
925 1437 989 1466 quod
998 1437 1030 1460 de

188 1482 241 1504 vino
258 1481 297 1504 fiat
313 1487 384 1510 aqua;
401 1482 445 1503 hoc
469 1479 596 1508 pessimum
622 1477 758 1500 miraculum
784 1480 856 1504 esset,
878 1479 901 1499 et
917 1477 1030 1505 legimus,

187 1520 250 1550 quod
275 1520 378 1543 Christus
402 1519 432 1542 de
453 1524 513 1547 aqua
539 1517 591 1540 tecit
614 1516 708 1544 vinum,
725 1522 771 1538 non
797 1522 809 1538 e
827 1521 960 1539 converso»
983 1517 1030 1546 (19.

188 1567 209 1582 11.
230 1559 283 1589 14.).
299 1560 325 1581 Et
343 1559 380 1581 19.
396 1565 420 1581 11.
437 1558 475 1581 12.
490 1559 610 1579 monetur:
630 1556 700 1578 «Non
716 1555 786 1578 nimis
803 1556 968 1579 commendent
985 1562 1031 1578 ma-

187 1599 250 1627 gistri
266 1599 325 1621 dicta
342 1597 554 1626 philosophorum»
569 1598 612 1618 etc.
627 1607 658 1612 —
677 1594 754 1618 Ter-tw
771 1595 916 1623 cavendum,
934 1601 962 1618 ne
979 1597 1031 1624 quis

187 1639 276 1666 ignoret
291 1638 329 1660 vel
345 1643 429 1666 parum
445 1636 555 1664 intelligat
571 1635 711 1664 perieulum,
728 1635 792 1663 quod
815 1635 919 1657 incautae
940 1636 1031 1658 animae

186 1678 266 1700 afferre
282 1680 358 1706 potest
380 1675 454 1700 arbor
475 1675 586 1699 scientiae
607 1673 663 1698 boni
685 1675 707 1697 et
722 1673 794 1703 mali,
814 1675 844 1697 de
864 1681 911 1704 quo
929 1675 1031 1703 graviter

186 1717 285 1746 loquitur
301 1718 382 1739 auctor
399 1715 436 1739 17.
453 1722 476 1738 11.
493 1715 535 1743 26;
554 1715 591 1737 18,
607 1720 630 1736 n.
647 1714 673 1740 3;
692 1713 729 1736 19.
746 1720 769 1735 11.
787 1714 863 1736 10-15.

249 1756 271 1778 3.
287 1756 348 1778 Haec
364 1755 478 1784 principia
495 1760 549 1777 sana
566 1760 616 1777 esse
641 1755 663 1775 et
687 1752 763 1775 media
788 1754 890 1782 quadam
916 1753 975 1776 inter
996 1759 1031 1775 ex-

187 1798 258 1818 trema
275 1795 312 1818 via
331 1795 449 1822 incedere,
466 1800 547 1821 nemo,
564 1793 604 1822 qui
626 1798 682 1814 vera
708 1791 754 1814 11110
779 1792 919 1815 illuminatus
943 1795 990 1820 est,
1009 1793 1030 1815 in

186 1834 284 1857 ‹lubium
301 1839 386 1857 vocare
402 1833 493 1862 poterit.
509 1833 568 1856 Cum
585 1831 685 1854 officium
703 1831 868 1859 gravissimum
885 1832 985 1860 theologi
1003 1832 1032 1855 sit

187 1874 244 1896 tueri
260 1874 381 1896 veritatem
398 1873 451 1896 fidei
476 1874 555 1894 contra
580 1871 647 1893 salsas
671 1870 775 1892 eiusdem
792 1870 992 1899 interpretationes
1009 1874 1031 1893 et

187 1913 312 1936 defendere
327 1915 406 1935 contra
423 1912 490 1941 quasi
507 1911 605 1933 infinitas
629 1908 781 1937 obiectiones,
798 1916 857 1938 quas
874 1916 901 1932 ex
921 1910 1031 1933 omnibus

186 1952 285 1975 scientiis
301 1954 382 1980 petunt
397 1954 421 1974 et
436 1950 496 1973 inani
513 1949 593 1972 labore
609 1948 753 1971 accumulant
770 1949 860 1977 ludaei,
885 1950 992 1972 haeretici
1009 1953 1032 1972 et

188 1992 310 2018 increduli;
327 1990 456 2013 absurdum
473 1991 533 2012 esset
546 1987 682 2010 interdicere
694 1993 762 2010 usum
773 1993 892 2010 armorum
904 1994 931 2011 ex
943 1989 1030 2011 eisdem

186 2031 286 2054 scientiis
310 2030 334 2053 in
358 2031 462 2052 favorem
487 2028 540 2051 ssdei
565 2026 734 2054 adhibitorum,
751 2027 886 2055 praesertim
912 2034 965 2050 cum
987 2029 1031 2051 hoc

186 2071 288 2094 studium
306 2070 373 2093 cedat
389 2072 438 2092 tum
455 2069 479 2091 in
495 2067 653 2090 exaltationem
670 2066 723 2089 tidei
741 2068 789 2088 tum
807 2067 888 2095 triplici
911 2068 982 2090 modo
1008 2069 1031 2090 in

188 2112 289 2133 favorem
315 2109 430 2136 fidelium,
452 2111 477 2131 ut
501 2112 571 2135 supra
595 2105 674 2128 verbis
696 2106 718 2128 S.
741 2105 845 2128 Doctoris
870 2107 976 2130 diximus.
1000 2108 1031 2130 Ex

187 2150 255 2172 :ittera
277 2151 342 2177 parte
358 2154 405 2171 non
422 2148 487 2170 facile
503 2146 585 2175 aliquis
601 2144 756 2172 contenderit,
773 2145 829 2168 nihil
846 2146 909 2169 aliud
926 2149 1031 2174 spectare

187 2189 216 2211 ad
232 2190 309 2216 partes
326 2187 425 2215 theologi
442 2186 485 2209 nisi
503 2190 587 2207 munus
604 2184 773 2212 apologeticum
795 2187 817 2207 et
841 2184 927 2208 bellum
951 2189 1030 2209 contra

187 2233 290 2250 errores.
300 2225 444 2249 Laboremus
455 2228 557 2252 strenue,
570 2223 720 2246 defendentes
736 2224 789 2247 fidei
807 2225 940 2248 thesaurum
953 2229 975 2249 et
990 2229 1030 2249 ter-

187 2269 281 2289 restrem
300 2265 435 2292 Ierusalem,
459 2266 556 2286 matrem
582 2264 692 2290 nostram,
716 2263 806 2286 sinistra
832 2270 901 2287 manu
926 2265 1029 2293 gladium

187 2307 305 2333 portantes
316 2306 395 2326 contra
406 2305 484 2326 hostes
496 2302 529 2331 (ll.
546 2301 612 2324 Esar.
629 2301 651 2329 4,
668 2301 715 2331 17.)
732 2304 755 2325 et
772 2303 891 2326 veritatem
909 2305 1030 2333 explanan-
1057 2327 1060 2330 ,

188 2348 221 2367 tes
246 2344 269 2366 in
293 2345 397 2366 favorem
421 2341 571 2371 m·ra.ntiztm;
595 2341 637 2364 sed
657 2341 725 2364 simul
749 2342 817 2365 etiam
842 2344 908 2373 quasi
933 2350 1029 2367 manum

187 2385 304 2406 dexteram
322 2382 474 2405 adhibeamus
490 2382 514 2403 in
530 2379 677 2410 aedificanda
694 2380 784 2405 amicata
800 2382 855 2411 Dei,
873 2383 901 2406 ita
919 2386 944 2406 ut
961 2385 1029 2407 etiam

187 2423 266 2454 fideles
278 2423 314 2445 ius
325 2429 393 2445 suum
406 2421 516 2449 habeant,
528 2420 631 2448 ipsisque
642 2419 679 2442 via
691 2423 784 2448 paretur
800 2422 831 2444 ad
848 2423 986 2450 gustandam
999 2423 1030 2446 di-

186 2455 266 2485 1111331
282 2462 403 2484 veritatem
415 2463 437 2483 et
448 2466 499 2483 eam
511 2458 675 2488 acquirendam
687 2459 822 2488 sapientiam
830 2478 836 2489 ,
847 2467 919 2490 quam
934 2462 1030 2490 Paulus,

187 2505 212 2525 ut
224 2502 273 2531 ipse
292 2504 387 2524 testatur
407 2500 432 2529 (l.
443 2499 495 2522 Cor.
512 2499 539 2526 2,
557 2498 597 2527 6.)‚
613 2497 750 2527 loquebatur
766 2498 827 2523 inter
840 2500 971 2530 perfectos,
991 2507 1030 2524 sa-

187 2540 300 2571 pientiam
317 2545 372 2563 vero
388 2545 438 2562 non
448 2538 520 2562 huius
536 2536 633 2561 saeculi.

251 2579 273 2602 4.
290 2578 358 2607 Quod
374 2580 452 2600 autem
469 2577 492 2599 in
509 2578 552 2599 1130
568 2578 645 2604 parte,
662 2582 723 2605 quae
738 2583 808 2600 verae
831 2578 957 2607 sapientiae
973 2580 1030 2602 chri-

188 2620 274 2642 stianae
295 2617 409 2640 fovendae
435 2620 458 2639 et
482 2616 576 2639 divinae
599 2615 710 2638 maiestati
735 2617 897 2644 glorificandae
923 2619 1030 2647 intendit,

189 2659 212 2680 S.
227 2658 387 2680 Bonaventura
404 2655 530 2684 praecipuo
547 2654 649 2683 quodam
666 2655 802 2679 charismate
818 2662 831 2679 a
848 2657 896 2679 Deo
908 2660 1031 2680 exornatus

188 2697 228 2724 sit,
245 2695 430 2718 manifestissime
446 2693 611 2722 comprobatur
628 2693 700 2722 ipsius
718 2694 829 2723 operibus
845 2698 867 2718 et
883 2701 1030 2718 summorum

188 2736 292 2757 virorum
309 2734 445 2757 testimoniis
470 2733 618 2755 confirmatur
644 2733 693 2761 (ess‘.
714 2734 799 2757 Bened.
820 2735 919 2762 Bonelli,
935 2735 1031 2758 Prodro-

188 2780 241 2797 mus
258 2774 287 2796 ad
304 2779 374 2802 opera
391 2773 468 2796 omnia
490 2773 514 2795 S.
537 2772 626 2794 Bonav.
650 2771 689 2795 lib.
711 2773 735 2796 lt.
759 2774 802 2796 col.
820 2773 930 2803 84:147.)
952 2775 1029 2797 Unum

189 2814 310 2837 audiamus
326 2815 407 2835 testem
425 2812 447 2834 S.
472 2811 625 2839 Antoninum,
642 2817 752 2840 magnum
776 2812 868 2835 Ordinis
889 2813 1031 2836 Praedicato-

188 2859 240 2876 rum
259 2852 331 2875 decus
348 2851 463 2881 (Chronic.
479 2857 504 2879 p.
519 2851 553 2873 lll.
570 2851 601 2872 tit.
619 2850 657 2873 24.
674 2857 695 2874 0.
712 2851 755 2880 4.);
770 2860 781 2871 u
793 2852 961 2879 Bonaventura,
972 2852 1030 2874 sicut

190 2893 211 2914 in
227 2890 352 2914 luminibus
369 2890 517 2913 scientiarum
533 2892 556 2911 et
571 2889 671 2911 maxime
688 2889 711 2912 in
729 2890 851 2918 Scripturis
867 2890 952 2913 sanctis
968 2890 1030 2913 vide-

190 2931 256 2954 batur
273 2931 330 2953 mira
339 2929 472 2968 ⁸capacitate
489 2929 613 2957 proficere,
631 2929 659 2951 ita
678 2929 699 2951 in
725 2929 853 2952 devotionis
873 2930 944 2957 gratia
962 2931 1030 2952 conti·

1086 227 1159 243 nuum
1177 221 1283 244 sumebat
1300 222 1385 250 gratiae
1403 222 1578 245 incrementum.
1601 223 1719 251 Siquidem
1735 230 1829 247 onlnem
1847 224 1928 246 verita-

1088 263 1146 287 tem,
1163 267 1234 289 quam
1253 261 1394 289 percipiebat
1410 262 1537 290 intellectu,
1554 263 1582 285 311
1601 263 1697 285 formam
1715 263 1824 285 orationis
1840 266 1862 285 ct
1884 263 1928 285 lau-

1087 300 1185 322 dationis
1197 300 1288 322 divinae
1300 301 1420 328 reducens,
1432 301 1539 323 continuo
1549 301 1680 324 ruminabat
1689 303 1794 324 affectu...
1804 302 1928 324 intellectus

1086 339 1136 361 eius
1153 340 1348 367 perspicacitatem
1366 340 1441 362 omnia
1459 341 1570 368 opuscula
1588 341 1637 363 cius
1654 342 1756 363 redolent
1768 341 1802 368 iis,
1817 341 1856 370 qui
1873 341 1929 363 ‹livi-

1086 385 1139 400 nam
1157 379 1274 400 scientiam
1292 379 1446 407 requirentes,
1465 381 1523 401 113110
1542 380 1648 402 libentius
1664 386 1734 409 quam
1748 376 1870 402 vanitatem
1883 380 1929 402 Ari-

1086 418 1211 440 stotelicam
1231 421 1366 440 venerantur
1376 427 1398 441 n.

1150 457 1171 480 5.
1189 458 1248 479 llaec
1265 458 1374 486 sapientia
1392 457 1511 480 christiana
1530 458 1575 479 sula
1595 458 1704 480 industria
1723 458 1822 481 hominis
1834 458 1928 480 naturali

1087 498 1181 520 minime
1198 497 1327 526 comparari
1345 499 1418 525 potest
1436 497 1482 525 (22.
1500 504 1522 519 n.
1540 497 1577 519 24.
1588 501 1671 526 sapt).
1684 498 1796 526 supponit
1808 497 1869 519 enim
1883 504 1928 519 non

1087 540 1175 560 tantuin
1193 537 1273 564 tidem,
1296 543 1356 565 quae
1381 539 1415 558 est
1434 537 1558 558 nomnium
1584 538 1792 565 supernaturalium
1818 537 1930 559 illumina-

1087 577 1184 602 tionum,
1209 576 1319 605 quamdiu
1341 575 1525 605 perorsi-immun*
1541 582 1556 598 ιι
1582 576 1692 603 Domino,
1710 579 1732 598 et
1747 575 1930 606 fundamentum

1087 615 1204 638 stabiliens
1221 618 1243 637 et
1259 615 1357 639 lucerna
1374 615 1476 642 dirigens
1493 617 1514 637 et
1531 615 1604 638 ιὶιηιια
1622 616 1790 638 introducens»
1806 616 1929 644 (Bt-eviloq.

1088 655 1177 683 Prolog.
1196 655 1217 677 in
1235 655 1326 684 prino),
1344 654 1384 676 sed
1401 654 1469 676 ctiam
1495 657 1578 676 statum
1602 654 1688 681 gratiae
1705 660 1758 676 cum
1776 655 1843 677 donis
1860 655 1930 683 Spiri-

1088 698 1124 717 tus
1142 695 1165 717 S.
1181 695 1253 717 immo
1272 695 1293 717 S,
1315 695 1402 717 Bonav.
1424 694 1491 716 docet
1513 694 1560 721 (19.
1584 700 1605 716 11.
1624 694 1667 722 3.);
1693 695 1763 716 «Non
1785 697 1819 717 est
1835 701 1931 717 securus

1088 734 1195 756 transitus
1213 740 1224 756 a
1241 732 1339 757 scientia
1364 733 1393 755 ad
1417 732 1573 762 sapientiam;
1590 735 1681 761 oportet
1698 740 1754 760 ergo
1772 734 1874 756 medium
1892 740 1931 762 po-

1088 779 1154 800 nere,
1172 773 1256 796 scilicet
1272 772 1427 796 sanctitatmn.
1444 773 1563 795 Transitus
1580 775 1655 794 autem
1669 776 1702 795 est
1714 773 1858 795 exercitium:
1870 779 1931 796 exer-

1088 812 1163 834 citatio
1181 818 1193 834 a
1210 812 1286 836 studio
1303 812 1410 834 scientiae
1422 812 1451 834 ad
1463 812 1564 834 studium
1582 812 1717 839 sanctitatis,
1729 814 1751 834 et
1763 818 1775 833 a
1787 812 1863 834 studio
1881 818 1931 834 san-

1088 851 1170 874 ctitatis
1186 852 1214 874 ad
1232 851 1335 874 studium
1352 851 1500 879 sapientiae»
1520 854 1574 878 et‹·.;
1592 851 1655 880 quod
1680 851 1784 873 111111151115
1809 851 1931 879 exponitur

1088 889 1145 912 ibid.
1163 897 1184 913 n.
1202 891 1239 912 20.
1256 896 1323 919 seqq.
1337 902 1369 907 —
1381 891 1474 918 lnsuper
1491 890 1586 919 requirit
1602 890 1829 920 contemplationem.
1841 890 1930 919 Anima,

1091 938 1102 948 (ι
1114 935 1175 958 quae
1191 935 1237 951 non
1255 929 1324 952 habet
1340 929 1540 958 contemplationis
1558 929 1666 958 gratiam,
1679 932 1713 951 est
1729 929 1787 951 sis-ut
1802 929 1932 952 firmamen-

1088 970 1137 990 tum
1155 968 1203 992 sine
1221 968 1384 996 luminaribus,
1401 969 1442 991 sed
1459 974 1520 998 quae
1538 968 1606 991 habet
1622 971 1656 991 est
1673 969 1844 991 firmamentum
1867 974 1933 991 orna-

1088 1008 1137 1028 tum
1159 1006 1292 1029 luminibus.
1310 1008 1336 1029 Et
1351 1008 1411 1030 sicut
1427 1007 1502 1030 differt
1522 1008 1611 1030 caelum
1636 1013 1682 1029 non
1708 1006 1795 1029 habens
1818 1008 1874 1029 11300
1899 1008 1933 1029 111-

1088 1046 1184 1068 minaria
1209 1052 1221 1068 a
1243 1047 1306 1069 caelo
1331 1046 1442 1075 habente,
1468 1047 1500 1069 sic
1523 1047 1599 1069 anima
1625 1053 1671 1069 non
1693 1046 1781 1069 habens
1806 1047 1835 1069 ab
1857 1047 1931 1069 anima

1088 1084 1198 1112 disposita
1215 1085 1245 1107 ad
1262 1086 1318 1113 hoc;
1336 1085 1397 1108 unde
1414 1085 1489 1107 differt
1505 1086 1563 1108 sicut
1580 1086 1682 1113 Angelus
1699 1092 1711 1108 a
1729 1085 1808 1108 bestia.
1831 1086 1932 1108 Bestialis

1087 1126 1122 1145 est
1138 1125 1208 1146 homo
1231 1130 1311 1146 carens
1334 1125 1369 1147 his
1389 1127 1412 1147 et
1433 1124 1521 1147 habens
1542 1125 1623 1147 faciem
1649 1125 1778 1147 inclinatam
1801 1126 1830 1147 ad
1848 1128 1931 1147 terram

1087 1163 1146 1184 sicut
1166 1163 1266 1190 animal;
1283 1163 1324 1185 sed
1346 1163 1428 1191 plenus
1450 1163 1576 1185 lumInibus
1592 1167 1627 1186 est
1644 1166 1704 1187 totus
1726 1165 1843 1192 angelicus
1856 1174 1866 1183 n
1886 1164 1933 1193 (20.

1088 1207 1111 1223 n.
1127 1201 1168 1230 2.).
1185 1201 1218 1223 De
1235 1202 1279 1223 1100
1295 1202 1496 1229 contemplationis
1513 1202 1599 1224 lumine
1616 1203 1658 1225 cfr.
1675 1203 1699 1225 ll.
1717 1203 1778 1225 Sent.
1795 1203 1817 1225 d.
1830 1203 1867 1225 23.
1880 1209 1900 1225 a.
1912 1204 1934 1225 2.

1087 1246 1111 1268 q.
1128 1240 1150 1262 3.
1168 1240 1188 1261 in
1207 1240 1253 1262 nne
1273 1245 1338 1268 corp.
1362 1243 1385 1262 et
1401 1240 1431 1262 ad
1456 1240 1481 1267 ὃς
1499 1240 1529 1263 110
1553 1241 1704 1269 dispositione
1729 1242 1759 1264 ad
1782 1248 1832 1264 eam
1859 1242 1934 1264 ltiner.

1088 1279 1171 1301 mentis
1187 1279 1209 1301 in
1227 1279 1314 1309 Deum,
1332 1279 1443 1307 Prologus
1460 1282 1483 1301 et
1499 1285 1519 1302 c.
1538 1280 1564 1307 1,
1588 1283 1611 1303 01
1635 1280 1692 1303 111113
1717 1280 1797 1304 Collat.
1815 1281 1844 1304 de
1862 1282 1934 1304 Donis

1088 1318 1185 1346 Spiritus
1202 1319 1225 1340 S.
1241 1330 1273 1335 —
1289 1318 1351 1341 Licet
1368 1320 1445 1340 autem
1462 1319 1520 1341 tides
1537 1322 1562 1342 ut
1578 1320 1651 1343 virtus
1673 1321 1800 1349 theologica
1822 1321 1933 1349 dignitate

1088 1358 1208 1380 antecedat
1225 1358 1286 1380 dona
1305 1358 1402 1386 Spiritus
1415 1359 1444 1387 S.,
1456 1362 1571 1388 quatenus
1588 1360 1764 1383 considerantur
1780 1361 1883 1389 praecise
1900 1367 1932 1383 se—

1088 1397 1191 1420 cundum
1209 1403 1245 1425 se,
1262 1400 1287 1420 ut
1303 1397 1372 1420 docet
1388 1398 1456 1420 etiam
1475 1399 1498 1421 S.
1514 1399 1617 1421 Thomas
1642 1399 1675 1428 (S.
1699 1400 1715 1422 t.
1732 1400 1756 1422 11.
1773 1406 1796 1429 q.
1814 1400 1852 1422 68.
1868 1406 1889 1422 3.
1908 1400 1934 1428 1;

1088 1438 1111 1459 11.
1129 1437 1153 1460 lt.
1169 1443 1194 1466 q.
1211 1437 1233 1460 4.
1250 1443 1271 1460 a.
1288 1438 1332 1468 8.);
1350 1440 1427 1461 tamen
1444 1438 1505 1461 idem
1524 1439 1615 1466 asserit,
1627 1439 1692 1467 quod
1704 1439 1792 1461 donum
1805 1439 1934 1463 intellectus

1088 1477 1142 1500 fidei
1159 1477 1236 1500 adiicit
1255 1486 1267 1498 α
1278 1478 1398 1506 quoddam
1415 1478 1494 1500 lumen
1510 1478 1687 1506 superadditum
1705 1479 1735 1502 ad
1752 1485 1777 1501 ea
1795 1486 1855 1508 quae
1867 1479 1935 1502 nobis

1088 1517 1291 1545 supernaturaliter
1308 1517 1477 1540 innotescunt»
1498 1518 1530 1546 (S.
1547 1518 1571 1540 ll.
1587 1518 1612 1540 lt.
1629 1524 1652 1546 q.
1670 1519 1691 1540 S.
1708 1524 1729 1540 a.
1748 1519 1768 1541 1.
1786 1519 1815 1541 311
1828 1519 1868 1548 2.),
1879 1519 1933 1547 quia

1091 1565 1102 1576 ι(
1113 1557 1218 1579 nominat
1247 1556 1366 1585 quandam
1391 1556 1548 1578 excellentiam
1573 1556 1711 1584 cognitionis
1736 1558 1877 1586 penetrantis
1903 1558 1933 1581 ad

1088 1595 1167 1618 intima
1179 1604 1190 1615 n
1211 1594 1277 1624 (ibid.
1293 1595 1323 1618 ad
1341 1595 1381 1624 3.).
1398 1595 1448 1617 Non
1469 1595 1534 1623 quod
1555 1595 1615 1617 dona
1641 1595 1739 1624 Spiritus
1760 1596 1783 1618 S.
1800 1602 1841 1624 per
1858 1602 1882 1618 se
1900 1597 1931 1619 di-

1088 1636 1141 1656 cant
1151 1634 1270 1662 quandam
1281 1639 1368 1656 novam
1380 1633 1552 1662 revelationem,
1565 1634 1594 1656 ita
1607 1636 1631 1656 ut
1642 1633 1737 1656 obiectis
1755 1634 1809 1657 fidei
1825 1635 1931 1658 revelatis

1087 1673 1175 1702 aliquid
1191 1673 1311 1700 adiiciant,
1328 1672 1370 1695 sed
1387 1673 1430 1694 hoc
1447 1675 1537 1701 tantum
1552 1679 1622 1695 sensu
1640 1673 1663 1696 S.
1679 1673 1767 1696 Bonav.
1784 1674 1862 1696 lumen
1879 1680 1934 1697 con-

1088 1712 1242 1740 templationis
1258 1711 1418 1739 commendat,
1436 1711 1500 1740 quod
1511 1718 1559 1741 res,
1572 1718 1633 1741 quae
1644 1712 1697 1736 fidei
1710 1715 1861 1742 nnotescunt,
1879 1720 1933 1743 qua-

1088 1752 1143 1774 dam
1159 1757 1260 1780 superna
1278 1750 1424 1773 illustratione
1441 1751 1516 1779 magis
1538 1754 1560 1774 et
1581 1752 1735 1780 intelligantur
1760 1756 1782 1775 et
1804 1756 1934 1781 gustentur.

1088 1792 1175 1814 Lumen
1193 1791 1255 1813 enim
1267 1791 1311 1813 hoc
1322 1791 1521 1819 contemplationis
1537 1791 1633 1814 omnino
1650 1793 1762 1821 supponit
1773 1792 1855 1822 fldem,
1868 1794 1934 1816 cuius

1088 1830 1166 1853 notitia
1183 1830 1259 1859 aliqua
1275 1830 1363 1852 ratione
1379 1830 1445 1859 quasi
1464 1830 1593 1853 extenditur
1612 1831 1680 1854 donis
1702 1832 1799 1860 Spiritus
1817 1832 1854 1860 S.;
1877 1833 1933 1855 haec

1087 1874 1165 1892 autem
1187 1869 1346 1898 inseparabilia
1363 1872 1417 1892 sunt
1433 1876 1445 1892 a
1462 1872 1521 1892 statu
1539 1870 1626 1898 gratiae
1643 1874 1664 1893 et
1682 1871 1789 1894 caritatis.

1151 1909 1173 1931 6.
1189 1908 1359 1937 Compendiose
1383 1912 1405 1932 et
1430 1909 1501 1932 modo
1526 1909 1556 1932 ad
1581 1909 1648 1932 usum
1675 1910 1735 1933 vitae
1756 1911 1932 1934 accommodato

1089 1948 1213 1971 S:Doctor
1234 1948 1341 1976 explanat
1362 1948 1497 1971 sententiam
1517 1955 1583 1971 suam
1606 1949 1635 1971 de
1657 1949 1694 1971 via
1718 1955 1744 1971 ac
1765 1950 1853 1972 ratione
1875 1956 1934 1972 asse-

1087 1987 1174 2017 quendi
1191 1983 1316 2015 perfectam
1334 1993 1412 2010 rerum
1429 1987 1561 2010 divinarum
1586 1988 1743 2016 cognitionem
1762 1989 1785 2011 in
1802 1992 1848 2011 tota
1866 1989 1934 2012 colla-

1088 2027 1149 2050 tione
1167 2027 1208 2054 19,
1225 2033 1286 2055 quae
1302 2027 1368 2056 quasi
1393 2027 1482 2050 clavem
1508 2027 1603 2057 praebet
1628 2028 1696 2051 totius
1717 2029 1830 2056 opusculi.
1855 2029 1932 2051 Primo

1087 2066 1119 2089 ibi
1136 2066 1212 2100 agitur
1228 2066 1257 2088 de
1274 2068 1374 2095 quatuor
1393 2066 1564 2090 conditionibus
1590 2067 1611 2089 in
1633 2067 1704 2090 modo
1729 2068 1836 2090 studendi
1859 2069 1933 2097 requi-

1087 2106 1147 2134 sitis,
1167 2109 1215 2128 tum
1241 2105 1274 2128 de
1292 2106 1412 2128 sanctitate
1433 2110 1542 2135 tanquam
1568 2107 1700 2130 immediata
1726 2107 1877 2135 dispositione
1902 2108 1932 2131 ad

1087 2145 1234 2174 sapientiam,
1251 2151 1294 2167 nec
1310 2151 1358 2167 non
1380 2145 1410 2168 de
1433 2145 1481 2174 ipsa
1503 2146 1628 2174 sapientia,
1645 2149 1760 2175 quatenus
1784 2149 1818 2170 est
1845 2148 1932 2170 fructus

1087 2185 1195 2208 scientiae
1211 2187 1234 2207 et
1249 2184 1381 2208 sanctitatis.
1397 2197 1428 2202 —
1446 2185 1491 2208 Sed
1508 2188 1652 2208 transeamus
1674 2186 1704 2209 ad
1726 2186 1830 2214 singulas
1854 2190 1932 2215 partes

1087 2224 1247 2247 recensendas.

1149 2264 1173 2287 lt.
1189 2264 1281 2286 Primae
1295 2266 1341 2287 tres
1357 2264 1490 2286 collationes
1507 2270 1548 2292 per
1561 2264 1657 2287 modum
1670 2264 1844 2287 introductionis
1855 2265 1931 2293 primo

1086 2305 1159 2331 agunt
1175 2303 1205 2326 de
1221 2302 1294 2326 tribus
1311 2303 1513 2332 dispositionibus,
1530 2310 1591 2332 quae
1609 2304 1631 2330 in
1648 2303 1792 2326 auditoribus
1809 2303 1873 2326 verbi
1890 2304 1930 2326 Dei

1086 2343 1248 2373 requiruntur,
1264 2348 1294 2365 ne
1311 2343 1368 2365 lucis
1383 2343 1454 2365 radiis
1478 2343 1556 2371 potius
1580 2346 1742 2370 excaecentur,
1759 2349 1830 2371 quam
1853 2343 1932 2366 illumi-

1086 2373 1218 2410 nentur-U.
1234 2388 1259 2404 n.
1275 2382 1343 2412 4-9.);
1360 2382 1444 2405 deinde
1460 2383 1526 2411 quasi
1544 2382 1721 2404 fundamentum
1734 2382 1798 2410 ponit
1814 2382 1930 2405 Christum

1086 2421 1155 2444 totius
1176 2421 1302 2449 sapientiae
1326 2421 1477 2449 principalem
1499 2421 1648 2449 magistrum,
1669 2421 1709 2450 qui
1734 2421 1863 2444 declaratur
1879 2428 1929 2445 esse

1086 2460 1157 2483 modo
1184 2461 1293 2483 eminenti
1321 2460 1425 2484 medium
1449 2463 1538 2489 septem
1563 2461 1709 2483 scientiarum
1736 2460 1805 2489 (ibid.
1831 2461 1905 2484 10-39.
1913 2462 1930 2491 ).

1086 2498 1144 2522 Cum
1161 2492 1238 2522 autem
1255 2499 1307 2522 finis
1323 2502 1346 2522 et
1362 2500 1448 2522 tructus
1465 2500 1547 2521 harum
1559 2499 1706 2522 collationum
1724 2500 1764 2527 sit,
1777 2502 1802 2522 ut
1813 2500 1929 2523 auditores

1089 2548 1100 2559 ιι
1109 2531 1278 2567 adimpleantur
1289 2539 1507 2567 spiritusapientiae
1518 2541 1540 2561 et
1552 2538 1678 2561 intellectus
1686 2547 1708 2566 »;
1722 2539 1744 2561 in
1756 2539 1830 2562 collat.
1843 2540 1865 2562 2.
1875 2542 1898 2562 et
1907 2540 1930 2562 3.

1087 2578 1163 2606 agitur
1178 2578 1208 2601 de
1225 2578 1260 2600 his
1277 2577 1370 2600 duobus
1387 2577 1454 2610 donis
1471 2577 1569 2605 Spiritus
1587 2578 1617 2605 S.,
1634 2577 1664 2600 ita
1677 2580 1765 2605 tamen,
1779 2581 1802 2600 ut
1814 2581 1894 2600 auctor
1905 2584 1931 2601 se

1086 2618 1169 2640 referat
1185 2616 1314 2645 supplendo
1332 2617 1361 2639 ad
1378 2622 1404 2638 ea
1422 2622 1482 2645 quae
1494 2618 1559 2638 antea
1575 2616 1605 2639 de
1616 2617 1651 2639 his
1663 2616 1750 2639 dixerat
1766 2617 1787 2639 in
1804 2616 1931 2639 Collationi-

1087 2655 1131 2678 bus
1147 2656 1177 2678 de
1193 2658 1282 2684 septem
1293 2655 1366 2683 donis,
1375 2661 1436 2684 quae
1453 2655 1475 2677 in
1486 2658 1563 2678 nostra
1575 2655 1675 2678 editione
1688 2656 1819 2678 immediate
1831 2661 1930 2684 sequun-

1087 2697 1130 2717 tur.
1143 2695 1270 2723 Specialem
1287 2695 1435 2717 attentionem
1452 2698 1569 2718 merentur
1586 2698 1635 2718 tum
1652 2695 1776 2723 descriptio
1791 2695 1883 2724 formae
1895 2700 1931 2717 sa-

1086 2734 1202 2762 pientiae,
1214 2734 1278 2763 quod
1294 2734 1379 2756 scilicet
1395 2735 1424 2757 sit
1440 2734 1574 2764 uniformis,
1591 2734 1752 2764 multiformis,
1770 2733 1929 2764 omniformis,

1086 2772 1231 2803 *nulliformis
1249 2773 1281 2801 (2.
1298 2780 1319 2795 n.
1338 2773 1416 2802 8-33.)‚
1433 2777 1482 2796 tum
1499 2774 1602 2796 reductio
1624 2773 1781 2796 doctrinarum
1805 2773 1928 2795 moralium

1087 2815 1110 2835 et
1124 2812 1273 2835 scientialium
1290 2813 1321 2835 ad
1337 2812 1441 2836 Verbum
1458 2813 1598 2840 increatum,
1620 2813 1763 2835 incarnatum
1786 2816 1808 2834 et
1833 2812 1927 2840 inspira-

1086 2854 1136 2874 tum
1152 2854 1262 2880 tanquam
1279 2851 1309 2874 ad
1325 2851 1415 2875 clavem
1432 2852 1631 2880 contemplationis
1649 2852 1680 2881 (3.
1698 2858 1719 2874 n.
1737 2852 1759 2873 2.
1777 2851 1860 2880 seqq),
1878 2854 1925 2873 tum

1088 2889 1165 2913 brevis
1189 2893 1211 2913 et
1233 2891 1347 2913 luculenta
1372 2891 1453 2913 solutio
1476 2891 1636 2919 principalium
1663 2890 1821 2913 difficultatum
1848 2892 1926 2912 contra

1088 2930 1199 2952 theoriam
1223 2930 1344 2952 creationis
1368 2930 1485 2952 allatarum
1504 2930 1534 2959 (3.
1553 2936 1574 2951 n.
1600 2929 1662 2957 ta),
1679 2932 1727 2951 tum
1746 2929 1860 2956 praeclara
1879 2929 1927 2949 laus
