2285 3398
302 186 361 215 304

172 272 285 291 xotanaum.
299 264 373 301 quod
395 264 454 301 ipsa
468 263 551 292 habet
573 263 662 292 lucem
684 262 937 291 incommutabilem
952 262 1002 292 sibi
1021 270 1151 300 praesen—

299 314 371 345 tem,
392 311 420 339 in
441 319 496 348 qua
518 310 644 339 meminit
666 309 870 339 invariabilium
892 310 1049 339 veritatum.
1066 326 1103 331 ——
1119 310 1150 337 Et

298 358 337 387 sic
368 366 417 395 per
445 357 625 395 operaciones
656 357 805 386 memoriae
836 360 967 394 apparet,
996 357 1070 394 quod
1091 357 1150 393 ipsa

297 406 388 435 anima
409 408 450 434 est
471 405 562 441 imago
582 404 631 433 Dei
646 407 673 434 et
694 404 845 433 similitudo
859 404 926 433 adeo
948 404 999 433 sibi
1018 412 1149 441 praesens

297 456 324 481 et
352 460 416 481 eum
445 452 549 481 habens
577 454 767 488 praesentem,
789 451 863 489 quod
891 460 956 481 eum
984 454 1047 481 actu
1077 450 1150 486 capit

297 502 324 528 et
344 507 394 536 per
415 498 565 536 potentiam
592 510 605 523 «
620 506 709 535 capax
738 498 799 527 eius
820 501 861 527 est
881 501 908 528 et
929 498 1068 536 particeps
1089 504 1149 525 esse

296 548 386 583 potest
398 546 407 563 ¹
422 558 449 574 ».

375 593 401 622 3.
427 592 564 629 Operatio
585 595 679 622 autem
707 592 819 621 virtutis
840 592 1024 620 intellectione
1051 593 1093 619 est
1121 589 1149 617 in

172 649 201 669 oe
214 648 282 674 triplici
297 640 473 677 perceptione
502 639 658 669 intellectus
684 640 894 674 terminorum,
914 638 1150 676 propositionum

172 674 286 716 ἒῖἶῖῗὲἒῗῧὲ.
296 690 323 716 et
338 686 512 715 z‘tlaessonum.
527 703 563 707 —
576 687 654 724 Capit
667 689 761 715 autem
781 686 938 715 intellectus
956 684 1150 713 terminorwn

166 743 274 770 intonamus
295 734 481 772 siqnificata,
497 742 562 762 cum
577 733 800 770 comprehendit,
822 733 888 770 quid
910 735 951 761 est
972 731 1150 768 unumquod-

154 769 350 819 fflmmfflum'que
372 789 422 818 per
449 781 645 810 definitionem.
672 780 723 810 Sed
755 780 878 809 definitio
903 780 987 808 habet
1007 778 1069 808 tieri
1101 786 1150 815 per

296 828 454 866 superiora,
470 831 497 857 et
512 828 558 856 illa
571 836 622 864 per
637 828 783 864 superiora
793 827 903 856 deliniri
918 827 1034 861 liabent,
1050 834 1151 863 usque-

295 883 352 912 quo
373 874 502 903 veniatur
530 874 565 902 ad
586 882 718 910 suprema
745 876 772 902 et
797 873 1018 910 generalissima,
1047 872 1150 910 quibus

295 921 442 958 ignoratis,
464 929 519 949 1100
541 923 658 958 possunt
679 920 793 957 intelligi
816 919 960 957 definitive
987 919 1149 948 inferiora?

296 967 351 997 Nisi
372 968 458 1004 igitur
472 970 665 1004 cognoscatur,
687 967 754 1004 quid
769 970 810 996 est
831 976 881 995 ens
898 975 1010 1003 perse,
1032 974 1088 995 non
1102 974 1151 1003 po-

296 1018 350 1044 test
361 1015 443 1052 plene
464 1015 527 1044 sciri
542 1014 666 1043 definitio
686 1006 805 1043 alicuius
824 1013 949 1051 specialis
971 1013 1149 1043 substantiae.

296 1063 350 1092 Nec
364 1071 414 1091 ens
426 1071 480 1100 per
494 1070 523 1091 se
537 1061 664 1099 cognosci
686 1064 791 1098 potest,
807 1061 859 1090 nisi
881 1062 1064 1098 cognoscatur
1087 1067 1150 1088 cum

296 1109 354 1138 suis
375 1109 595 1143 conditionibus,
624 1117 696 1146 quae
718 1111 798 1137 sunt:
821 1117 933 1142 timim,
961 1116 1081 1142 verum,
1104 1106 1150 1135 bo-

162 1168 283 1195 Condiviqnes
296 1166 377 1185 1111111.
394 1157 447 1186 Ens
466 1160 574 1191 autem,
590 1164 654 1185 cum
675 1156 761 1193 possit
782 1155 896 1193 cogitari
918 1158 950 1184 ut
970 1155 1150 1184 diminutum

178 1192 200 1210 ¹²
213 1193 269 1211 ΜΝ
296 1207 324 1233 et
344 1207 376 1233 ut
396 1204 584 1241 completum,
600 1206 632 1232 ut
653 1202 855 1240 imperfectum
874 1205 901 1231 et
922 1205 954 1231 ut
971 1201 1149 1240 perfectum,

296 1254 328 1279 ut
349 1259 398 1279 ens
413 1251 444 1279 in
462 1250 591 1287 potentia
613 1253 640 1279 et
654 1253 686 1278 ut
707 1258 755 1278 ens
776 1250 808 1278 in
823 1253 908 1283 actu,
931 1252 962 1278 ut
977 1257 1026 1278 ens
1047 1257 1149 1278 seeun-

297 1299 367 1327 (tum
390 1298 461 1336 quid
481 1300 508 1326 et
528 1300 560 1326 ut
581 1305 630 1326 ens
643 1297 830 1334 simpliciter,
852 1300 884 1325 ut
905 1304 955 1325 ens
972 1297 1004 1324 in
1022 1300 1108 1333 parte
1123 1299 1150 1324 et

298 1349 330 1375 ut
350 1344 401 1374 ens
414 1344 548 1378 totaliter,
570 1347 665 1373 utens
688 1344 835 1372 transiens
856 1346 883 1372 et
897 1346 929 1372 ut
949 1351 998 1372 ens
1014 1352 1149 1377 manens,

298 1395 330 1420 ut
350 1400 400 1420 ens
417 1400 472 1429 per
493 1390 578 1419 alind
598 1393 625 1419 et
640 1393 672 1418 ut
694 1398 742 1418 ens
760 1398 814 1427 per
835 1398 881 1424 se,
904 1393 935 1418 ut
949 1398 998 1418 ens
1018 1390 1149 1427 permis*

300 1433 363 1468 tum
390 1438 516 1467 non-enti
538 1441 565 1467 et
586 1440 618 1466 ut
638 1445 688 1466 ens
705 1445 837 1473 purum,
858 1440 891 1465 ut
915 1444 964 1465 ens
992 1436 1151 1473 dependetis

299 1489 327 1515 et
347 1489 380 1514 ut
400 1493 449 1514 ens
470 1484 653 1517 absolutum,
683 1486 784 1512 utens
811 1483 959 1520 posterius
989 1486 1016 1511 et
1043 1486 1075 1511 ut
1102 1491 1152 1511 ens

296 1533 402 1571 prius,
425 1535 457 1561 ut
477 1540 527 1561 ens
551 1530 690 1560 mutabile
717 1533 744 1559 et
771 1533 803 1558 ut
833 1537 883 1558 ens
904 1528 1099 1562 immutabile,
1121 1531 1153 1557 ut

299 1589 348 1610 ens
368 1580 492 1617 simplex
513 1582 540 1608 et
560 1582 592 1608 ut
613 1586 662 1607 ens
683 1577 890 1614 compositum:
905 1583 976 1605 *cum
997 1575 1153 1612 «privatio-

162 1640 286 1658 Plenareso-
298 1637 348 1658 nes
369 1631 396 1657 et
417 1627 541 1657 desectus
561 1626 721 1655 nullatenus
742 1625 848 1662 possint
876 1623 1002 1661 cognosci
1024 1622 1076 1651 nisi
1104 1630 1153 1659 per

132 1673 133 1677 =
154 1664 202 1682 lutio
223 1662 287 1682 termi-

156 1692 223 1706 nomm
234 1686 286 1705 ducit
299 1675 448 1714 positiones
459 1687 472 1700 »
483 1675 503 1708 ³,
519 1682 574 1703 non
589 1673 665 1702 venit
680 1672 836 1701 intellectus
857 1673 952 1700 noster
966 1672 998 1699 ut
1008 1670 1092 1707 plene
1109 1678 1152 1697 re-

155 1711 180 1730 ad
193 1711 261 1730 ⁰⁶¹¹m'
299 1722 409 1751 solvens
430 1721 601 1750 intellectum
629 1719 747 1748 alicuius
768 1718 875 1748 entium
903 1720 1079 1751 creatorum,
1101 1716 1153 1744 nisi

299 1770 416 1799 itteetur
437 1769 472 1797 ab
500 1768 642 1797 intellectu
667 1767 738 1796 entis
766 1765 927 1803 purissimi,
957 1764 1153 1798 actualissimi,

300 1816 507 1854 completissimi
521 1818 548 1844 et
569 1814 704 1849 absoluti3
719 1813 794 1851 quod
815 1816 856 1843 est
870 1821 920 1842 ens
941 1812 1113 1849 simpliciter
1127 1814 1154 1840 et

301 1869 468 1898 oeternum,
490 1864 517 1892 111
539 1871 596 1901 quo
617 1862 824 1892 sunt-rationes
841 1861 967 1890 omnium
988 1860 1015 1889 in
1037 1868 1088 1889 sua
1102 1868 1153 1897 pu-

302 1912 390 1940 ritate.
413 1910 556 1947 Quomodo
581 1912 674 1938 autem
706 1908 789 1937 sciret
811 1907 984 1941 intellectus,
1014 1907 1065 1935 hoc
1094 1913 1154 1935 esse

302 1967 350 1988 ens
371 1958 538 1987 defectivum
565 1960 593 1986 et
618 1956 832 1993 incompletum,
854 1956 876 1984 si
905 1955 1010 1984 nullam
1038 1954 1155 1983 haberet

303 2005 485 2042 cognitionem
507 2004 579 2033 entis
609 2004 715 2040 absque
736 2003 810 2032 omni
841 2002 973 2031 defectu?
1001 2001 1032 2030 Et
1060 2001 1099 2030 sic
1120 2000 1154 2029 de

303 2052 362 2080 aliis
383 2051 586 2080 conditionibus
607 2050 775 2087 praelibatis

382 2099 553 2128 Intellectum
581 2101 675 2127 autem
700 2096 936 2135 propositionum
961 2099 1027 2125 tunc
1048 2096 1154 2125 intelle-

184 2147 291 2186 Intellectus
304 2149 365 2175 ctus
385 2145 487 2174 dicitur
502 2145 637 2174 veraciter
659 2144 910 2181 comprehendere,
926 2152 989 2173 cum
1011 2142 1155 2172 certitudi-

180 2184 292 2207 ⁹³⁰9⁰⁵¹‘¹⁰'
304 2192 403 2221 naliter
425 2192 491 2224 scit,
513 2191 572 2219 illas
594 2198 674 2219 veras
695 2198 772 2225 esse3
795 2194 822 2219 et
842 2191 895 2219 hoc
914 2191 985 2220 scire
1006 2193 1047 2219 est
1069 2189 1153 2223 scire,

180 2212 231 2225 num.

884 184 1058 214 lrlNERARss
1078 184 1199 213 MENTIS
1222 183 1253 212 IN
1274 182 1367 211 DEUM
1389 182 1416 210 C.
1440 181 1479 210 111.

1207 260 1338 298 quoniam
1360 267 1415 288 non
1437 261 1526 296 potest
1548 259 1603 287 falli
1625 259 1653 288 in
1668 259 1714 288 illa
1735 260 1988 296 comprehensione.
2004 260 2060 291 Scit

1207 307 1296 340 enim,
1318 305 1393 343 quod
1415 305 1517 335 veritas
1537 305 1584 334 illa
1604 313 1659 334 non
1680 308 1770 342 potest
1790 307 1870 335 aliter
1891 315 1920 336 se
1940 308 2056 343 habere3
2071 312 2187 332 Notandum·

1206 355 1257 383 seit
1279 354 1376 390 igitur,
1392 353 1467 382 illam
1490 353 1634 382 veritatem
1649 360 1708 382 esse
1724 353 1986 383 incommutabilem.
2008 356 2060 384 Sed

1206 409 1270 430 eum
1292 401 1351 438 ipsa
1372 408 1450 429 mens
1463 403 1559 429 nostra
1579 400 1614 429 sit
1628 400 1848 435 commutabilis,
1869 401 1944 429 illam
1966 402 2005 430 sic
2019 402 2060 430 in-

1206 448 1439 477 commutabiliter
1455 448 1626 476 relucentem
1648 455 1703 476 non
1724 449 1815 484 potest
1829 447 1923 476 videre
1944 447 1995 477 nisi
2010 456 2060 485 per

1205 495 1328 532 aliquam
1351 495 1441 524 lucem
1463 495 1576 523 omnino
1597 494 1863 523 incommutabiliter
1890 494 2060 530 radiantem,

1206 550 1291 579 quam
1313 541 1481 578 impossibile
1503 544 1544 570 est
1564 549 1625 570 esse
1646 543 1805 570 creaturam
1819 541 1990 570 mutabilem.
2006 542 2061 571 Scit

1207 589 1292 626 igitur
1314 588 1341 617 in
1363 588 1409 617 illa
1424 589 1500 622 luce,
1522 597 1597 627 quae
1612 588 1761 617 illuminat
1782 597 1895 617 omnem
1916 587 2061 618 hominem

1208 635 1363 673 venientem
1384 635 1415 663 in
1436 634 1514 664 lmine
1534 635 1698 669 mundam,
1720 643 1792 673 quae
1813 638 1855 664 est
1876 635 1928 664 tux
1949 644 2019 664 vera
2034 639 2061 665 et

1214 682 1337 711 Verbum
1358 682 1390 711 in
1408 683 1556 720 principio
1579 683 1661 720 apud
1683 683 1774 712 Deam
1787 683 1808 711 4.

1287 729 1457 758 Intellectum
1480 738 1545 758 vero
1567 730 1707 759 illationis
1728 733 1795 759 tnnc
1814 730 1950 759 veraciter
1971 730 2060 767 perci·
2074 733 2183 776 -¹,¹,¹²}¹¹²”¹²¹''

1208 777 1248 814 pit
1269 780 1362 806 noster
1384 777 1554 811 intellectus,
1576 777 1687 814 quando
1708 777 1797 811 videt,
1819 777 1894 814 quod
1920 763 2079 806 conclusio¹
2094 762 2184 776 amm

1210 824 1371 853 necessario
1393 823 1520 860 sequitur
1542 831 1578 854 ex
1600 824 1774 861 praemissis;
1796 823 1871 861 quod
1892 832 1947 853 non
1969 825 2060 854 solum

1208 871 1282 899 videt
1303 870 1330 898 in
1347 870 1472 899 terminis
1493 871 1670 904 necessariis,
1685 879 1784 899 verum
1807 871 1889 900 etiam
1905 871 1933 899 in
1954 872 2060 900 contin-

1208 917 1352 955 gentibus,
1374 920 1423 945 ut:
1447 917 1469 945 si
1492 917 1573 945 110100
1595 917 1700 951 currit,
1722 918 1805 946 homo
1826 921 1964 947 movetur.
1987 919 2060 948 Hanc

1208 967 1301 994 autem
1323 964 1506 993 necessariam
1534 964 1724 993 habitudinem
1745 965 1863 1002 percipit
1890 974 1945 994 non
1970 966 2060 995 solum

1208 1012 1235 1040 in
1258 1011 1342 1040 rebus
1363 1011 1490 1045 entibus,
1513 1019 1610 1040 verum
1633 1011 1715 1040 etiam
1730 1012 1757 1040 in
1780 1012 1968 1041 non-entibus.
1984 1013 2061 1042 Sicut

1208 1059 1294 1093 enim,
1317 1059 1428 1087 homine
1449 1059 1602 1093 existente,
1631 1059 1777 1096 sequitur:
1800 1059 1822 1087 si
1850 1059 1934 1088 homo
1954 1061 2059 1095 currit,

1208 1107 1292 1135 homo
1312 1109 1456 1140 movetur3
1480 1106 1518 1135 sic
1540 1106 1638 1141 etiam,
1654 1114 1709 1134 non
1730 1106 1876 1137 existente.
1899 1106 2060 1136 Huiusmodi

1207 1154 1293 1192 igitur
1325 1153 1464 1182 illationis
1485 1153 1640 1182 *necessitas
1660 1162 1716 1182 non
1747 1153 1823 1182 venit
1850 1153 1885 1182 ab
1913 1153 2061 1182 existentia

1207 1201 1247 1230 rei
1269 1201 1296 1229 in
1319 1201 1459 1235 materia,
1475 1201 1541 1238 quia
1562 1204 1603 1229 est
1625 1201 1802 1238 contingens,
1818 1209 1868 1229 nec
1883 1201 1918 1229 ab
1939 1201 2061 1229 existen-

1208 1249 1244 1278 tia
1266 1249 1305 1278 rei
1328 1249 1354 1277 in
1377 1249 1494 1283 anima,
1511 1249 1576 1286 quia
1592 1252 1657 1277 tunc
1680 1252 1751 1278 esset
1767 1249 1857 1283 fictio⁷
1873 1249 1894 1278 si
1910 1256 1965 1277 non
1990 1251 2061 1277 esset

1207 1297 1234 1325 in
1256 1304 1302 1325 re:
1319 1296 1393 1324 venit
1412 1296 1499 1333 igitur
1521 1297 1556 1325 ab
1577 1296 1789 1333 exemplaritate
1810 1296 1837 1324 in
1859 1298 1919 1325 arte
1933 1298 2060 1330 aeterna,

1207 1343 1361 1372 secuudum
1383 1352 1467 1380 quam
1489 1351 1533 1372 res
1552 1344 1655 1372 liabent
1669 1343 1851 1380 aptitudinem
1873 1346 1901 1372 et
1922 1343 2061 1372 habitudi-

1207 1398 1269 1419 nem
1291 1390 1325 1419 ad
1353 1390 1470 1419 invicem
1493 1390 1646 1419 secundum
1667 1390 1742 1419 illius
1769 1393 1897 1419 aeternae
1922 1390 1990 1419 artis
2017 1398 2062 1418 re-

1205 1437 1476 1474 praesentationent.
1503 1437 1599 1466 Omnis
1621 1437 1716 1474 igitur,
1738 1440 1770 1466 ut
1796 1437 1863 1466 dicit
1890 1438 2061 1474 Augustinus
2075 1436 2188 1457 Nfflndum·

1208 1484 1241 1512 de
1263 1484 1334 1512 Vera
1355 1484 1492 1521 Religione
1505 1484 1525 1518 ⁵,
1543 1493 1606 1512 vere
1626 1484 1834 1512 ratiocinantis
1850 1484 1943 1513 lumen
1964 1492 2061 1513 acceu-

1208 1530 1284 1558 ditur
1305 1530 1340 1558 ab
1362 1531 1406 1558 illa
1430 1531 1543 1559 veritate
1564 1533 1592 1559 et
1613 1531 1646 1559 ad
1668 1531 1755 1567 ipsam
1784 1531 1882 1559 nititur
1904 1532 2060 1568 pervenire.

1210 1592 1246 1596 —-
1273 1577 1313 1604 Ex
1334 1585 1390 1613 quo
1412 1577 1553 1605 manifeste
1581 1581 1708 1614 apparet,
1737 1578 1811 1614 quod
1840 1578 2005 1607 coniunctus
2027 1578 2062 1607 sit
2074 1577 2180 1598 ⁰⁰⁰0¹⁰⁵i⁰·

1211 1622 1367 1651 intellectus
1397 1626 1490 1651 noster
1522 1624 1572 1660 ipsi
1594 1628 1723 1653 aeternae
1755 1625 1877 1659 veritati,
1909 1625 1976 1653 dum
2007 1634 2062 1654 000

1211 1668 1261 1697 0151
1284 1676 1334 1705 per
1357 1669 1430 1697 illam
1452 1669 1594 1698 docentem
1617 1671 1685 1698 nihil
1707 1679 1807 1700 verum
1836 1675 1926 1708 potest
1948 1672 2063 1701 certitu-

1210 1715 1339 1744 dinaliter
1360 1723 1467 1752 capere.
1494 1716 1593 1745 Videre
1614 1716 1700 1753 igitur
1728 1725 1776 1754 per
1799 1720 1825 1746 te
1852 1721 1931 1755 potes
1962 1719 2063 1747 verita-

1212 1766 1282 1797 tem,
1305 1770 1376 1799 quae
1398 1765 1424 1791 te
1445 1762 1539 1796 docet,
1561 1762 1583 1790 si
1616 1765 1642 1791 te
1663 1765 1899 1800 concupiscentiae
1921 1768 1947 1793 et
1976 1766 2063 1802 phan-

1212 1812 1329 1839 tasmata
1349 1817 1405 1838 non
1429 1808 1580 1846 impediant
1608 1812 1635 1837 et
1660 1816 1689 1837 se
1717 1812 1850 1846 tanquam
1878 1811 1967 1840 nubes
1992 1812 2063 1840 inter

1211 1860 1238 1886 te
1259 1860 1286 1885 et
1307 1856 1432 1885 veritatis
1454 1855 1563 1884 radium
1584 1863 1639 1883 nou
1661 1855 1845 1892 interponant.

1291 1905 1317 1933 [1.
1343 1902 1479 1941 Operatio
1504 1905 1597 1931 autem
1622 1902 1735 1930 virtutis
1755 1901 1886 1930 electivae
1913 1903 2064 1932 attenditur
2078 1905 2186 1948 Detrip'ici

1211 1954 1238 1982 in
1254 1951 1388 1986 consilio,
1411 1950 1520 1979 iudicio
1535 1952 1563 1978 et
1581 1949 1732 1978 desiderio.
1746 1965 1782 1970 ·—
1797 1949 1957 1977 Consilium
1971 1953 2064 1979 autem
2077 1934 2186 1972 2553&ssss

1211 2003 1253 2030 est
1274 2000 1301 2028 in
1324 1998 1502 2036 inquirendo,
1525 1997 1591 2035 quid
1606 1997 1641 2026 sit
1662 1996 1775 2031 melius,
1798 1996 1850 2025 hoc
1863 2004 1899 2024 an
1920 1996 1996 2025 illud.
2014 1997 2065 2026 Sed
2078 1999 2188 2018 Consumm-

1212 2048 1312 2076 melius
1333 2055 1387 2075 nou
1409 2046 1511 2075 dicitur
1533 2045 1585 2074 nisi
1614 2052 1664 2082 per
1685 2051 1827 2073 accessum
1856 2043 1891 2072 ad
1912 2043 2064 2080 optimum

1211 2102 1339 2124 accessus
1366 2096 1460 2122 autem
1488 2095 1529 2122 est
1557 2091 1711 2121 secundum
1732 2091 1865 2119 maiorem
1892 2090 2065 2119 assimilatio-

1212 2141 1313 2170 nemfiz
1336 2140 1430 2169 nullus
1452 2148 1519 2177 ergo
1540 2139 1606 2173 scit,
1629 2142 1725 2167 utrum
1747 2138 1800 2166 hoc
1822 2138 1857 2166 sit
1881 2137 1929 2165 illo
1950 2137 2065 2171 melius,

1212 2188 1263 2217 nisi
1279 2188 1361 2221 sciat,
1384 2187 1451 2216 illud
1466 2187 1569 2224 optimo
1584 2186 1671 2223 magis
1686 2185 1840 2215 assimilari.
1859 2185 1957 2213 Nullus
1972 2187 2065 2213 autem

372 2355 379 2369 ¹
398 2357 508 2384 August„
526 2356 587 2378 xlv.
605 2355 633 2377 110
652 2355 716 2377 Trin.
733 2361 753 2377 e.
771 2355 791 2377 8,
810 2362 832 2377 n.
854 2356 887 2377 11.

371 2394 380 2408 ²
399 2395 532 2418 Secundum
558 2394 662 2421 Aristot.‚
680 2394 717 2416 Vl.
743 2394 824 2421 TopiC.
841 2400 861 2416 c.
879 2395 900 2416 3.
918 2394 948 2422 (0,
966 2395 1006 2423 4.).
1023 2394 1069 2417 Csr.
1087 2395 1156 2417 etiam

309 2436 434 2464 Perpliyr„
453 2435 482 2458 de
499 2433 632 2457 Praedicab.
650 2440 670 2456 c.
687 2433 714 2456 de
731 2433 824 2462 Specie,
843 2440 870 2455 ex
886 2440 933 2462 quo
959 2441 1028 2462 supra
1047 2440 1102 2462 pag.
1118 2434 1156 2461 71,

308 2477 362 2497 uota
381 2476 402 2497 3.
419 2474 535 2504 quaedam
552 2474 618 2496 allata
638 2475 698 2495 sunt.
714 2484 747 2489 —
764 2472 796 2494 De
821 2472 993 2495 conditionibus
1018 2473 1076 2495 entis
1102 2472 1157 2494 vide

309 2520 379 2542 supra
396 2520 451 2542 pag.
469 2513 527 2540 215,
545 2515 598 2535 nota
621 2513 639 2535 l.

371 2552 380 2565 ¹³
398 2554 525 2580 Averrocz,
542 2553 564 2574 in
583 2552 616 2574 111.
641 2551 670 2574 (10
695 2551 790 2578 Anima,
809 2553 860 2573 text.
886 2551 930 2574 25:
948 2552 973 2573 Et
997 2551 1158 2573 unixersaliter

309 2599 390 2615 omnes
413 2593 554 2621 piixationes
572 2598 619 2614 non
636 2593 809 2619 cognoscimtur
826 2590 869 2613 nisi
882 2597 923 2618 per
935 2591 1059 2617 contraria,
1072 2590 1158 2613 scilicet

310 2639 349 2660 per
367 2632 523 2660 cognitionem
542 2631 634 2654 habitus
651 2633 673 2653 01
689 2636 731 2658 per
748 2630 905 2657 cognitionem
930 2630 1034 2653 detectus
1057 2629 1157 2652 habitus.

309 2671 427 2693 (litatem.
446 2672 477 2693 111.
496 2678 550 2699 pag.
568 2671 626 2698 802,
644 2673 697 2693 nota
715 2670 736 2691 8.
754 2672 776 2691 et
793 2675 864 2697 supra
883 2675 936 2697 pag.
956 2670 998 2696 le,
1016 2672 1070 2692 nota
1089 2669 1110 2691 8.
1126 2680 1158 2685 --

310 2710 341 2732 De
359 2709 490 2733 rationibus
508 2716 586 2732 rerum
604 2709 626 2731 in
645 2709 692 2731 Deo
710 2708 785 2736 agitur
802 2714 872 2736 supra
890 2709 983 2736 Quaest.
1008 2708 1037 2731 de
1062 2707 1157 2730 scientia

309 2748 403 2775 Christi,
421 2755 444 2777 q.
462 2749 484 2770 2.
502 2755 551 2777 seq.
567 2760 599 2765 —
616 2748 677 2770 Multi
699 2747 781 2774 codd„
800 2747 807 2768 1
830 2749 852 2768 01
869 2748 882 2769 2
896 2746 1046 2776 positionem.

372 2787 381 2800 ⁴
399 2789 460 2810 ioan.
483 2789 504 2815 l,
521 2789 539 2810 l.
556 2788 611 2810 019.
629 2788 689 2810 Vide
705 2793 775 2814 supra
794 2787 887 2814 Quaest.
904 2786 933 2809 110
951 2787 1045 2809 scientia
1060 2786 1158 2813 Christi,

310 2835 332 2856 q.
351 2828 372 2850 ι1.
388 2840 419 2844 -
437 2828 479 2850 l‘ro
498 2827 521 2849 in
539 2827 580 2850 illa
598 2827 649 2850 luce
667 2827 711 2849 DG
722 2826 769 2848 ΗΚ
780 2826 795 2848 L
806 2826 824 2848 111
836 2826 852 2847 Ν
871 2825 937 2848 illam
955 2825 1039 2848 lucem.
1053 2825 1158 2848 Vocibus

310 2866 416 2896 aliquam
434 2866 510 2889 liutem
527 2867 581 2889 edd.
598 2866 738 2889 interserunt
754 2864 837 2887 altam.

372 2904 382 2917 ⁶
399 2905 455 2934 Cap.
473 2906 510 2927 39.
527 2912 550 2927 0.
567 2906 609 2928 72:
628 2905 676 2927 Noli
694 2906 754 2927 foras
772 2903 816 2930 irc,
834 2903 857 2925 in
875 2905 896 2925 10
913 2903 989 2931 ipsum
1007 2904 1069 2930 redi,
1086 2903 1109 2925 in
1127 2904 1158 2925 in-

311 2945 393 2967 teriore
411 2944 503 2967 homine
521 2944 607 2966 habitat
624 2944 721 2971 veritas;
738 2945 761 2965 et
777 2943 795 2965 si
813 2945 876 2964 tuam
894 2945 999 2964 naturam
1022 2942 1157 2965 mutabilem

312 2984 440 3011 inveneris,
459 2984 595 3006 transcende
612 2986 634 3005 et
652 2986 672 3005 tc
690 2983 774 3012 ipsum.
788 2982 832 3004 Sed
850 2984 977 3008 metuente,
990 2987 1042 3004 cu‘ui
1062 2984 1082 3003 te
1100 2984 1158 3004 tran-

1214 2354 1318 2381 scendis,
1331 2354 1506 2376 ratiocinantem
1518 2353 1619 2375 animam
1633 2355 1654 2375 10
1666 2352 1838 2375 transcendere.
1850 2352 1903 2374 llluc
1915 2357 1972 2379 ergo
1985 2350 2066 2376 tende,

1214 2394 1278 2416 unde
1295 2393 1371 2421 ipsum
1384 2393 1463 2414 lumen
1475 2392 1569 2413 rationis
1581 2391 1723 2414 accenditur.
1735 2392 1785 2420 Quo
1798 2391 1859 2413 enim
1872 2390 1978 2419 pervenit
1989 2384 2076 2411 omnis>

1215 2432 1290 2455 bonus
1312 2432 1459 2454 ratiocinator
1477 2427 1519 2453 nisi
1538 2431 1568 2453 ad
1584 2431 1723 2453 veritatem?
1741 2437 1793 2453 cum
1817 2430 1846 2452 ad
1869 2436 1894 2452 sc
1916 2430 1990 2456 ipsam
2008 2428 2066 2449 veri-

1215 2474 1249 2494 tas
1266 2477 1313 2494 non
1331 2471 1410 2499 utique
1427 2470 1586 2493 ratiocinando
1604 2473 1737 2498 perveniat,
1754 2470 1796 2492 sed
1817 2469 1881 2498 quod
1903 2467 2066 2490 ratiocinantes

1215 2512 1328 2538 appetunt
1345 2510 1394 2537 ipsa
1411 2510 1440 2532 sit
1454 2509 1506 2537 (Pro
1520 2508 1603 2532 01117115
1620 2510 1690 2532 DFG
1700 2510 1747 2531 HK
1758 2510 1774 2531 L
1784 2510 1803 2531 M
1818 2508 1901 2535 Omne,
1914 2509 1936 2528 et
1953 2511 1995 2533 pro
2011 2510 2066 2527 vere

1214 2549 1380 2573 ratiocinantis
1398 2550 1497 2571 DFGM
1515 2555 1584 2572 verae
1601 2549 1721 2578 rationis).
1740 2561 1772 2566 —
1787 2549 1848 2570 llaec
1865 2547 1894 2569 (10
1912 2545 1993 2573 triplici
2012 2550 2065 2572 ope-

1214 2590 1303 2612 ratione
1320 2589 1410 2611 virtutis
1428 2589 1578 2611 intellectivae
1595 2582 1700 2611 doctrina
1717 2589 1815 2610 retertur
1832 2585 1898 2614 quasi
1919 2584 1948 2606 ad
1966 2583 2064 2605 xerhum

1215 2635 1227 2651 a
1239 2629 1274 2651 Fr.
1287 2629 1399 2650 Malthace
1412 2628 1441 2650 ab
1453 2629 1611 2657 Aquasparta,
1624 2626 1717 2657 Quaest.
1735 2626 1810 2654 prima
1828 2625 1942 2652 disputata
1960 2623 1983 2645 in
2001 2628 2065 2651 corp.

1215 2667 1312 2691 anobis
1329 2667 1389 2690 edita
1415 2668 1436 2689 in
1462 2668 1591 2696 opusculo:
1613 2668 1643 2690 de
1666 2667 1786 2689 Humanae
1811 2662 1953 2691 Cognitionis
1977 2662 2065 2684 ratione

1216 2707 1281 2736 (pag.
1292 2707 1321 2729 98
1334 2707 1406 2736 seq,);
1419 2706 1458 2729 ubi
1475 2707 1577 2730 notanda
1594 2709 1648 2729 sunt
1664 2711 1724 2734 quae
1742 2704 1797 2726 ibid.
1815 2702 1993 2731 praemittuntur
2010 2707 2066 2724 con-

1215 2749 1248 2769 tra
1266 2747 1456 2775 ontologismum.
1471 2758 1503 2763 ·-
1520 2746 1632 2774 Superius
1650 2751 1693 2773 pro
1710 2743 1766 2773 quia
1783 2744 1819 2766 est
1833 2744 1855 2764 et
1873 2741 1928 2771 qnia
1945 2742 2001 2764 lunc
2017 2747 2064 2763 non

1214 2786 1282 2813 pauci
1301 2785 1370 2808 codd.
1388 2791 1448 2815 quae
1465 2786 1499 2808 est
1516 2788 1539 2807 et
1555 2791 1616 2814 quoe
1634 2786 1698 2808 tunc.

1277 2822 1287 2836 ‘³
1304 2824 1408 2851 Ariston,
1426 2824 1463 2846 lV.
1481 2824 1579 2852 Metapa.
1596 2825 1649 2845 text.
1668 2823 1705 2844 1111.
1723 2821 1765 2849 (111.
1783 2827 1802 2843 c.
1821 2820 1864 2849 4.):
1886 2820 1962 2847 Ipsum
1985 2818 2064 2848 mimis

1215 2865 1237 2885 et
1253 2862 1333 2885 vitinus
1351 2862 1409 2884 inest
1426 2861 1514 2884 entium
1532 2864 1651 2884 naturae...
1670 2860 1692 2882 Si
1711 2860 1779 2887 igitur
1796 2859 1860 2888 quod
1877 2859 1951 2886 magis
1968 2861 2002 2880 051
2013 2864 2065 2885 pro-

1215 2902 1325 2931 pinquius
1342 2904 1387 2929 est,
1406 2903 1510 2930 protecto
1528 2901 1569 2923 vrit
1586 2900 1674 2929 aliquid
1691 2905 1787 2923 verum.
1805 2899 1841 2922 cui
1858 2898 2013 2927 propinquius
2031 2900 2065 2919 cst

1215 2943 1279 2971 quod
1297 2942 1371 2970 magis
1390 2948 1472 2964 verum
1489 2944 1531 2964 cst.
