2285 3398
222 684 251 703 Du
265 685 294 704 lex
308 684 340 702 de-

254 710 314 727 ectus.

234 1245 341 1265 Distinetio.

358 129 412 158 124

356 207 484 243 competit
505 205 639 242 peccatori
663 205 801 233 vilificatio
823 205 881 238 sui,
903 213 989 242 quae,
1011 213 1073 233 cum
1100 205 1196 232 volun-

357 254 425 281 taria
445 256 497 284 est,
520 254 593 279 tenet
614 251 748 279 rationem
770 251 881 280 virtutis
901 254 928 280 et
948 250 1145 280 medicamenti.

433 301 457 327 7.
481 298 516 326 id
540 298 621 332 illud,
643 298 717 335 quod
740 298 870 327 vilificare
900 298 1017 327 alterum
1039 300 1080 326 est
1101 304 1195 333 pecca-

356 350 428 379 tum3
451 345 612 379 dicendum,
634 344 708 381 quod
729 344 854 373 atterum
874 345 1059 373 vilificare—est
1074 351 1102 372 se
1117 342 1194 370 alteri

354 401 538 430 praeponere,
560 392 692 420 vilificare
713 395 805 421 autem
827 401 855 420 se
882 395 923 421 est
950 399 977 420 se
1005 390 1083 419 alteri
1110 389 1195 417 subii-

353 448 429 473 cere;
451 443 477 467 et
499 439 620 476 primum
641 441 682 467 est
704 439 861 475 superbiae,
883 438 1033 467 secundum
1049 439 1089 465 est
1105 435 1195 464 humi-

354 486 437 514 litatis
456 490 483 514 et
505 486 687 519 reverentiae3
710 488 737 514 et
768 485 827 514 ideo
855 493 907 513 non
940 488 981 513 est
1012 483 1099 512 simile
1133 482 1196 510 hinc

353 537 378 562 et
400 533 469 561 inde.

431 581 457 608 8.
482 580 518 608 Ad
540 580 623 614 illud,
646 581 719 617 quod
741 580 787 616 qui
816 579 874 607 vult
895 579 929 607 al]
957 578 1010 606 alio
1031 577 1093 606 vilis
1114 584 1197 613 repu-

353 627 403 656 tari
432 627 508 661 vult,
537 627 610 664 quod
633 627 676 655 ille
702 630 810 663 peccet3
832 625 997 658 dicendum,
1025 623 1099 661 quod
1124 623 1197 651 istud

354 678 549 711 argumentum
575 674 721 710 dupliciter
748 673 853 701 delicit:
882 672 987 709 primo,
1016 671 1081 708 quia
1108 671 1198 707 passio

353 724 441 758 potest
463 728 522 749 esse
544 720 627 753 bona,
651 721 711 748 licei
733 720 803 748 actio
825 719 859 747 sit
880 718 966 751 mala,
989 718 1060 746 sicut
1082 720 1156 753 patet
1171 716 1197 744 in

350 768 476 804 passione
491 767 604 800 Christi,
621 767 646 795 in
662 776 717 803 qua
732 766 862 795 meritum
885 765 936 793 suit
954 772 988 793 ex
1005 766 1083 800 parte
1097 763 1197 792 Christi

351 814 526 847 sustinentis,
548 817 574 842 et
595 814 761 842 demeritum
784 804 819 840 ex
841 814 918 848 parte
937 810 1149 844 crucifixoris13
1172 813 1199 838 et

352 861 412 890 ideo
434 869 486 889 non
509 860 645 897 sequitur,
668 859 764 896 quodsi
786 858 886 895 aliquis
914 858 979 886 velit
1002 857 1057 894 pati
1079 857 1197 894 aliquid,

352 908 450 944 inquo
464 908 533 935 alter
556 909 662 943 peccat,
684 906 757 943 quod
779 908 892 942 propter
914 905 965 933 hoc
981 905 1058 938 velit,
1080 904 1197 933 alterum

353 961 474 990 peccare.
492 969 527 973 —
544 953 702 986 Praeterea,
724 960 786 980 cum
808 951 871 988 quis
892 951 951 980 vult
977 951 1037 979 vilis
1058 951 1197 988 reputari,

352 1009 405 1028 non
427 1000 478 1028 hoc
501 1000 560 1028 vult
581 1000 686 1027 ratione
707 1002 823 1027 naturae
845 998 887 1027 vel
908 1006 1056 1035 personae,
1086 998 1131 1026 sed
1154 1006 1196 1025 ra-

356 1046 427 1075 tione
448 1046 544 1083 ‘culpae¹
572 1049 668 1074 contra
689 1049 831 1079 naturam3
854 1049 881 1074 et
908 1045 956 1083 qui
981 1045 1055 1073 illam
1083 1045 1197 1082 despicit

352 1094 393 1122 vel
416 1093 484 1127 odit,
514 1093 570 1122 sive
599 1093 625 1121 in
648 1101 692 1126 se,
719 1093 776 1121 sive
797 1092 823 1120 in
846 1093 947 1126 altero,
976 1090 1117 1121 meritorie
1146 1092 1197 1120 hoc

352 1144 441 1178 potest
462 1141 551 1169 facere
572 1143 598 1169 et
619 1140 723 1177 absque
745 1143 864 1176 peccato.

430 1189 455 1215 9.
479 1187 514 1215 Ad
531 1187 613 1220 illud,
639 1187 712 1224 quod
734 1187 826 1215 anima
840 1187 943 1223 appetit
964 1186 1127 1214 naturaliter
1142 1185 1198 1213 Deo

351 1234 534 1271 conligurari;
556 1234 716 1267 dicendum,
738 1233 811 1269 quod
833 1233 967 1269 quaedam
990 1236 1054 1261 sunt
1072 1231 1198 1269 propria

353 1281 469 1309 divinae
489 1280 683 1313 excellentiae,
707 1280 778 1308 sicut
798 1279 922 1307 divinum
938 1279 1069 1307 iudicium
1092 1282 1118 1307 ct
1140 1278 1198 1306 vin-

352 1328 436 1360 dicta,
460 1327 547 1355 honor
560 1327 569 1342 2
591 1330 658 1359 etc.;
681 1327 748 1354 etin
764 1326 864 1354 talibus
885 1326 932 1363 qui
953 1326 1056 1362 appetit
1077 1325 1199 1362 contigu-

354 1374 409 1402 rari
443 1373 597 1401 inordinato
629 1372 709 1400 modo
740 1372 863 1409 appetit,
896 1372 967 1401 sicut
999 1372 1095 1401 lucifer
1127 1372 1197 1401 fecit.

352 1420 490 1456 Quaedam
513 1423 604 1448 autem
628 1422 707 1453 sunt,
729 1427 800 1456 quae
815 1419 1009 1458 cotmnnm'eac
1031 1423 1197 1453 creaturae,

353 1467 424 1496 sicut
445 1467 611 1500 bonitatem,
634 1466 777 1494 veritatem
792 1469 819 1494 et
834 1466 978 1500 virtutem,
994 1474 1064 1503 quae
1079 1466 1200 1501 maxime

352 1514 519 1548 ostenditur,
541 1522 604 1542 cuni
627 1513 690 1550 quis
712 1516 800 1550 potest
827 1513 961 1542 dominari
991 1513 1056 1545 sibi:
1086 1516 1112 1542 et
1139 1513 1199 1542 ideo

351 1569 405 1589 non
428 1561 569 1598 sequitur,
593 1561 665 1597 quod
689 1560 827 1589 vililicatio
848 1560 888 1589 sui
912 1564 1047 1598 repugnet
1068 1560 1188 1597 imagini.

434 1608 476 1635 10.
500 1607 536 1635 Ad
559 1607 640 1641 illud,
656 1607 728 1644 quod
751 1607 805 1636 tria
819 1610 884 1635 sunt
903 1607 1075 1644 appetibilia,
1098 1607 1200 1636 scilicet

353 1662 467 1688 verum,
494 1654 597 1683 honum
627 1658 654 1683 et
679 1654 815 1689 arduum;
843 1654 1005 1688 dicendum,
1033 1654 1107 1691 quod
1129 1654 1200 1682 sicut

353 1701 443 1729 virtus
465 1701 588 1729 consistit
609 1692 682 1729 circa
701 1710 803 1729 ‘nerum
825 1701 945 1735 bonum,
967 1704 993 1730 et
1008 1701 1104 1729 vitium
1127 1701 1200 1730 circa

355 1747 461 1776 bortum
483 1756 646 1785 apparens;
667 1748 705 1776 sic
726 1748 856 1784 superbia
883 1748 1061 1776 arduitatem
1089 1748 1201 1784 respicit

354 1797 557 1831 apparentem,
573 1802 656 1831 quam
679 1793 756 1822 valde
770 1794 880 1823 difficile
901 1797 942 1823 est
956 1797 983 1823 et
1000 1794 1120 1823 arduum
1135 1802 1199 1823 con-

1003 127 1226 164 QUAESTIONES
1247 124 1447 154 DlSPUTATAE

1253 206 1390 235 temnere3
1422 201 1564 230 humilitas
1595 205 1688 230 autem
1717 205 1758 231 est
1782 203 1920 231 vilificatio
1948 203 2004 237 sui,
2026 210 2097 240 quae

1251 257 1353 276 ‘veram
1380 248 1494 276 includit
1522 248 1721 282 arduitatem,
1753 248 1816 277 licet
1844 252 1979 285 repugnet
2006 258 2097 286 appa-

1252 295 1334 323 renti.
1361 304 1407 315 —·
1424 295 1579 329 Praeterea,
1603 294 1697 323 nullus
1719 302 1784 323 vere
1805 294 1918 322 humilis
1939 302 1968 323 se
1988 295 2099 324 vilificat
2112 302 2180 321 Aliter.

1252 341 1302 370 nisi
1324 344 1437 378 propter
1459 342 1526 376 hoc,
1548 341 1621 378 quod
1643 341 1702 369 vult
1723 340 1897 369 aeternaliter
1919 341 2043 369 exaltari.

1335 390 1377 417 11.
1402 390 1445 417 12.
1461 389 1497 417 Ad
1513 389 1596 423 illud,
1611 388 1685 425 quod
1700 387 1789 416 omnis
1804 388 1893 416 virtus
1908 387 1989 416 habet
2004 396 2098 416 exem-

1253 435 1314 472 plar
1335 435 1362 463 in
1384 435 1454 469 De0;
1477 435 1639 468 dicendum,
1661 433 1736 471 quod
1753 433 1897 462 humilitas
1917 436 2051 470 quantum
2066 434 2100 462 ad

1255 482 1306 510 hoc
1327 482 1401 518 quod
1422 485 1463 510 est
1484 481 1674 518 completionis
1688 481 1715 508 in
1739 480 1810 517 ipsa,
1832 480 1934 509 scilicet
1951 489 2009 509 non
2023 489 2100 509 exce-

1254 528 1320 556 dere
1340 532 1431 556 metas
1451 537 1540 562 suas,
1562 528 1705 564 exemplar
1727 527 1809 556 hahet
1830 527 1856 555 in
1872 527 1943 561 De0;
1965 530 2100 564 quantum

1254 574 1287 603 ad
1309 575 1361 603 hoc
1382 578 1491 609 autem,
1513 574 1587 612 quod
1609 574 1720 611 respicit
1741 574 1877 602 desectum
1906 577 1933 602 et
1954 573 2099 602 subiectio-

1254 630 1317 650 nem
1346 621 1379 649 ad
1407 621 1542 655 alterum,
1564 629 1618 649 non
1640 621 1723 649 hahet
1744 620 1888 657 exemplar
1909 620 1936 649 in
1958 620 2029 654 Deo,
2051 620 2098 657 qui

1255 668 1362 696 nullum
1392 668 1474 696 habet
1501 668 1650 702 desectum,
1679 667 1786 696 nullum
1816 667 1898 696 habet
1919 667 2098 704 superiorem.

1255 716 1288 744 tsst
1309 718 1400 743 tamen
1422 715 1504 743 homo
1522 718 1634 752 propter
1652 715 1788 744 defectum
1803 714 1969 751 exemplaris
1984 722 2037 742 non
2052 722 2099 742 ne·
2112 721 2227 742 Romnum.

1255 762 1370 799 gligeret
1401 762 1557 796 humiliari,
1588 762 1691 799 placuit
1718 762 1774 790 Deo
1801 769 1943 790 assumere
1970 760 2100 798 formam

1254 809 1332 837 servi
1343 809 1353 825 ³
1375 812 1401 837 et
1422 809 1449 836 in
1471 809 1516 837 illa
1534 809 1689 843 humiliari,
1706 808 1843 837 contemni
1859 811 1885 836 et
1906 808 2046 842 vilificari,
2068 810 2100 836 ut

1255 856 1338 885 ceteri
1360 865 1396 885 ex
1419 859 1493 884 tanto
1511 857 1663 893 exemplari
1685 856 1925 884 inflammarentur
1939 854 1973 883 ad
1987 854 2099 883 vilifica-

1255 903 1355 932 tionem
1377 904 1419 932 sui
1442 903 1599 940 perfectam.

1336 950 1377 979 13.
1397 951 1439 978 14.
1463 950 1499 978 :ld
1514 950 1582 978 illud
1602 950 1635 978 de
1650 948 1840 978 humiliatione
1862 948 2010 981 exteriori,
2025 947 2100 985 quod

1254 1001 1294 1026 est
1309 998 1419 1034 signum
1441 997 1592 1031 interioris;
1614 996 1774 1029 dicendum,
1789 995 1863 1032 quod
1885 995 2040 1023 humiliatio
2054 994 2100 1023 illa
2113 1001 2229 1022 Notandum.

1254 1053 1307 1072 non
1330 1047 1370 1072 est
1397 1044 1506 1081 signum
1535 1043 1699 1072 humilitatis
1719 1043 1773 1070 iam
1798 1042 1963 1079 acquisitae,
1984 1041 2031 1070 sed
2052 1049 2100 1069 vo-

1255 1091 1368 1119 luntatis
1389 1099 1418 1119 se
1445 1090 1592 1119 exercendi
1614 1090 1647 1118 ad
1675 1089 1871 1126 acquirendam
1898 1089 2098 1123 humilitatem;

1254 1142 1281 1166 et
1303 1138 1354 1165 hoc
1375 1137 1486 1174 quidem
1507 1137 1588 1166 debet
1608 1145 1667 1166 esse
1689 1139 1715 1165 et
1736 1140 1777 1165 est
1806 1136 1833 1164 in
1855 1136 1929 1165 omni
1957 1136 2029 1165 bono
2050 1136 2099 1164 ho-

1256 1184 1342 1217 mine,
1358 1184 1404 1220 qui
1421 1183 1580 1220 religionem
1602 1184 1672 1220 gerit
1693 1183 1719 1211 in
1742 1183 1823 1212 corde
1835 1184 1854 1211 ⁴².
1871 1200 1907 1203 —
1924 1183 1955 1211 Et
1976 1191 2026 1219 per
2047 1183 2100 1211 hoc

1255 1234 1329 1267 patet
1351 1230 1492 1267 responsio
1513 1230 1546 1258 ad
1567 1238 1697 1267 sequens,
1719 1230 1784 1267 quia
1805 1238 1854 1267 per
1879 1230 1932 1258 hoc
1960 1238 2013 1258 non
2035 1229 2100 1258 dicit

1256 1279 1338 1307 honio
1360 1285 1408 1306 nec
1431 1277 1511 1306 iactat
1533 1285 1582 1306 nec
1603 1280 1737 1311 ostentat,
1759 1285 1787 1306 se
1809 1285 1868 1306 esse
1889 1277 2037 1311 humilem,
2053 1276 2100 1305 sed

1257 1324 1438 1353 humilitatem
1462 1333 1490 1353 se
1512 1324 1580 1353 velle
1601 1324 1745 1361 acquirere
1766 1327 1793 1352 et
1815 1323 1925 1352 habere.

1338 1373 1378 1400 15.
1402 1372 1438 1400 Ad
1460 1372 1557 1400 ultimo
1578 1371 1728 1405 obiectum,
1750 1371 1825 1408 quod
1846 1370 1936 1407 turpis
1949 1373 1990 1399 est
2011 1369 2100 1398 omnis

1255 1427 1335 1456 pars,
1357 1427 1428 1455 quae
1449 1427 1503 1447 non
1532 1419 1659 1447 convenit
1680 1423 1747 1453 etc.;
1776 1418 1936 1451 dicendum,
1958 1416 2047 1454 quod,
2069 1418 2101 1444 ut

1255 1466 1320 1494 dicit
1335 1466 1503 1502 Augustinus
1514 1466 1534 1499 ⁵,
1555 1466 1600 1494 «si
1623 1465 1715 1494 omnia
1729 1469 1820 1494 essent
1834 1464 1971 1501 aequalia,
1990 1472 2043 1492 non
2059 1471 2100 1492 es-

1256 1516 1316 1542 sent
1337 1513 1469 1541 omnia».
1492 1513 1524 1541 Et
1549 1513 1609 1541 ideo
1637 1513 1716 1547 ordo,
1745 1512 1884 1541 distinctio
1911 1515 1938 1541 et
1965 1510 2102 1540 multifor-

1256 1560 1336 1588 mitas
1357 1559 1385 1587 in
1413 1559 1628 1595 professionibus
1655 1563 1682 1588 et
1707 1559 1847 1588 habitibus
1874 1567 1928 1587 non
1956 1558 2101 1594 deturpat,

1256 1606 1303 1635 sed
1325 1609 1404 1634 ornat
1426 1605 1511 1642 ipsius
1526 1605 1660 1634 Ecclesiae
1681 1606 1860 1640 universum3
1875 1605 1948 1634 unde
1967 1605 2038 1633 sicut
2052 1604 2103 1633 im—

1256 1656 1393 1691 pugnator
1421 1656 1492 1681 esset
1520 1652 1707 1681 universitatis
1731 1652 1828 1681 mundi
1857 1652 1904 1689 qui
1925 1653 2024 1686 nollet,
2053 1652 2103 1680 has

1257 1704 1400 1730 creaturas
1420 1700 1550 1737 parvulas
1571 1699 1598 1727 in
1619 1699 1749 1727 universo
1770 1706 1845 1733 esse;
1867 1699 1906 1727 sic
1927 1698 2103 1735 impugnator

1256 1751 1297 1776 est
1319 1747 1483 1776 universalis
1498 1746 1647 1779 Ecclesiae,
1669 1745 1691 1774 si
1712 1745 1774 1782 quis
1788 1745 1822 1774 de
1842 1745 1901 1782 ipsa
1915 1745 1981 1774 velit
2001 1745 2102 1773 exstir-

1256 1802 1323 1831 pare
1345 1794 1456 1823 habitus
1478 1793 1544 1822 viles
1565 1795 1591 1821 et
1612 1792 1740 1820 abiectos.

2115 1518 2230 1538 Rotundum.

1056 1977 1320 2018 QUAESTIO
1353 1978 1396 2011 ΙΙ.

1109 2109 1148 2137 De
1166 2111 1347 2146 paupertate.

435 2290 564 2327 Quaestio
585 2292 626 2318 est
646 2289 680 2318 de
702 2292 878 2326 paupertate,
900 2292 927 2318 et
948 2293 1122 2326 quaeruntur
1138 2290 1201 2318 duo.

435 2337 527 2366 Primo
548 2336 693 2374 quaeritur
714 2336 747 2364 de
768 2339 931 2373 paupertate
951 2339 1086 2373 quantum
1108 2336 1142 2365 ad
1156 2336 1204 2365 ab·

421 2557 428 2571 ¹
447 2558 494 2581 Cir.
511 2559 534 2581 ll.
552 2559 614 2580 Sent.
631 2559 654 2581 d.
671 2559 708 2581 36.
725 2564 746 2580 a.
758 2558 780 2580 2.
792 2564 815 2587 q.
827 2559 850 2581 2.
864 2558 886 2580 in
898 2564 963 2587 corp.
975 2561 997 2581 et
1008 2559 1041 2581 lll.
1054 2559 1117 2581 Sent.
1130 2558 1153 2581 d.
1165 2559 1202 2581 20.

358 2597 415 2621 dub.
433 2599 454 2621 3.
471 2603 520 2626 seq.
531 2610 563 2614 —
574 2598 669 2620 Interius
681 2604 723 2626 pro
737 2598 820 2621 contra
831 2598 945 2621 natur-am
961 2598 981 2620 D
997 2597 1060 2621 circa
1077 2599 1202 2621 naturam.

360 2636 470 2665 August.,
495 2636 565 2665 Epist.
592 2636 644 2659 ⁴53.
669 2636 734 2665 (alias
758 2635 806 2665 54.)
824 2642 844 2658 c.
861 2636 882 2658 4.
899 2642 922 2659 n.
940 2637 968 2659 3:
986 2637 1010 2659 ln
1027 2643 1073 2659 uno
1090 2637 1157 2659 simul
1180 2638 1203 2659 et

360 2676 453 2704 culpam
479 2674 597 2703 improbes
613 2678 635 2697 et
651 2677 756 2697 naturam
781 2674 911 2703 approbes,
928 2681 954 2697 ac
972 2678 1093 2704 propterea
1110 2676 1202 2705 culpam

359 2714 439 2738 iustius
456 2714 546 2742 oderis,
563 2714 627 2743 quod
644 2720 671 2736 ea
689 2714 792 2737 foedatur
809 2717 902 2741 natura,
920 2721 991 2743 quam
1008 2715 1092 2743 diligis.

420 2752 515 2776 2Rom.
533 2754 574 2780 12,
593 2753 637 2775 19;
660 2753 713 2775 Mihi
734 2753 848 2780 vindicta,
870 2759 914 2781 ego
931 2753 1069 2782 retribuam,
1087 2754 1142 2777 dicit
1157 2755 1203 2777 Do-

358 2793 435 2816 minus
453 2792 531 2823 [Eccli.
548 2792 590 2819 28,
609 2792 630 2814 l.
647 2791 722 2821 seqq.]
732 2801 738 2820 ;
755 2792 805 2815 lsai.
823 2792 864 2820 42,
882 2793 910 2815 8:
928 2793 1028 2816 Gloriam
1046 2800 1122 2817 meam
1139 2793 1202 2816 alteri

358 2837 406 2854 non
423 2831 499 2859 dah0;
517 2832 612 2854 Malach.
630 2831 655 2858 i,
673 2831 702 2853 6:
719 2830 761 2854 Ubi
779 2834 813 2854 est
829 2832 903 2854 honor
920 2833 1004 2854 meus?

420 2868 430 2882 ⁸
447 2870 504 2893 Phil.
516 2871 541 2897 2,
552 2869 575 2892 7.
583 2881 615 2887 —-
624 2869 736 2898 Superius
747 2872 800 2898 post
815 2869 847 2893 ad
862 2869 965 2894 almum
983 2871 1144 2899 supplevimus
1156 2877 1208 2895 mm<

356 2907 427 2932 hahet
441 2908 565 2939 exemplar
582 2908 607 2932 in
623 2909 682 2937 Deo,
702 2908 808 2936 exigente
824 2909 868 2931 hoc
885 2911 990 2932 contextu
1008 2910 1124 2933 orationis.

1260 2289 1501 2318 renuntiationem.

1340 2336 1479 2371 Secundo,
1501 2339 1636 2373 quantum
1657 2337 1691 2365 ad
1711 2334 1947 2365 mendicationem,

1322 2556 1331 2569 ‘
1349 2557 1472 2585 Bernard.,
1490 2557 1564 2580 Sei-m.
1581 2556 1619 2579 34.
1637 2556 1660 2578 in
1676 2555 1762 2579 Cantic.
1779 2562 1802 2578 n.
1814 2556 1839 2578 3:
1852 2555 1901 2577 Non
1914 2555 2050 2583 humiliatis,
2062 2556 2104 2579 sed

1260 2596 1389 2620 humilibus
1406 2597 1469 2620 Deus
1486 2596 1527 2620 dat
1543 2595 1648 2626 aratiam
1666 2594 1719 2625 [Iac.
1736 2595 1762 2622 4,
1785 2593 1825 2624 6.].
1846 2595 1885 2616 Est
1905 2597 1981 2616 autern
1999 2595 2103 2623 humilis,

1260 2636 1299 2665 qui
1319 2636 1500 2659 humiliationem
1519 2635 1632 2658 convertit
1649 2635 1672 2657 in
1688 2633 1851 2660 humilitatem,
1868 2635 1890 2655 et
1906 2633 1956 2661 ipse
1973 2637 2007 2657 est
2021 2635 2061 2664 qui
2073 2635 2105 2657 di-

1262 2675 1292 2698 cit
1309 2676 1372 2698 Deo:
1395 2676 1488 2699 Bonum
1504 2675 1575 2704 mihi,
1593 2673 1657 2705 quod
1672 2671 1804 2698 humilazsei
1818 2678 1855 2695 me
1872 2671 1917 2702 [ΡΒ.
1938 2673 1992 2701 ilii,
2009 2673 2058 2704 7⁴1-
2073 2686 2105 2691 —

1259 2715 1310 2737 Mox
1327 2721 1370 2743 pro
1387 2716 1486 2739 ostentat
1503 2715 1510 2738 1
1527 2714 1633 2738 ostendit.

1322 2752 1331 2765 ⁶
1350 2754 1412 2777 Libr.
1429 2755 1458 2777 83
1475 2755 1518 2783 Qq.
1535 2761 1559 2784 q.
1577 2754 1601 2776 4⁴
1616 2761 1621 2776 :
1648 2753 1706 2782 Quia
1729 2757 1776 2774 non
1793 2754 1869 2774 essent
1886 2752 1975 2779 omnia,
1993 2752 2011 2775 si
2029 2755 2105 2775 essent

1262 2793 1382 2822 aequalia3
1399 2799 1446 2816 non
1463 2794 1525 2816 enim
1542 2795 1619 2816 essent
1635 2792 1705 2815 multa
1722 2796 1799 2813 rerum
1816 2796 1914 2818 genera,
1931 2791 2016 2820 quibus
2033 2792 2105 2814 confl-

1262 2832 1321 2854 citur
1338 2831 1486 2860 universitaS,
1504 2832 1591 2861 primas
1608 2834 1630 2855 et
1646 2830 1760 2854 secundas
1776 2833 1799 2852 et
1814 2829 1925 2858 deinceps
1942 2836 2016 2860 usque
2031 2830 2061 2853 ad
2073 2831 2104 2853 ul-

1260 2871 1327 2894 timas
1343 2871 1460 2894 ordinatas
1471 2871 1560 2894 habens
1572 2873 1687 2894 creaturas
1693 2878 1700 2898 ς
1712 2872 1734 2892 et
1745 2870 1789 2892 hoc
1800 2872 1834 2892 est
1845 2870 1914 2898 quod
1922 2870 2004 2893 dicitur
2015 2869 2105 2893 omnia.

1259 2922 1291 2928 -—
1307 2910 1403 2933 Inferius
1419 2917 1462 2939 pro
1478 2910 1535 2934 viles
1552 2911 1560 2933 1
1576 2909 1685 2934 humiles.
