2285 3398
174 973 201 992 De
215 973 276 992 tertio.

162 1066 247 1091 Quinque
256 1072 293 1086 mo-

186 1090 294 1132 um·

310 191 365 219 5⁵22

309 270 335 298 in
356 272 455 307 quarto
475 278 572 307 opere,
594 278 656 299 cum
671 271 750 300 dicit:
767 271 855 300 Fiant
869 271 1032 300 luminaria
1047 273 1078 301 in
1090 273 1142 309 fir-

309 320 449 346 mamento
477 317 549 346 caeli
556 340 564 351 ‚
592 317 619 346 id
642 321 698 350 est,
718 318 774 346 sint
793 325 875 354 opera
891 313 989 347 'nostra
1009 319 1139 348 ordinata.

309 379 344 384 —
366 364 465 400 Quinto
487 364 638 401 requiritur
656 365 818 401 prosecutio
839 365 992 401 viyorosa,
1007 366 1080 402 quod
1094 374 1141 394 no-

309 412 382 439 tatur
403 411 429 438 in
451 411 546 447 quinto
566 419 664 448 opere,
690 411 799 448 quando
826 412 899 441 Deus
926 412 1058 448 produxit
1085 413 1141 440 ani-

308 465 381 485 mam
403 457 492 485 vivam
513 458 538 485 in
560 457 653 494 aquis,
676 461 706 486 ut
727 458 863 492 natatilia,
884 462 911 487 et
931 458 958 486 in
980 459 1042 487 aere
1070 459 1142 487 vola-

308 503 364 532 tilia
375 504 393 530 ¹.
410 519 446 524 —
461 504 543 533 Sexto
564 504 716 541 requiritur
737 504 906 541 informatio
925 505 1096 539 caritativa,
1111 508 1143 534 ut

307 551 381 579 sint²
409 552 514 588 integra
540 559 637 588 opera,
666 552 847 588 supervestita
873 552 1000 580 omnibus
1025 552 1141 580 circum-

307 598 427 631 stantiis,
449 598 599 626 secundum
620 598 693 635 quod
715 598 800 635 exigit
822 599 866 627 lex
887 599 993 627 divinae
1012 598 1140 627 caritatis.

307 645 410 673 Caritas
430 647 521 673 autem
541 647 581 674 est
602 644 689 673 forma
710 645 857 681 perfectiva
877 645 1018 678 omnium;
1043 648 1071 674 et
1097 645 1141 673 ille

307 691 353 728 qui
375 691 457 720 habet
477 691 632 724 caritatem,
654 692 736 721 habet
756 693 847 720 omnia
874 692 925 720 ista
945 700 1003 721 sex.
1026 693 1141 720 Sextum

307 738 390 775 igitur
411 746 480 774 opus
501 738 610 766 virtutis
631 742 672 767 est
686 738 840 767 informatio
854 739 990 772 caritatis;
1006 738 1078 776 quod
1094 747 1141 767 no-

307 787 396 818 tatur,
418 793 480 812 cum
501 784 606 813 dicit³t
630 785 705 813 Fecit
726 785 800 813 Deus
815 784 956 813 hominem
977 785 1016 813 ad
1037 785 1141 822 inzayi-

306 841 370 860 omn
384 835 408 860 et
421 831 639 860 similitudinem
653 840 748 860 suam.
765 848 802 852 ———
816 831 929 868 Quando
943 840 1013 868 opus
1024 832 1142 861 hominis

307 878 459 915 integratur
470 886 506 906 ex
517 878 575 907 istis
590 886 655 911 sex,
670 881 735 907 tnnc
749 878 850 907 dicitur
865 879 946 907 homo
956 882 1028 907 reete
1038 879 1139 907 viuere.

385 926 428 953 215.
450 925 500 953 Sed
528 933 582 953 non
609 925 710 953 sufficit
737 925 826 953 facere
852 933 922 962 opus
944 925 1067 959 virtutis,
1089 926 1140 954 nisi

305 972 388 1000 homo
408 971 457 1000 sibi
479 974 572 1000 caveat
589 972 624 1000 ab
644 980 726 1008 opere
748 971 862 1005 vitioso;
884 975 910 1000 et
932 972 983 1001 hoc
1004 973 1140 1009 tangitur,

306 1026 369 1047 cum
389 1018 507 1047 dicitur:
531 1018 650 1046 Nullum
671 1027 743 1055 opu-s·
763 1018 855 1055 facies
877 1019 908 1047 in
921 1027 968 1053 eo,
984 1019 1010 1048 id
1024 1024 1065 1048 est
1080 1020 1141 1048 nul-

306 1065 364 1094 lum
383 1068 534 1102 peccatum.
551 1082 588 1086 -—
602 1065 728 1102 Quinque
742 1068 834 1094 autem
849 1065 936 1094 modis
956 1069 1045 1102 potest
1059 1066 1140 1095 homo

305 1112 393 1141 facere
404 1114 557 1149 peccatum:
570 1112 673 1148 primo,
685 1107 794 1148 quando
804 1115 900 1140 contra
910 1112 1067 1141 mandatum
1078 1120 1140 1149 pec—

306 1162 396 1188 catum
418 1161 575 1195 perpetrat;
597 1158 731 1191 secundo,
752 1158 861 1194 quando
881 1158 964 1187 alium
979 1158 1012 1187 ad
1027 1166 1140 1195 peccan-

304 1205 370 1234 dum
381 1205 485 1238 incitat;
499 1204 590 1238 tertio,
602 1204 710 1241 quando
721 1207 877 1240 peccantem
888 1204 1020 1238 desensat;
1032 1208 1140 1241 quarto,

305 1252 413 1289 quando
424 1254 579 1288 peccantem
591 1253 724 1287 acceptat;
736 1250 847 1287 quinto,
861 1251 970 1287 quando
984 1254 1140 1287 peccantem

305 1298 457 1327 dissimulat
476 1305 525 1326 nec
546 1297 637 1334 arguit
650 1304 700 1325 nec
714 1297 807 1333 punit,
826 1300 853 1325 et
868 1297 918 1325 hoc
932 1300 973 1326 est
987 1298 1139 1326 maximum

287 1369 289 1371 .
306 1344 475 1381 periculum,
497 1343 606 1381 quando
626 1343 688 1380 quis
708 1343 791 1371 alium
812 1344 944 1380 castigare
965 1344 1083 1381 negligit.

176 2471 294 2490 introductio.

861 193 902 221 DE
924 194 1031 222 DECEM
1053 195 1244 226 PRAECEPTIS
1264 198 1424 226 COLLATiO
1445 198 1474 226 V.

1269 276 1309 303 16.
1323 275 1442 303 Primum
1454 278 1594 312 peccatum
1608 277 1736 313 tangitur,
1749 285 1812 306 cum
1826 278 1941 307 dicitur:
1957 280 2027 309 Nul-
2044 287 2071 306 Da
2082 293 2163 311 unoquo-

1197 321 1257 349 tum
1279 329 1350 357 opus
1370 320 1462 356 facies
1482 322 1511 349 in
1533 330 1579 355 eo,
1601 322 1627 350 id
1645 326 1701 356 est,
1723 326 1752 352 tu
1767 324 1873 352 nullum
1889 329 2029 361 perpetra-

1197 368 1238 396 bis
1252 370 1393 404 peccatum
1404 368 1423 394 ⁴.
1439 384 1476 388 —
1491 368 1644 396 Secundum
1659 372 1800 405 peccatum
1816 370 1951 407 tangitur,
1966 379 2028 400 cum

1196 413 1314 442 dicitur:
1335 421 1385 441 nee
1405 412 1485 449 filius
1505 422 1554 441 nee
1574 413 1653 450 filia,
1675 415 1700 443 id
1721 419 1776 449 est,
1798 424 1851 444 non
1873 417 1928 445 eris
1944 420 2029 454 pater

1197 460 1297 496 peccati
1320 459 1470 495 instigando
1494 459 1578 487 alium
1606 460 1638 489 ad
1666 462 1831 498 peccandum
1860 463 1902 491 vel
1930 463 2028 496 verbo,

1197 506 1239 534 vel
1259 514 1356 542 opere,
1378 505 1420 533 vel
1441 506 1575 542 exemplo.
1599 523 1633 527 —
1655 508 1776 536 Tertium
1801 511 1942 545 peccatum
1970 512 2029 537 tan-

1197 553 1286 589 gitur,
1308 561 1369 581 cum
1388 551 1488 580 dicitur
1502 563 1507 579 :
1525 560 1572 580 nec
1586 561 1686 582 servits
1701 558 1768 582 tuus
1782 563 1832 583 nee
1846 555 1953 584 aneilla
1968 558 2027 583 tua.

1197 599 1242 627 llle
1262 599 1313 637 qui
1338 597 1412 634 s'aeit
1434 602 1600 635 peecatum,
1627 608 1728 628 servus
1753 605 1793 629 est
1809 601 1962 637 peceati⁵;
1982 602 2029 630 sed

1197 645 1241 674 ille
1262 645 1308 682 qui
1323 645 1444 674 defensat
1459 648 1615 681 peccatum,
1630 646 1764 675 dominus
1778 650 1819 676 est
1833 648 1935 684 peccati
1950 656 2029 684 prae-

1197 692 1284 721 bendo
1312 691 1492 728 patrocinium
1520 691 1627 720 facienti
1655 696 1804 729 peccatum.
1830 710 1867 714 -—
1895 693 2029 729 Quartum

1198 742 1337 774 peccatum
1365 741 1420 771 est,
1449 738 1558 775 quando
1585 739 1683 776 aliquis
1710 744 1865 776 peccantem
1889 744 2029 777 acceptat;

1198 785 1271 822 quod
1286 785 1421 822 tangitur,
1437 793 1499 813 cum
1514 785 1628 814 dicitur:
1644 795 1693 814 nee
1709 787 1865 815 iumentum
1881 790 1971 815 tuum.
1988 787 2030 815 lu-

1198 836 1337 866 mentum,
1359 840 1420 860 cum
1443 832 1494 860 suit
1516 832 1642 868 ligatum,
1664 841 1716 861 non
1731 833 1883 862 ducebatur
1897 833 1930 862 ad
1944 841 2028 870 opus⁷

1197 879 1247 907 nisi
1276 882 1432 915 acceptante
1459 878 1585 912 dominu,
1607 882 1633 907 et
1653 879 1703 908 ista
1723 880 1871 916 acceptatio
1899 882 1939 908 est
1967 880 2030 909 reli—

1196 925 1268 961 gatio
1279 925 1298 952 ⁶.
1325 941 1362 945 -
1389 924 1520 961 Quintum
1549 928 1688 961 peccatum
1715 929 1771 959 est,
1796 925 1905 962 quando
1931 926 2030 963 aliquis

1197 972 1281 1008 alium
1302 973 1434 1008 castigare
1455 972 1580 1008 negligam
1595 972 1667 1009 quod
1676 973 1817 1009 tangitur,
1833 981 1895 1001 cum
1910 972 2010 1002 dicitur
2023 984 2028 1001 ε

1197 1027 1255 1047 non
1274 1019 1403 1052 advena,
1425 1018 1476 1056 qui
1496 1021 1534 1046 est
1557 1018 1636 1046 intra
1653 1022 1755 1055 portas
1777 1022 1850 1047 mas.
1881 1019 2030 1047 Advenam

1197 1065 1259 1102 quis
1281 1068 1390 1102 reputat
1410 1065 1562 1097 hominem,
1584 1065 1692 1102 quando
1718 1065 1788 1094 videt
1810 1065 1946 1094 hominem
1967 1073 2029 1102 pec<

1197 1116 1303 1141 cantem
1325 1115 1351 1141 et
1371 1112 1453 1140 dicit:
1476 1112 1540 1148 qnid
1555 1112 1588 1140 ad
1603 1120 1646 1141 me
1660 1112 1692 1141 de
1707 1116 1816 1149 peccato
1831 1115 1903 1141 suo?
1924 1112 1955 1140 Et
1976 1112 2029 1147 sic,

1196 1159 1305 1195 quando
1327 1159 1407 1186 homo
1429 1166 1481 1186 non
1504 1159 1580 1194 punit
1602 1162 1741 1195 peccatum
1762 1159 1890 1193 alterius,
1912 1158 2029 1187 efficitur

1193 1205 1340 1241 particeps
1355 1205 1455 1241 peccati
1472 1205 1551 1233 illius.
1568 1222 1603 1226 —
1616 1205 1678 1234 :iliis
1692 1206 1771 1234 etiam
1788 1205 1881 1234 inultis
1894 1205 1981 1234 modis
1994 1205 2030 1234 ef-

1196 1251 1287 1280 ficitur
1302 1251 1383 1279 homo
1397 1251 1532 1288 particeps
1546 1252 1647 1288 peccati
1661 1253 1792 1286 alterius3
1807 1256 1833 1281 et
1847 1255 1960 1288 propter
1977 1252 2029 1280 hoc

1196 1297 1260 1326 dicit
1282 1297 1443 1326 Psalmus⁷z
1466 1297 1508 1325 Ab
1530 1298 1646 1326 occultis
1666 1298 1736 1326 meis
1757 1298 1868 1326 inuncta
1891 1306 1951 1332 me,
1977 1298 2029 1326 Do-

1196 1344 1283 1378 mine,
1304 1348 1329 1372 et
1349 1343 1385 1372 ab
1406 1343 1508 1372 alienis
1528 1352 1615 1380 parce
1635 1353 1716 1372 seruo
1738 1348 1794 1373 tuo.

952 1483 1285 1531 COLLA‘TIO
1329 1483 1377 1530 V.

979 1610 1024 1643 De
1048 1615 1156 1655 quarto
1183 1615 1352 1655 praecepto.

306 1743 479 1770 Summarum.
503 1757 538 1762 —
560 1741 755 1774 lntroduetio,·
777 1740 933 1769 euriositas
954 1740 1079 1777 dissipat
1098 1739 1330 1777 intelligentiam,
1356 1741 1378 1768 1.
1402 1756 1437 1760 —
1455 1740 1607 1777 Repetitio,
1629 1741 1654 1767 2.
1677 1740 1703 1768 3.
1726 1755 1761 1759 -
1784 1740 1821 1767 De
1835 1742 1935 1776 quarto
1950 1746 2027 1775 prae-

383 1795 476 1829 cepto,
498 1799 562 1828 pars
583 1792 600 1819 1.
623 1791 782 1828 Explicatur
803 1799 899 1819 sensus
921 1791 1051 1819 litteralis.
1074 1790 1177 1819 Primo
1198 1790 1256 1819 loco
1276 1794 1349 1819 recte
1367 1791 1487 1828 ponitur
1500 1793 1683 1827 praeceptum
1699 1789 1910 1824 beneficentiae,
1929 1789 2028 1817 deinde

381 1846 537 1880 praecepta
560 1841 735 1870 innocentiae
746 1852 755 1874 ;
777 1841 880 1878 triplex
902 1841 978 1869 ratio
999 1841 1191 1878 (listinyuitztr
1211 1841 1242 1869 in
1260 1844 1359 1877 patre,
1375 1845 1399 1869 et
1412 1841 1571 1869 secundum
1586 1839 1660 1868 liano
1674 1840 1761 1868 etiam
1776 1839 1879 1877 triplex
1899 1839 2029 1876 filiorum

384 1893 526 1926 debitum,
547 1893 573 1921 [ι.
596 1908 632 1912 -
655 1892 848 1928 Explicantur
867 1891 1025 1928 yeneratim
1047 1891 1106 1919 tria
1126 1891 1236 1925 debita,
1260 1893 1284 1919 5.
1301 1908 1338 1912 —
1353 1892 1393 1920 De
1410 1892 1602 1929 promissione
1616 1890 1683 1919 ltuie
1701 1894 1852 1927 praecepto
1867 1890 2008 1919 adiuncta
2018 1900 2028 1923 ;

385 1943 495 1980 triptici
508 1942 612 1971 honori
622 1942 794 1979 parentibus
806 1942 983 1978 praestando
1004 1942 1153 1978 respondet
1167 1942 1270 1978 triplex
1281 1942 1448 1979 praemium
1459 1942 1639 1978 promissum
1650 1964 1658 1975 ,
1682 1942 1737 1969 6-9.
1761 1958 1796 1962 -
1821 1941 1858 1969 De
1872 1940 2029 1970 obedientia

385 1995 416 2022 in
429 1994 536 2031 speeie;
551 1993 737 2021 obedimtztm
752 1993 782 2020 in
797 1992 906 2025 tribus,
925 1993 967 2019 10.
985 2008 1020 2012 -
1043 1992 1106 2019 Pars
1128 1992 1155 2019 ll.
1179 1992 1337 2028 Explicatur
1358 2000 1454 2021 sensus
1475 1992 1632 2028 spiritualis.
1655 1992 1725 2020 Tria
1747 1992 1776 2020 in
1796 1996 1895 2029 patre.-
1913 1992 2027 2028 primo,

386 2044 564 2077 auctoritaS,
586 2043 698 2072 ratione
718 2042 803 2071 cuius
824 2042 1008 2070 obediendum
1029 2045 1082 2074 est;
1103 2041 1268 2070 honorandi
1287 2047 1356 2071 sunt
1375 2043 1461 2071 etiam
1482 2042 1525 2070 illi
1544 2042 1595 2080 qui
1611 2046 1753 2079 praesunt
1768 2042 1969 2079 reipublicae,
1985 2042 2030 2069 rei

382 2095 516 2133 politicae
535 2094 594 2123 sive
623 2093 843 2125 ecclesiastieae,
875 2093 918 2120 rei
948 2092 1138 2124 monasticae,
1164 2092 1257 2120 11-13.
1280 2108 1315 2112 —
1339 2093 1483 2127 Secundo,
1505 2093 1665 2131 antiquitas
1692 2097 1717 2120 et
1742 2093 1888 2127 debilitas,
1916 2092 2028 2120 ratione

386 2147 470 2174 euius
491 2145 622 2174 omnibus
643 2144 775 2172 similiter
796 2142 989 2180 indigentibus
1007 2142 1187 2178 praestanda
1207 2146 1275 2170 ,sunt
1298 2146 1538 2177 sustentamenta,
1566 2143 1752 2177 documenta,
1777 2143 1959 2180 patrocinia,
1984 2142 2026 2170 14.

388 2213 425 2218 -—
452 2196 560 2230 Tertio,
582 2195 792 2228 amicabilitaS,
814 2194 926 2235 ratione
947 2193 1031 2221 cuius
1052 2192 1167 2230 quilibet
1193 2191 1275 2220 homo
1303 2192 1491 2221 honorandus
1515 2197 1554 2221 est
1575 2193 1640 2221 bene
1660 2194 1687 2221 ei
1707 2193 1822 2222 volendo
1844 2193 1940 2231 quoad
1960 2191 2028 2230 affe-

386 2251 478 2281 ctum,
507 2245 651 2284 effectum,
679 2246 812 2283 signum,
837 2246 879 2273 15.
903 2260 938 2264 —
960 2243 1014 2272 Sed
1035 2243 1066 2271 in
1087 2241 1131 2271 lits
1151 2246 1190 2270 est
1217 2243 1287 2271 ordo
1315 2243 1511 2271 observandus
1538 2244 1696 2271 seeundum.
1723 2244 1863 2272 rationem
1885 2243 2028 2280 prozimi-

387 2299 471 2332 tatis,
493 2297 709 2330 similitudinis,
732 2295 930 2333 obligationi-5,
956 2295 1048 2322 16-18.
1072 2309 1107 2314 —
1130 2293 1279 2330 Repetitio,
1307 2294 1346 2321 19.
1371 2310 1406 2313 -—
1430 2293 1491 2320 Duo
1513 2293 1656 2329 exempla,
1679 2295 1723 2321 20.
1747 2295 1791 2321 21.
1837 2293 1839 2296 ’

390 2423 411 2450 1.
434 2421 553 2449 Honora
571 2423 685 2457 patrem
706 2422 788 2447 tuum
809 2422 834 2446 et
854 2421 976 2445 matrem
997 2420 1094 2450 tuam,
1109 2419 1141 2444 ut

308 2469 349 2497 sis
370 2468 523 2505 longaevus
543 2475 630 2503 super
650 2469 775 2498 terram,
797 2473 885 2502 quam
907 2463 1047 2491 Dominus
1066 2463 1141 2491 Deus

309 2515 434 2543 daturus
455 2518 495 2542 est
515 2512 566 2541 tibi
576 2512 594 2540 Β.
610 2529 648 2533 -
664 2512 743 2547 Quae
754 2510 899 2547 praecepit
920 2508 971 2537 tibi
993 2509 1076 2542 Deus5
1091 2508 1142 2536 illa

1196 2415 1289 2452 cogita
1318 2423 1444 2451 semper,
1476 2417 1499 2442 et
1528 2414 1557 2442 in
1581 2414 1719 2451 plurimis
1747 2413 1879 2451 operibus
1906 2414 1967 2442 eius
1994 2423 2028 2442 ne

1196 2460 1290 2498 fueris
1311 2460 1452 2489 curiosus.
1482 2461 1569 2489 Verba
1597 2461 1692 2489 ultima
1720 2460 1871 2496 specialiter
1898 2460 2027 2489 dicuntur

1197 2508 1340 2539 litterati<2
1363 2508 1389 2535 in
1411 2507 1511 2544 quihus
1525 2507 1602 2536 docet
1616 2507 1819 2536 Ecclesiasticus
1833 2507 1958 2544 cogitare
1971 2508 2028 2535 uti-

373 2656 379 2668 ¹
398 2656 442 2679 Csr.
458 2657 512 2678 Gen.
533 2657 555 2682 l,
573 2656 651 2677 20-23.

371 2693 380 2707 ¹
398 2695 479 2716 Parum
497 2697 548 2721 apte
566 2694 616 2715 Vnt.
632 2698 653 2715 et
670 2693 772 2721 plerique
794 2691 859 2714 codd
881 2685 973 2718 legunt:
995 2691 1067 2714 Sexto
1089 2691 1141 2719 fecit

310 2735 372 2757 Deus
390 2733 481 2762 integra
498 2732 525 2761 [Α
542 2731 677 2760 integrata]
688 2737 771 2760 opera,
789 2729 958 2753 circumvestita
976 2729 1082 2752 omnibus
1099 2732 1140 2752 etc.

312 2773 356 2796 Sed
373 2773 390 2795 B
406 2774 457 2800 post
473 2770 545 2794 Scorto
561 2771 673 2792 interserit
694 2769 823 2799 requiritur
846 2768 980 2797 informatio
1001 2768 1123 2791 caritativa
1132 2777 1140 2796 ,-

311 2811 372 2834 unde
394 2811 460 2834 seoeto
482 2808 525 2831 die.
547 2808 621 2830 Verba
645 2809 670 2830 ut
691 2807 737 2830 sint
753 2814 765 2829 a
784 2806 848 2829 nobis
865 2807 967 2834 suppleta
989 2810 1041 2829 sunt
1058 2807 1141 2829 clarita-

313 2850 340 2872 tis
356 2855 432 2871 causa.

374 2886 383 2899 ¹³
400 2888 454 2909 Gen.
472 2887 492 2913 t,
509 2886 547 2908 26.
563 2888 585 2907 et
601 2885 642 2907 27:
666 2884 783 2909 Faciamus
803 2884 916 2906 hominem
935 2884 963 2906 ad
980 2884 1103 2911 imaginem
1120 2887 1142 2906 et

312 2926 480 2950 similitudinem
502 2927 624 2946 nostram...
646 2924 671 2945 Et
691 2923 776 2944 creavit
798 2923 857 2944 Deus
877 2922 992 2944 hominem
1010 2923 1039 2944 ad
1062 2923 1141 2950 imagi-

314 2972 366 2988 nem
382 2971 454 2987 suam.

1257 2651 1265 2663 ⁴
1283 2651 1327 2674 Csr.
1345 2654 1399 2673 toni.
1416 2652 1448 2673 111.
1465 2657 1518 2678 pag.
1535 2651 1591 2677 832,
1609 2654 1660 2673 notu
1679 2651 1699 2673 3.

1256 2690 1265 2702 ⁶
1283 2691 1342 2713 loan.
1359 2691 1384 2714 8,
1402 2690 1445 2711 34:
1463 2690 1551 2715 Omnis
1569 2691 1607 2718 qui
1625 2693 1667 2712 etc⁴

1257 2728 1266 2741 ⁵
1283 2729 1372 2757 Respici
1390 2728 1479 2750 videtur
1495 2728 1550 2750 illud
1566 2728 1588 2750 in
1600 2729 1728 2756 Evangeliis
1739 2730 1868 2755 narratum,
1879 2728 1971 2756 quando
1986 2727 2027 2749 Do-

1197 2769 1271 2790 minus
1288 2768 1348 2790 misit
1364 2767 1499 2795 discipulos,
1519 2776 1529 2786 ιι
1539 2767 1616 2790 dicens
1627 2768 1671 2790 eis:
1683 2768 1713 2789 lte
1724 2768 1745 2789 in
1758 2767 1884 2793 castellum,
1900 2766 1963 2795 quod
1974 2772 2028 2787 con-

1197 2810 1229 2829 tra
1247 2814 1289 2829 vos
1305 2810 1348 2833 est,
1366 2809 1387 2828 et
1403 2806 1476 2828 statim
1494 2806 1611 2828 invenietis
1622 2807 1708 2829 asinam
1720 2807 1832 2833 alligatam
1845 2808 1866 2827 et
1876 2805 1962 2833 pullum
1974 2810 2026 2827 cum

1196 2852 1233 2872 ea;
1243 2846 1322 2868 solvite
1331 2848 1353 2867 et
1361 2844 1466 2867 adducite
1476 2844 1529 2866 milii
1539 2853 1549 2863 υ
1566 2845 1650 2871 (Mauri.
1659 2845 1695 2871 21,
1705 2845 1730 2871 2;
1740 2845 1780 2866 cfr.
1789 2844 1842 2865 Luc.
1852 2838 1889 2869 7¹19,
1899 2843 1935 2865 30.
1944 2842 2026 2871 εει-ιφ).

1258 2881 1266 2895 ⁷
1284 2882 1572 2910 Psalm.=18‚13.etit.

1259 2921 1268 2933 ⁸
1284 2922 1353 2944 Exod.
1370 2922 1410 2949 20,
1430 2922 1468 2943 12:
1486 2921 1598 2943 Honora...
1614 2921 1677 2944 dabit
1693 2920 1740 2943 tihi.
1751 2933 1781 2937 —
1793 2920 1924 2948 Secptocus
1940 2921 1973 2942 est
1989 2920 2027 2941 Ec-

1197 2962 1231 2983 eli.
1251 2961 1276 2987 3,
1293 2961 1329 2982 22.
1346 2959 1391 2982 Csr.
1408 2960 1440 2981 111.
1458 2960 1518 2982 Sent.
1535 2960 1557 2982 d.
1574 2961 1610 2982 37.
1628 2960 1684 2982 dub.
1703 2960 1723 2982 4.

2048 315 2084 333 qne
2096 311 2158 329 modo.
