2285 3398
335 173 391 201 446

334 251 504 286 lucendum,
532 255 557 280 el
584 251 719 289 splendor
746 250 832 279 lunae
856 258 915 278 non
943 248 1120 277 illuminabit
1141 251 1174 283 te,

334 298 385 327 secl
404 298 459 327 erit
478 298 530 327 tibi
550 299 628 327 Deus
649 301 718 326 tuus
739 297 770 326 in
790 297 882 326 lucem
901 295 1114 333 sempiternam.

414 347 439 374 6.
462 346 575 383 Quando
596 345 668 374 enirn
689 345 780 373 anima
807 345 930 374 elevatur
957 351 1007 380 per
1034 342 1175 371 influxum

209 398 305 417 Attributa
334 392 386 422 sibi
413 392 552 430 vigorem,
574 391 763 429 splendorem,
784 391 927 424 ardorem,
949 390 993 427 pie
1016 392 1174 423 veneratur,

192 421 323 469 Ῑῖἷῖιψῗαηῗῖ
334 440 407 469 clare
437 439 649 476 contemplatur,
678 441 770 468 sancte
797 438 959 476 perfruitur,
987 444 1018 465 ac
1046 444 1096 473 per
1123 437 1175 465 hoc

193 469 322 511 υἶῖιᾱοῖκῗιὲῗῑιξῖ
334 486 541 524 comprehendit
554 485 707 515 secundum
722 485 834 514 modum
853 493 935 514 suum
957 484 1065 521 longam
1085 486 1175 512 aeter—

334 534 469 567 nitatem,
485 533 568 561 latam
582 532 750 567 caritatem,
765 532 911 562 sublimem
923 531 1097 569 potentiam,
1111 538 1176 567 pro-

334 580 445 609 fundam
466 579 642 617 sapientiam
662 579 804 617 principii,
826 579 898 608 circa
919 578 992 616 quod
1013 578 1094 607 debet
1114 585 1175 606 ver-

334 626 404 660 sari,
429 628 461 654 ut
489 626 523 655 sit
552 625 651 655 Rachel
679 625 784 663 primo,
812 625 915 654 scilicet
941 625 1038 653 visum
1064 623 1176 661 princi·

330 673 434 710 pium¹
443 683 453 706 ;
467 672 577 709 quando
592 673 659 701 haec
677 672 846 706 considerat,
861 674 928 700 tunc
942 673 984 699 est
998 670 1112 704 civitas,
1127 670 1176 698 ha-

334 719 402 748 bens
418 722 538 756 quatuor
556 720 642 748 latera
662 719 794 753 civitatis,
809 717 1022 751 considerando,
1038 717 1176 754 quomodo

334 765 408 794 istud
425 766 592 804 principium
613 766 706 795 omnia
724 766 841 803 originat
855 773 904 802 per
919 764 1066 793 sublimem
1080 766 1176 801 poten-

334 812 417 848 tiam,
446 813 537 842 omnia
567 813 703 850 gubernat
730 821 780 850 per
807 811 971 849 profundam
1000 811 1175 848 sapientiam,

334 859 425 888 omnia
444 862 555 897 reparat
575 868 624 897 per
653 860 734 888 latam
762 859 903 888 caritatem
929 858 986 887 sive
1013 858 1177 887 benevolen-

334 907 415 941 tiam,
436 907 528 936 omnia
548 909 709 936 remunerat
730 914 779 943 per
798 906 905 943 longam
920 905 1117 934 aeternitatem.
1134 905 1177 934 Sic

334 954 460 992 intelligit
480 955 570 991 ipsum
591 954 679 982 solem
699 953 851 983 secundum
870 953 1066 987 substantiam,
1082 955 1177 990 poten-

335 1001 399 1030 tiam
421 1004 448 1030 et
469 1002 654 1039 operationem
683 1004 710 1030 et
737 1001 810 1029 videt
834 1001 926 1029 omnia
950 1000 1064 1029 reducta
1085 999 1118 1028 ad
1139 1000 1177 1029 le-

335 1056 396 1085 gem
416 1048 591 1077 aeternaliter
612 1048 784 1077 existentem.

414 1096 439 1123 7.
462 1094 586 1124 Secundo
614 1095 738 1124 elevatur
766 1094 799 1123 ad
826 1094 1013 1123 contuendum
1038 1093 1177 1122 civitatem

202 1149 292 1169 Similiter
305 1142 369 1171 inde
390 1141 466 1170 caclo
487 1141 713 1175 descendentem,
736 1142 795 1170 hoc
815 1144 856 1170 est
883 1144 1048 1169 assumtam
1073 1139 1177 1169 liuma-

218 1173 306 1192 ⁵⁸⁰⁰¹¹d³'
335 1188 461 1217 nitatem.
484 1188 579 1217 Filius
600 1188 672 1217 enim
696 1188 747 1217 Dei
766 1188 906 1217 descendit
925 1188 959 1216 ad
980 1191 1103 1217 nostram
1124 1188 1178 1216 hu-

336 1235 510 1269 manitatem,
531 1238 558 1264 et
586 1235 638 1264 hoc
662 1238 703 1263 est
723 1235 890 1263 descendere
915 1234 1092 1268 Jerusalem
1113 1235 1178 1263 ani-

337 1290 402 1310 mae
422 1282 494 1310 enim
516 1290 570 1319 non
591 1281 768 1310 descendunt.
786 1282 844 1319 Epo
865 1290 945 1316 sum,
964 1282 1069 1319 inquit,
1088 1282 1178 1319 panis

337 1328 438 1363 vicus,
459 1329 510 1366 qui
530 1329 564 1357 cle
584 1328 660 1357 caelo
684 1328 816 1356 descendi
826 1328 847 1362 2,
869 1331 896 1357 et
916 1336 979 1357 cum
1007 1328 1066 1365 ipso
1086 1328 1179 1357 omnia

338 1375 503 1404 charismata
523 1375 691 1412 gratiarum;
714 1375 740 1403 in
762 1375 910 1411 Sapientia:
939 1375 1080 1403 Venerunt
1106 1374 1180 1403 mila·

339 1422 438 1451 omnia
459 1422 534 1451 bona
551 1422 667 1459 pariter
688 1430 754 1450 cum
775 1421 834 1450 illa.
861 1422 975 1458 Quando
996 1430 1061 1459 ergo
1089 1422 1179 1451 anima

338 1470 463 1499 elevatur
483 1478 532 1507 per
554 1470 693 1498 influxum
707 1469 758 1498 sibi
779 1469 911 1498 divinitus
932 1469 1066 1506 vigorem,
1089 1470 1179 1506 splen-

339 1516 449 1550 dorem,
470 1516 612 1550 ardorem,
633 1516 677 1553 pie
698 1516 774 1550 colit,
797 1516 869 1544 clare
894 1516 1053 1553 speculatur
1074 1518 1179 1545 sancte-

339 1571 393 1600 que
414 1562 568 1600 perfruitur
596 1566 623 1592 et
644 1571 692 1599 per
721 1563 772 1591 hoc
803 1562 1012 1599 comprehendit
1041 1564 1179 1591 assumtae

340 1610 518 1639 humanitatis
551 1610 703 1639 mirabilem
734 1613 884 1643 exortum,
916 1609 1069 1638 mirabilem
1098 1617 1180 1638 occa-

338 1666 415 1691 sum,
430 1657 583 1686 mirabilem
598 1665 749 1686 asemasum
764 1657 807 1685 vel
821 1664 1011 1690 conscensum,
1026 1656 1179 1685 mirabilem

208 1712 520 1741 Quatuoral-reyreSSttm;
544 1706 610 1732 tunc
638 1703 719 1732 habet
747 1706 866 1740 quatuor
894 1703 979 1732 latera
1006 1703 1123 1731 civitatis
1146 1703 1180 1732 de

208 1738 248 1754 ‘m
260 1736 325 1754 mm
339 1751 413 1780 caelo
438 1751 637 1779 tlescmulcntis.
660 1750 808 1779 Mirabilem
820 1773 826 1784 ,
848 1751 959 1787 inquam
971 1773 977 1784 ,
998 1753 1131 1779 erortum
1151 1750 1179 1779 in

339 1798 494 1832 nativitate,
520 1806 655 1826 occasum
677 1798 704 1826 in
731 1797 923 1832 crucifixione,
945 1806 1131 1826 conscensum
1152 1797 1179 1826 in

340 1845 542 1874 resurrectione
563 1848 589 1874 et
610 1845 781 1878 ascensione,
797 1853 961 1882 repressum
981 1845 1015 1873 ad
1036 1845 1178 1874 iudicium.

418 1893 444 1920 8.
465 1893 534 1927 Haec
555 1895 675 1929 quatuor
701 1892 817 1921 ostendit
846 1892 1018 1922 Ecclesiastes
1029 1892 1049 1927 ³,
1070 1892 1178 1922 dicens:

212 1947 326 1971 Explicatur.
342 1939 446 1968 Oritur
466 1939 508 1967 sol
528 1942 554 1967 et
571 1939 675 1967 occidit
688 1943 713 1967 ct
733 1939 773 1967 acl
794 1939 887 1967 locum
901 1948 988 1967 suum
1010 1940 1178 1974 reuertitur3

340 1986 434 2025 ibique
454 1994 607 2015 renascens
625 1985 716 2024 yyra‘t
728 1994 780 2023 per
794 1986 942 2014 meridiem
956 1990 982 2015 ct
993 1986 1119 2023 flectitur
1140 1987 1180 2015 acl

340 2032 512 2070 aquilonem.
527 2032 657 2061 Mirabilis
677 2032 729 2061 fuit
749 2036 875 2066 exortus,
895 2041 950 2070 quo
968 2033 1179 2075 radiusysuper—

340 2079 526 2109 substantialis
551 2079 646 2108 unitur
677 2079 840 2108 humanitati
863 2079 890 2107 in
918 2082 1011 2114 utero,
1042 2088 1078 2109 ex
1099 2083 1195 2113 utero.

340 2125 456 2162 prodiit,
477 2129 504 2154 et
529 2125 665 2162 quomodo
692 2128 871 2154 conversatus
891 2129 932 2154 est
960 2126 987 2154 in
1008 2126 1111 2155 mundo
1139 2127 1179 2155 vi-

340 2180 422 2210 gens,
443 2172 553 2206 lucens,
581 2171 769 2205 inssamnians;
798 2171 825 2200 in
846 2175 950 2206 morte,
978 2172 1115 2209 quomodo
1139 2172 1179 2201 di-

340 2222 439 2258 gnatus
459 2222 501 2248 est
520 2219 605 2253 mori;
627 2221 654 2248 et
675 2221 735 2256 post
754 2218 788 2247 de
809 2218 903 2247 inferis
924 2219 1044 2248 ascendit
1064 2219 1099 2248 ad
1119 2227 1180 2249 cor-

342 2274 393 2303 pus
414 2269 441 2295 et
461 2268 522 2303 post
542 2266 570 2295 in
591 2266 713 2300 caelum;
734 2268 762 2294 et
788 2265 926 2302 quomodo
954 2266 1126 2303 regredietur
1146 2266 1179 2295 ad

341 2313 524 2342 iudicandum.
551 2329 587 2333 —
613 2313 680 2341 Mira
701 2312 847 2350 lonyituclo
875 2312 1054 2341 aeternitatis
1074 2313 1126 2341 suit
1152 2313 1180 2342 in

343 2360 441 2389 unione
455 2359 609 2389 Divinitatis
622 2359 655 2388 ad
673 2358 880 2388 humanitatem.
896 2359 961 2387 Nam
976 2360 1112 2396 separatio
1128 2360 1180 2388 fuit

342 2407 506 2444 impossibile
534 2406 638 2441 maius,
660 2406 733 2443 quod
754 2406 789 2435 sit
809 2406 893 2442 post4
914 2405 1006 2434 Deum
1026 2415 1084 2435 non
1111 2415 1179 2440 esse,

341 2453 405 2490 quia
422 2453 529 2482 facilius
543 2455 626 2487 esset,
642 2452 763 2490 separari
782 2452 914 2490 Angelum
935 2460 951 2480 a
972 2460 1022 2481 suo
1042 2461 1108 2481 esse.
1125 2453 1179 2482 La-

404 2656 411 2668 ¹
430 2657 488 2680 Vide
513 2664 581 2685 supi-a
606 2664 660 2686 pag.
686 2657 743 2685 114,
759 2659 811 2679 now
834 2657 856 2679 3.
873 2656 919 2679 Csr.
935 2656 1003 2679 etiarn
1021 2658 1126 2685 Gregor.,
1143 2658 1180 2681 Vl.

342 2693 417 2718 Nloral.
434 2702 454 2718 c.
471 2696 507 2718 37.
525 2703 546 2718 η.
563 2697 601 2718 61.
617 2699 639 2719 et
656 2697 680 2719 ll.
696 2696 778 2719 llomil.
795 2696 817 2718 in
834 2696 914 2718 Ezecli.
930 2696 1007 2718 homil.
1024 2697 1044 2718 2.
1063 2703 1085 2718 n.
1105 2697 1138 2719 10.
1150 2709 1180 2713 -

342 2735 452 2763 Superius
473 2736 595 2763 respicitur
616 2736 674 2764 Eph.
694 2736 720 2764 3,
739 2736 782 2758 48:
800 2735 831 2758 Ut
848 2734 943 2764 possitis
964 2735 1181 2764 comprehendere...

342 2780 401 2803 quac
422 2773 451 2797 sit
474 2773 572 2797 latitudo
593 2777 635 2797 etc.
653 2787 683 2791 —
700 2774 732 2797 Dc
754 2777 852 2803 quatuor
874 2773 982 2796 lateribus
1006 2774 1104 2796 civitatis
1128 2775 1181 2797 vide

341 2814 411 2840 Apoc.
429 2813 470 2841 21,
489 2813 525 2835 16,

403 2850 412 2863 ²
430 2852 489 2874 loan.
507 2852 532 2879 6,
550 2851 587 2874 41.
604 2864 634 2868 —
651 2853 704 2881 Seq.
720 2853 783 2875 locus
799 2854 833 2874 cst
850 2852 902 2880 Sap.
919 2851 946 2881 7,
965 2852 1002 2874 11.

404 2889 413 2902 ³
430 2890 484 2919 Cap.
505 2891 523 2919 1,
541 2891 562 2913 5.
579 2893 602 2913 et
618 2892 641 2914 6.

403 2929 412 2942 ⁴
430 2930 530 2958 Supple:
548 2930 603 2952 illud
620 2930 683 2959 quod
700 2932 741 2953 est.

403 2967 413 2980 ⁶
429 2969 484 2997 Cap.
501 2969 582 2997 3,17.
598 2972 620 2992 et
640 2970 674 2992 18.

923 171 954 199 IN
976 163 1196 199 HEXAiiMERON
1216 167 1377 198 commo
1398 168 1485 196 xxiii.

1232 246 1323 275 titudo
1344 245 1480 274 caritatis
1501 245 1553 273 fuit
1574 244 1601 273 in
1622 247 1730 279 morte;
1748 245 1820 273 mira
1839 246 2004 276 sublimitas
2024 256 2073 285 po-

1232 293 1334 321 tentiae
1355 292 1382 320 in
1406 291 1580 325 ascensione,
1601 291 1672 319 mira
1697 290 1889 328 profunditas
1915 293 2074 330 sapientiae

1232 340 1285 369 erit
1304 339 1332 367 in
1353 338 1462 366 iudicio.
1478 338 1547 366 llaec
1568 341 1633 367 sunt
1653 337 1841 373 admirabilia,
1862 339 1964 376 quibus
1984 340 2075 369 anima

1231 386 1344 423 ponitur
1365 385 1443 422 quasi
1465 387 1546 413 extra
1567 393 1604 414 se.

1311 434 1336 461 9.
1359 432 1451 462 Tertio
1471 432 1505 461 ad
1526 432 1591 467 hoc,
1612 432 1687 470 quod
1708 433 1743 461 sit
1764 433 1949 468 hierarchica,
1964 441 2075 463 necesse
2083 440 2173 467 Similiter
2186 441 2205 459 in

1231 483 1287 514 est,
1309 482 1340 508 ut
1361 479 1451 508 videat
1472 479 1610 508 civitatem
1631 479 1658 508 in
1680 480 1787 509 caelum
1808 480 2014 509 ascendentem.
2043 481 2075 510 Et
2114 465 2176 483 ἘΜ

1231 528 1283 557 hoc
1304 529 1360 561 est,
1375 526 1486 564 quando
1507 534 1556 563 per
1570 526 1692 556 infusum
1713 527 1765 556 sibi
1782 527 1915 556 divinitus
1936 528 2075 565 vigorem,

1232 573 1422 611 splendorem,
1443 573 1571 602 ardorem
1591 582 1606 602 a
1627 574 1684 603 sole
1710 577 1822 603 aeterno
1850 574 1894 612 pie
1917 577 2076 609 veneratur,

1232 620 1372 658 praeclare
1400 620 1569 657 speculatur,
1590 623 1682 650 sancte
1702 621 1867 658 perfruitur,
1888 629 1919 650 ac
1946 629 1996 658 per
2024 622 2076 651 hoc

1232 666 1439 704 comprehendit
1466 666 1574 695 divinae
1604 667 1726 697 caritatis
1757 667 1945 696 indissolubile
1975 668 2076 696 vincu-

1233 715 1309 748 lum,
1330 713 1438 742 divinae
1459 713 1581 743 caritatis
1608 714 1800 744 incoarctabile
1821 715 1948 749 donum,
1968 715 2077 744 divinae

1232 760 1353 790 caritatis
1368 760 1554 797 insuperabile
1575 761 1757 796 incendium,
1771 762 1879 791 divinae
1900 762 2022 792 caritatis
2035 763 2076 791 in-

1232 808 1480 845 comprehensibile
1499 807 1655 842 solatiuw
1670 812 1735 838 tunc
1756 809 1830 838 videt
1850 809 1996 838 civitatem
2016 809 2075 844 Dei,

1233 855 1335 884 scilicet
1356 863 1385 884 se
1406 855 1509 891 ipsam,
1531 859 1557 884 et
1582 855 1663 884 habet
1690 858 1811 893 quatuor
1839 856 1940 890 latera,
1961 856 1995 885 de
2015 856 2077 894 qui·
2089 863 2212 887 Quatuorla-

1233 903 1285 931 bus
1306 902 1340 931 ad
1362 902 1530 939 Ephesi0s⁵:
1546 903 1581 931 In
1598 903 1721 932 caritate
1741 903 1872 932 radicati
1891 907 1917 931 et
1939 902 2076 941 fundati,
2126 888 2173 905 ‘m'

1233 953 1265 978 ut
1286 949 1406 986 possitis
1434 948 1670 986 comprehendere
1697 959 1764 978 cum
1792 949 1926 978 omnibus
1950 949 2076 985 Sanctis,

1233 1005 1308 1035 quae
1328 996 1367 1024 sit
1386 996 1508 1024 latitudo
1529 999 1555 1024 ct
1574 996 1722 1033 longyituclo
1736 1001 1761 1025 et
1781 996 1948 1025 sublimitas
1965 1000 1991 1025 et
2007 1005 2078 1034 pro-

1233 1042 1362 1081 fundum
1383 1046 1434 1072 etc.

1315 1092 1358 1119 10.
1381 1091 1438 1119 Non
1460 1098 1489 1119 es
1509 1091 1582 1119 enim
1603 1091 1694 1120 adhuc
1715 1091 1819 1120 civitas
1841 1091 1895 1120 Dei
1914 1100 1964 1121 nec
1978 1092 2078 1129 sigma-
2091 1098 2205 1123 Explicatur-

1235 1142 1297 1171 tus,
1320 1137 1371 1166 nisi
1398 1137 1524 1174 sigyneris
1550 1138 1665 1175 Spiritu
1692 1142 1792 1167 sancto
1814 1138 1848 1167 ad
1876 1138 1919 1175 pie
1945 1146 2078 1168 veneran-

1233 1184 1316 1219 dum,
1337 1187 1364 1213 et
1384 1193 1434 1222 per
1456 1185 1507 1213 hoc
1529 1185 1616 1222 possis
1641 1186 1890 1222 comprehendere,
1919 1194 1990 1223 quae
2014 1188 2079 1215 sunt

1234 1232 1262 1260 in
1283 1232 1339 1260 Deo
1369 1234 1396 1260 et
1424 1239 1473 1268 per
1501 1232 1588 1261 Deum
1609 1235 1637 1261 et
1663 1232 1737 1269 apud
1759 1233 1861 1261 Deum:
1890 1233 2078 1262 indissolubile

1234 1278 1383 1307 vinculum
1414 1279 1441 1307 in
1472 1279 1727 1316 praedestinationis
1757 1279 1875 1314 ratione,
1907 1288 1962 1317 qua
1992 1279 2080 1317 diligit

1234 1333 1344 1362 semper
1364 1328 1391 1354 et
1412 1333 1520 1363 semper
1540 1326 1638 1355 dilexit
1662 1329 1689 1355 et
1714 1334 1822 1364 semper
1850 1327 1944 1364 diliget
1965 1326 2078 1364 praede-

1234 1372 1348 1401 stinatos
1369 1375 1481 1401 aeterna
1498 1373 1611 1402 caritate
1622 1374 1645 1408 ὃς
1668 1373 1719 1402 nisi
1735 1374 1952 1411 comprehendas
1973 1374 2079 1403 incoar-

1235 1419 1332 1448 ctabile
1364 1420 1474 1448 donum
1505 1420 1531 1448 in
1563 1420 1757 1449 universarum
1786 1429 1881 1449 rerum
1909 1421 2078 1455 conditione,

1235 1474 1304 1503 quas
1326 1467 1411 1495 libere
1432 1466 1551 1495 condidit
1571 1470 1598 1496 et
1618 1467 1727 1496 ornavit
1747 1470 1775 1496 et
1795 1467 1907 1496 cuilibet
1928 1467 2002 1496 dedit
2022 1475 2079 1496 mo-

1235 1513 1317 1547 dum,
1339 1514 1456 1550 speciem
1485 1516 1512 1542 et
1540 1514 1683 1548 ordinem;
1705 1514 1801 1549 tertio,
1824 1514 2009 1551 insuperabile
2036 1522 2080 1543 ca-

1237 1559 1325 1588 ritatis
1346 1559 1512 1587 incendium
1533 1560 1560 1588 in
1581 1560 1638 1588 Filii
1660 1560 1805 1589 traditione
1813 1571 1823 1594 ;
1840 1563 1956 1598 quarto,
1977 1561 2080 1590 incom-

1237 1606 1421 1643 prehensibile
1441 1606 1594 1641 solatium,
1610 1607 1720 1644 quando
1734 1608 1903 1642 consideras,
1918 1608 1992 1645 quod
2007 1608 2081 1637 Deus

1236 1652 1400 1689 glorificabit
1427 1661 1528 1690 corpus
1558 1656 1586 1682 et
1606 1654 1741 1688 animam,
1774 1657 1805 1683 ut
1832 1654 2034 1683 absorbeantur
2055 1658 2082 1683 et

1236 1699 1409 1728 inebrientur
1431 1708 1447 1728 a
1468 1708 1531 1728 rore
1552 1700 1627 1729 caeli.

1317 1748 1360 1775 11.
1383 1747 1434 1776 Sed
1455 1750 1578 1784 oportet,
1604 1747 1677 1784 quod
1706 1748 1815 1784 signum
1837 1748 1960 1778 veritatis
1987 1748 2081 1786 impri-
2091 1758 2148 1781 snm
2158 1757 2223 1776 horum

1236 1797 1328 1822 matur
1350 1794 1377 1822 in
1398 1794 1534 1828 animam,
1557 1802 1605 1830 per
1627 1794 1700 1831 quod
1715 1794 1797 1823 etiarn
1818 1795 1910 1824 anima
1930 1795 1962 1824 fit
1980 1794 2082 1824 hortus
2115 1783 2200 1805 ‘¹⁰³²'¹⁰¹'

1236 1841 1403 1875 conclusus,
1428 1840 1495 1878 sons
1519 1840 1682 1878 sipnatus'.
1699 1859 1737 1862 —
1756 1842 1876 1871 Primum
1902 1842 2026 1880 signum,
2051 1845 2083 1872 ut
2096 1852 2185 1871 Primum.

1236 1889 1336 1918 habeat
1349 1888 1471 1917 caritatis
1485 1888 1683 1917 indissolubile
1696 1889 1863 1924 vinculum,
1879 1890 1981 1919 scilicet
1995 1898 2082 1927 quan-

1235 1936 1270 1964 do
1284 1936 1376 1964 anima
1396 1936 1434 1965 sic
1455 1936 1557 1973 diligit,
1579 1939 1610 1965 ut
1631 1935 1718 1965 dicat:
1739 1936 1810 1972 Quis
1827 1945 1880 1965 nos
1900 1937 2049 1975 separabit
2062 1946 2082 1966 a

1236 1983 1359 2012 caritate
1382 1982 1510 2012 Christi?
1532 1983 1710 2018 Tribulatio,
1729 1992 1770 2012 an
1784 1985 1941 2022 anquene,
1962 1993 2003 2014 an
2013 1982 2081 2022 per-

1235 2031 1359 2065 secutio,
1381 2039 1421 2059 an
1441 2030 1536 2068 sames
1556 2033 1623 2065 etc.;
1646 2039 1717 2065 non,
1739 2031 1806 2068 quin
1828 2031 1910 2060 homo
1930 2031 2016 2069 possit
2036 2039 2080 2061 ca-

1235 2077 1301 2106 dere
1322 2086 1336 2106 η
1359 2077 1485 2111 caritate,
1507 2077 1554 2106 sed
1575 2077 1685 2115 quando
1706 2077 1744 2107 sic
1765 2080 1819 2112 est,
1840 2080 1872 2106 ut
1890 2078 1989 2115 cogitet
2009 2086 2081 2107 nun-

1236 2133 1319 2162 quam
1341 2133 1463 2162 peccare.
1479 2141 1518 2145 —
1532 2125 1668 2159 secundo,
1690 2128 1722 2154 ut
1737 2125 1836 2154 habeat
1852 2125 1960 2154 divinae
1981 2125 2080 2155 carita-
2092 2134 2207 2153 Secundum.

1236 2172 1271 2200 tis
1299 2171 1506 2200 incoarctabile
1536 2172 1661 2206 donum,
1690 2175 1722 2201 ut
1749 2172 1843 2210 diligat
1873 2173 1980 2208 omnia,
2009 2181 2080 2210 quae

1235 2218 1323 2256 diligit
1343 2219 1431 2252 Deus,
1457 2221 1484 2247 et
1504 2218 1605 2247 amicos
1633 2221 1660 2247 et
1681 2218 1806 2248 inimicos
1833 2221 1860 2248 et
1885 2223 2034 2249 extraneos
2053 2222 2081 2248 et

1236 2266 1414 2303 propinquos
1430 2265 1523 2294 Unde:
1541 2265 1661 2294 Caritas
1677 2266 1728 2294 Dei
1744 2264 1855 2304 diffusa
1873 2269 1914 2294 est
1933 2266 1966 2295 in
1985 2266 2080 2295 cordi-

1237 2312 1290 2340 bus
1310 2312 1449 2341 nostrisa
1472 2312 1522 2341 Per
1544 2313 1614 2341 hanc
1635 2312 1709 2341 enim
1730 2313 1820 2341 anima
1842 2321 1870 2342 se
1897 2312 2026 2342 diffundit
2045 2313 2079 2342 ad

1235 2360 1405 2397 diligendum
1426 2368 1506 2388 omne
1527 2359 1631 2388 bonum
1652 2362 1679 2389 et
1700 2360 1788 2389 solum
1811 2360 1922 2389 bonum.

1318 2408 1360 2435 12.
1389 2407 1524 2441 Ulterius,
1552 2407 1619 2435 haec
1647 2407 1747 2436 caritas
1778 2407 1824 2436 dat
1850 2407 1957 2436 animae
1984 2407 2080 2436 incen-
2093 2416 2184 2435 Tertium.

1236 2454 1336 2487 cliuum
1357 2453 1431 2483 unde
1452 2454 1479 2482 in
1504 2453 1652 2482 Cantico⁹:
1676 2454 1753 2483 Pone
1777 2463 1821 2483 me
1842 2457 1875 2482 ut
1893 2454 2080 2492 siynaculum

1298 2657 1308 2670 ὅ
1325 2660 1404 2681 lei-ein.
1416 2660 1453 2687 31,
1466 2659 1491 2681 3:
1503 2659 1527 2681 ln
1538 2659 1631 2681 caritate
1642 2661 1752 2686 perpetua
1765 2657 1831 2681 dilexi
1848 2660 1877 2680 te.
1893 2657 1940 2680 Cir.
1956 2658 2014 2686 Eph.
2026 2659 2046 2687 i,
2059 2657 2080 2680 4.

1237 2700 1259 2720 et
1276 2699 1290 2720 l.
1307 2699 1365 2721 Petr.
1391 2699 1411 2725 1,
1429 2698 1467 2720 20.
1483 2710 1513 2715 —-
1530 2698 1562 2720 Dc
1587 2698 1668 2726 modo,
1694 2697 1770 2725 specie
1794 2699 1816 2719 et
1840 2697 1920 2720 ordine
1944 2698 1984 2720 cfr.
2010 2703 2080 2725 supra

1237 2743 1292 2764 pag.
1311 2737 1369 2765 340,
1386 2740 1438 2759 nota
1456 2737 1478 2759 3.

1299 2774 1308 2787 ⁷
1326 2775 1389 2798 Cani.
1415 2776 1441 2804 l,
1459 2776 1494 2798 12.
1513 2788 1543 2792 -
1561 2776 1612 2804 Seq.
1638 2776 1701 2797 locus
1725 2778 1759 2797 est
1783 2775 1850 2797 Rom.
1867 2775 1894 2803 8,
1911 2775 1948 2798 35.
1965 2787 1996 2792 —
2013 2774 2079 2804 Quod

1238 2816 1307 2837 homo
1324 2815 1396 2843 possit
1417 2815 1500 2838 cadere
1516 2822 1528 2838 a
1546 2815 1638 2838 caritate
1655 2814 1781 2837 ostenditur
1798 2814 1830 2837 111.
1847 2815 1908 2837 Sent.
1924 2815 1947 2837 d.
1964 2815 2003 2838 31.
2018 2820 2039 2836 a.
2057 2814 2078 2836 11.

1238 2860 1259 2882 q.
1281 2855 1299 2876 1.
1316 2854 1361 2877 Cfr.
1379 2855 1416 2877 lv.
1433 2855 1493 2877 Sent.
1510 2854 1534 2877 (l.
1552 2854 1587 2876 14.
1605 2860 1629 2882 p.
1646 2854 1668 2876 ll.
1686 2860 1706 2876 a.
1728 2854 1746 2875 1.
1762 2859 1785 2882 q.
1805 2854 1824 2875 1.

1300 2891 1310 2905 ⁸
1328 2894 1393 2916 lis-m.
1411 2894 1437 2921 5,
1455 2894 1476 2916 5.

1300 2929 1310 2943 Β
1327 2931 1382 2959 Cap.
1400 2933 1425 2960 Β,
1442 2932 1469 2954 0:
1486 2933 1570 2955 Pone...
1590 2938 1630 2954 cor
1646 2934 1723 2959 tuum,
1740 2933 1764 2953 ut
1781 2931 1923 2959 signaculum
1944 2937 2013 2959 super
2030 2929 2078 2952 bra-

1239 2971 1316 2993 chium
1334 2974 1411 3000 tuum,
1429 2972 1481 3000 quia
1499 2975 1542 2994 etc.
1559 2971 1615 2993 lbid.
1632 2977 1656 2993 ν.
1672 2971 1705 2993 7.:
1723 2971 1746 2993 Si
1763 2971 1851 2993 dederit
1869 2972 1937 2993 horno
1953 2973 1994 2992 etc.
