2285 3398
201 1493 271 1512 Dixis'in
281 1497 333 1519 argu-

234 1518 299 1535 menti.

216 1821 261 1839 Pars
274 1820 287 1838 1.
301 1819 329 1837 De

206 1846 249 1862 actu
256 1842 338 1867 proprio⁴

206 1867 282 1890 Triplex
294 1871 335 1884 con-

237 1891 306 1908 silium.

236 2333 263 2351 De
277 2332 343 2356 primo.

336 149 393 177 490

329 226 399 255 dixit
420 224 559 253 Christus:
578 221 744 249 «videamus
765 218 846 247 cuius
871 217 943 246 sit».
962 216 994 244 Et
1014 224 1108 245 omnes
1128 216 1175 245 de-

330 274 416 302 fectus
437 271 478 299 sui
500 268 594 305 scripti
614 268 640 296 in
660 267 756 295 charta
776 264 857 301 positi
879 266 944 292 sunt
964 270 1001 291 ex
1021 271 1077 291 una
1097 265 1176 299 parte

330 321 462 350 staterae,
484 320 510 345 et
531 323 567 344 ex
588 314 641 342 alia
662 315 740 350 parte
761 314 879 340 staterae
901 309 990 346 posita
1010 312 1074 338 sunt
1094 309 1176 342 bona,

331 374 401 404 quae
422 365 531 393 fecerat.
554 362 585 390 Et
606 368 686 398 pars,
709 360 736 387 in
757 367 814 395 qua
834 358 949 386 suerunt
969 355 1092 384 defectus
1106 356 1175 389 eius,

332 415 475 443 incurvata
489 413 530 440 est
544 409 577 438 ad
600 411 712 436 terram.
730 406 761 434 Et
776 408 841 434 tunc
856 404 928 433 dixit
942 403 1044 431 hostis:
1061 402 1176 436 «vides,

334 459 458 492 Domine,
481 456 553 494 quod
582 455 633 484 iste
665 456 758 482 noster
790 454 846 485 est3
868 453 931 488 peto
952 449 1123 478 iustitiam».
1147 449 1178 477 Et

334 511 398 535 tunc
426 505 505 533 beata
529 502 612 539 Virgo
632 500 704 529 dixit
725 499 759 528 ad
780 498 940 527 Christum:
961 499 1021 524 «tu
1049 503 1078 524 es
1105 496 1179 524 filius

334 560 425 585 meus;
449 549 626 587 sanguinem,
648 555 731 584 quem
764 545 900 578 habuisti,
931 552 947 572 a
978 550 1021 571 me
1043 542 1179 576 habuisti,

332 602 410 636 peto,
432 595 575 634 quod-des
595 594 663 623 mihi
684 601 767 622 unam
789 595 935 629 guttam».
959 590 990 618 Et
1010 588 1082 617 dixit
1102 588 1180 617 Chri-

333 649 407 675 stus:
425 657 437 670 «
450 645 502 673 hoc
516 651 570 672 non
586 649 699 679 possum
715 640 793 669 vobis
807 646 909 676 negare
920 650 946 665 ».
964 637 994 665 Et
1009 639 1075 665 tunc
1090 636 1182 673 posuit

334 694 412 722 beata
444 691 526 728 Virgo
557 692 664 726 guttam
697 687 839 724 sanguinis
867 693 930 714 cum
962 683 1068 712 meritis
1096 682 1181 716 illius;

334 742 361 769 et
382 738 473 768 statim
492 737 538 765 illa
560 744 624 773 pars
645 738 763 764 staterae
786 734 930 761 incurvata
951 734 992 760 est
1013 730 1045 758 ad
1069 732 1181 758 terram.

335 787 365 815 Et
385 785 457 814 dixit
477 783 582 812 hostis:
610 794 622 807 ‹-
638 790 692 810 non
714 784 755 810 est
777 781 880 809 bonum
903 785 1028 815 pugnare
1049 780 1182 805 tecum».

335 834 453 864 Tamen,
469 830 535 867 quia
555 829 689 858 Dominus
710 828 831 860 malum,
851 825 925 863 quod
944 825 989 853 ille
1004 824 1121 857 fecerat,
1136 831 1184 851 no-

337 880 387 908 luit
407 878 546 907 dimittere
567 875 750 912 impunitum;
773 874 847 902 dedit
868 872 1051 901 daemonibus
1066 873 1185 907 potesta-

336 929 392 954 tem
413 932 497 961 super
519 930 621 959 corpus
642 929 740 955 suum3
763 923 790 949 et
813 924 878 948 tunc
899 918 1070 947 atrocissime
1094 917 1186 954 ipsum

337 973 551 1010 percusserunt,
573 970 610 998 ita
631 969 705 1006 quod
734 968 782 996 vix
811 967 943 996 remansit
974 966 1001 994 in
1023 974 1054 993 eo
1075 964 1186 1001 aliquod

337 1019 510 1051 membrum,
532 1017 606 1054 quod
627 1024 681 1044 non
704 1018 776 1044 esset
798 1014 917 1043 totaliter
938 1013 1056 1042 allisum.
1072 1012 1103 1040 Et
1116 1011 1188 1040 dixit

339 1066 439 1095 iudex:
457 1077 469 1090 «
481 1064 547 1094 satis
561 1066 639 1092 est».
652 1063 721 1091 Cum
736 1061 859 1090 redirent
873 1060 973 1089 fratres
987 1060 1021 1088 de
1035 1058 1187 1091 matutinis,

339 1113 505 1141 invenerunt
533 1110 623 1147 ipsum
655 1109 733 1146 quasi
761 1110 912 1136 mortuum.
942 1104 1083 1142 Quaesivit
1104 1104 1189 1132 abbas

340 1162 367 1188 et
387 1158 451 1187 lecit
471 1157 590 1194 inquiri,
616 1156 679 1193 quis
707 1155 759 1183 hoc
791 1154 906 1182 ferisset.
935 1152 1033 1181 Nullus
1060 1152 1189 1179 inventus

340 1208 394 1239 est,
416 1205 462 1242 qui
484 1204 518 1232 de
540 1204 591 1231 hoc
613 1201 716 1239 aliquid
737 1201 828 1229 sciret.
852 1200 946 1228 Postea
972 1199 1080 1227 locutus
1102 1200 1142 1225 est
1163 1199 1190 1224 et

342 1252 419 1289 petiit
439 1251 564 1280 abbatem
587 1258 669 1278 suum
692 1251 719 1277 et
740 1248 882 1276 consessus
902 1248 944 1274 est
964 1246 1004 1279 ei;
1020 1248 1047 1274 et
1068 1246 1190 1273 assumta

343 1299 427 1328 nobili
449 1297 675 1334 compunctione,
697 1294 826 1331 migravit
847 1293 880 1321 ad
902 1292 1065 1325 Dominum,
1091 1294 1118 1319 et
1139 1290 1191 1318 suit

341 1345 365 1374 ei
387 1353 474 1382 poena
495 1344 541 1372 illa
562 1351 612 1379 pro
634 1341 804 1379 purgatorio.

422 1392 448 1419 li.
471 1390 601 1418 Dicamus
622 1389 656 1417 de
670 1387 791 1416 consilio.
815 1403 850 1407 —
875 1385 1023 1422 Quaesivit
1045 1385 1146 1412 lanam
1167 1387 1190 1411 et

343 1439 435 1467 linum
458 1441 482 1465 et
504 1438 624 1473 operata
649 1438 689 1462 est
714 1433 833 1462 consilio
858 1440 1004 1460 manuum
1030 1430 1190 1459 «Μαι-111711.

345 1485 453 1518 Videte,
482 1483 557 1520 quod
585 1481 704 1518 Spiritus
732 1483 844 1509 sanctus
865 1478 997 1507 describit
1018 1478 1062 1506 hic
1083 1477 1193 1505 donum

343 1531 457 1560 consilii
477 1532 614 1566 quantum
641 1527 674 1556 ad
703 1530 796 1555 actum
823 1524 1066 1562 praeambulum,
1093 1526 1120 1551 et
1141 1523 1194 1550 hoc

344 1581 480 1615 quantum
502 1576 535 1604 ad
564 1578 657 1604 actum
679 1573 871 1602 intrinsecum
893 1574 920 1599 et
940 1570 1146 1603 extrinsecum,
1168 1572 1195 1597 et

344 1627 478 1662 quantum
501 1623 535 1651 ad
550 1625 642 1650 actum
656 1620 814 1658 proprium
827 1619 845 1646 ².
862 1618 985 1646 Primum
1000 1618 1028 1645 et
1042 1615 1195 1645 secundum

346 1674 473 1704 notatur,
496 1677 559 1698 curn
580 1668 661 1697 dicit:
692 1666 841 1703 Quaesivit
863 1665 965 1693 lanam
985 1666 1011 1691 et
1031 1662 1126 1691 linum
1138 1672 1147 1695 ;
1169 1664 1196 1690 et

346 1718 459 1747 tertium
482 1717 534 1745 ibi:
559 1716 686 1753 Operam
700 1717 740 1742 est
754 1712 873 1742 oonsilio
892 1719 1038 1740 manuum
1059 1717 1195 1738 suarum.

426 1765 451 1792 5.
476 1764 605 1792 Dicamus
633 1762 722 1798 primo
743 1760 777 1789 de
798 1762 861 1788 actu
887 1758 1019 1795 proprie.
1043 1756 1197 1793 Intelligere

348 1811 467 1844 debetis,
490 1809 564 1846 quod
588 1811 629 1837 est
657 1807 818 1839 consilium,
841 1813 896 1842 quo
924 1804 1069 1833 erudimur
1098 1802 1132 1831 ad
1157 1802 1197 1830 di-

349 1856 550 1889 scernendum,
573 1854 639 1892 quid
668 1854 748 1886 licet,
770 1852 836 1889 quid
858 1852 951 1884 decet,
973 1852 1000 1879 et
1021 1849 1087 1887 quid
1112 1856 1197 1885 expe-

351 1905 391 1933 dit
411 1904 444 1931 ad
466 1903 583 1931 salutem
605 1900 757 1930 secundum
781 1898 925 1927 iudicium
947 1897 1072 1925 rationis
1088 1900 1198 1928 reciae,-

350 1950 424 1979 aliud
439 1953 480 1978 est
495 1948 652 1981 consilium,
674 1955 730 1983 quo
744 1946 890 1974 erudimur
905 1945 938 1973 ad
953 1943 1109 1980 eligendum
1125 1943 1198 1980 quod

352 1998 429 2030 licet,
452 1995 526 2032 quod
546 1995 638 2027 decet,
660 1997 687 2022 et
708 1993 782 2029 quod
804 1992 917 2028 expedit
938 1990 1091 2019 secundum
1112 1990 1199 2025 impe-

353 2043 434 2071 rium
450 2041 605 2070 uoluntatis
617 2040 714 2068 bonae.
728 2055 765 2058 —
777 2038 902 2067 Tertium
916 2040 957 2066 est
972 2036 1129 2069 consilium,
1145 2044 1201 2072 quo

353 2089 497 2119 erudimur
518 2088 551 2116 ad
573 2086 796 2124 prosequendum
820 2084 893 2121 quod
916 2084 993 2117 licet,
1015 2083 1089 2119 quod
1110 2083 1200 2115 decet,

354 2140 380 2165 et
402 2135 475 2173 quod
503 2134 615 2171 expedit
644 2133 795 2162 secundum
824 2131 995 2160 exercitium.
1025 2130 1202 2166 operationis

357 2184 510 2212 virtuosae.
527 2198 562 2202 -—
580 2181 611 2209 Et
631 2181 664 2209 de
686 2180 737 2208 isto
759 2178 871 2207 consilio
886 2178 1002 2206 dicitur:
1022 2177 1149 2213 Operam
1164 2180 1203 2203 esc

357 2230 475 2259 consilio
499 2236 642 2256 manuum
663 2235 799 2254 scutrum.

437 2278 462 2304 li.
477 2275 608 2307 Primum,
619 2273 689 2306 dico,
701 2272 845 2301 consilium
861 2274 915 2303 est,
931 2278 986 2307 quo
1001 2269 1157 2297 eruclimw
1171 2268 1205 2296 ad

357 2321 583 2354 discernendum,
605 2318 672 2356 quid
693 2319 770 2351 licet,
785 2316 852 2353 quid
866 2316 956 2349 decet,
972 2318 999 2344 et
1012 2315 1079 2352 quid
1094 2314 1206 2351 expedit

359 2369 512 2398 secundum
534 2366 678 2395 iudicium
700 2364 826 2393 racionis
842 2367 943 2391 rectae.
959 2361 1034 2390 Unde
1049 2362 1076 2389 in
1092 2361 1206 2389 Prover-

360 2416 452 2444 biis-²³.-
483 2416 541 2452 Eyo
569 2412 716 2450 sapiencia
745 2410 841 2439 habito
870 2410 901 2438 in
922 2408 1041 2437 consilio
1063 2412 1088 2436 cl
1109 2407 1207 2435 erudi-

889 139 932 168 DE
954 139 1052 167 DONlS
1073 137 1217 167 SPIRITUS
1239 138 1264 165 S.
1287 135 1448 164 COLLATIO
1470 135 1522 162 Vll.

1234 214 1270 242 lis
1292 213 1436 241 intersum
1456 211 1687 249 coyilationibus.
1704 227 1740 231 —
1762 211 1868 239 Habito
1889 211 1921 240 in
1942 210 2079 244 consilio,

1232 259 1335 288 scilicet
1356 266 1413 295 quo
1435 259 1518 286 homo
1538 257 1666 286 eruditur
1680 257 1714 285 ad
1728 257 1940 285 discernendum
1955 256 2034 293 quid,
2049 256 2081 284 li-

1233 309 1291 340 cet,
1314 305 1381 342 quid
1401 305 1495 338 decet,
1517 306 1544 332 et
1564 304 1631 341 quid
1645 303 1758 341 expedit
1773 303 1924 332 secundum
1947 303 2081 332 iudicium

1236 353 1350 382 rationis
1372 355 1470 381 rectae.
1488 367 1525 372 -
1540 351 1631 380 Primo
1645 351 1726 380 debet
1740 351 1824 379 homo
1845 350 2033 384 considerare,
2047 358 2083 378 an

1236 401 1323 433 liceat,
1335 408 1369 427 an
1381 399 1489 432 deceat3
1504 398 1592 427 multa
1606 398 1701 432 licent,
1716 405 1788 434 quae
1803 405 1858 425 non
1871 397 1977 425 decent.
1990 396 2085 425 Postea

1235 447 1316 476 dehet
1331 445 1523 479 considerare,
1538 445 1560 474 si
1575 445 1720 482 expediat,
1739 444 1805 481 quia
1818 444 1884 472 dicit
1898 443 2042 480 Apostolus
2053 445 2065 459 4
2078 454 2083 471 :

1239 493 1345 522 Omnia
1366 491 1441 520 milti
1462 491 1557 525 licent,
1579 492 1628 520 sed
1648 500 1707 520 nou
1727 490 1827 519 omnia
1848 490 2012 527 eaepediunt.
2035 489 2086 518 Ha-

1237 540 1293 568 bita
1315 539 1366 567 ista
1387 538 1487 574 triplici
1510 538 1742 571 consideratione,
1764 537 1932 567 erudiuntur
1947 536 2086 573 cogitatio-

1238 594 1301 619 nes,
1324 589 1351 614 et
1373 585 1479 613 habitat
1500 584 1632 621 sapientia
1653 585 1680 613 in
1702 584 1816 613 consilio
1836 583 1963 612 hominis.

1318 634 1343 660 7.
1366 632 1445 661 Aliud
1477 634 1518 661 est
1548 632 1708 666 consilium,
1740 640 1795 668 quo
1817 631 1964 659 elevamur
1985 630 2020 659 ad
2040 630 2087 659 eli—

1239 680 1357 718 gendum
1381 679 1454 716 quod
1477 679 1555 712 licet,
1576 679 1650 716 quod
1671 679 1762 712 decet,
1783 681 1810 707 et
1831 678 1906 715 quod
1920 677 2033 714 expedit
2047 684 2088 706 se-

1241 727 1363 756 cundum
1389 725 1575 763 propositum
1596 726 1754 754 voluntatis
1775 725 1872 753 bonae.
1895 724 1971 753 Unde
1991 724 2018 752 in
2041 724 2089 752 Ec-

1242 773 1435 803 clesiastico5:
1462 774 1583 801 Aurum
1613 776 1638 801 et
1668 775 1823 810 argenium
1855 775 1896 800 est
1927 771 2090 800 constitutio

1239 821 1361 858 pedum,
1377 823 1401 848 et
1415 828 1505 856 super
1520 822 1676 858 utrumque
1696 819 1851 848 consilium
1873 818 2089 855 beneplacitum.

1242 869 1292 896 Per
1314 876 1427 895 aarum
1448 867 1620 903 significatur
1641 874 1719 895 sacra
1738 866 1894 902 Scriptura,
1915 873 1966 902 per
1987 873 2092 902 arqen-

1244 919 1305 942 limi
1327 913 1440 943 scientia
1464 912 1661 950 philosophiae.
1690 913 1812 949 Utraque
1840 914 1882 940 est
1908 911 2091 949 speculativa,

1244 962 1287 990 vel
1309 961 1438 998 practica.
1461 960 1545 988 Sacra
1565 959 1708 996 Scriptura
1728 962 1770 988 est
1790 959 1823 987 de
1842 958 1896 987 fide
1909 961 1936 987 et
1951 958 2092 992 moribus,

1245 1008 1346 1045 partim
1367 1007 1536 1044 speculativa
1556 1009 1584 1035 et
1601 1006 1701 1043 partim
1716 1006 1845 1043 practica.
1862 1006 1912 1034 Per
1926 1005 1993 1034 istas
2006 1005 2094 1034 scien-

1246 1056 1296 1083 tias
1318 1054 1510 1083 stabiliuntur
1530 1054 1631 1090 pedes,
1653 1054 1719 1090 quia
1739 1061 1787 1082 cor
1809 1052 1948 1081 stabilitur
1976 1060 2026 1089 per
2046 1052 2095 1081 do-

1245 1104 1374 1131 cumenta
1396 1101 1549 1137 theologica
1569 1103 1596 1129 et
1610 1100 1818 1137 philosophica;
1834 1102 1925 1128 tamen
1940 1099 2096 1129 consilium

1245 1148 1332 1184 magis
1354 1147 1464 1176 stabilit.

1326 1196 1351 1222 8.
1374 1195 1499 1223 Tertium
1527 1197 1569 1223 est
1596 1194 1756 1228 consilium,
1782 1202 1839 1230 quo
1860 1193 2031 1230 expedimur
2062 1193 2097 1222 ad

1248 1241 1471 1278 prosequendum
1487 1241 1561 1278 quod
1577 1241 1652 1275 licet,
1667 1240 1741 1278 quod
1755 1240 1842 1274 decet,
1858 1242 1884 1268 et
1899 1239 1973 1277 quod
1984 1239 2097 1276 expedit

1247 1288 1400 1316 secundum
1415 1288 1586 1316 [marcilium
1608 1287 1785 1324 operationis
1806 1286 1963 1315 virtuosae.
1985 1286 2024 1314 De
2045 1286 2098 1314 isto

1248 1334 1360 1363 consilio
1381 1334 1483 1362 dicitur
1505 1334 1531 1362 in
1555 1334 1682 1367 1udith⁶‚
1705 1333 1779 1370 quod
1793 1333 1928 1361 dixerunt
1942 1330 2098 1361 sacerdotes

1248 1381 1281 1409 ad
1304 1381 1413 1409 luditli:
1443 1381 1521 1408 Deus
1542 1381 1671 1409 Puerum
1692 1384 1863 1408 nostrorum
1884 1380 1929 1407 del
1950 1379 2002 1408 libi
2027 1387 2098 1416 yra-

1249 1428 1322 1455 lium
1344 1431 1368 1455 el
1390 1436 1471 1455 omne
1493 1427 1648 1455 consilium
1669 1427 1767 1456 cordis
1782 1427 1827 1454 tui
1839 1435 1897 1454 sua
1911 1426 2018 1454 virtute
2036 1434 2100 1454 cor-

1250 1474 1370 1501 roboret.
1388 1490 1423 1493 —
1442 1473 1603 1502 Consilium
1624 1473 1721 1502 cordis
1744 1473 1788 1501 tui
1808 1477 1876 1507 etc,
1899 1472 1926 1501 id
1947 1475 2004 1507 est,
2026 1472 2101 1509 quod

1250 1520 1320 1548 bene
1345 1520 1493 1556 concepisti
1515 1520 1541 1548 in
1564 1523 1669 1553 mente,
1691 1527 1837 1548 consumes
1858 1519 1886 1547 in
1907 1527 1999 1556 opere.
2028 1519 2101 1547 Psal-

1251 1574 1332 1594 mus:
1369 1566 1492 1594 Tribuat
1520 1567 1571 1595 libi
1597 1567 1758 1595 seeundum
1787 1575 1837 1595 cor
1859 1569 1941 1594 tuum
1967 1570 1993 1595 et
2019 1574 2102 1594 omne

1252 1612 1405 1640 consilium
1428 1616 1512 1640 cuum
1533 1613 1690 1649 confirmet.
1713 1613 1863 1642 Consilium
1885 1613 1953 1641 illud
1968 1612 2102 1649 superad-

1252 1659 1292 1687 dit
1316 1659 1530 1695 expeditionem.
1562 1676 1597 1680 —-
1626 1660 1739 1696 Triplex
1768 1663 1810 1688 est
1834 1659 1973 1696 operatio,
2000 1659 2104 1687 scilicet

1253 1706 1417 1734 discernere
1438 1708 1527 1739 recte,
1549 1705 1650 1743 eligere
1671 1707 1740 1735 bene
1762 1710 1789 1735 et
1807 1706 1948 1744 prosequi
1965 1705 2102 1742 expedite.

1255 1753 1316 1781 Ideo
1337 1752 1420 1780 dicit:
1442 1752 1578 1788 ‘Operata
1599 1756 1638 1780 est
1660 1752 1778 1781 consilio
1800 1761 1946 1781 manuum
1966 1760 2103 1780 suarum.

1255 1801 1312 1828 Non
1335 1800 1424 1828 solum
1446 1799 1570 1827 decrevit
1584 1802 1611 1827 et
1625 1799 1722 1836 eleyit,
1738 1799 1785 1828 sed
1797 1803 1955 1836 prosecuta
1969 1799 2105 1831 fuit.,Non

1255 1847 1358 1876 sufficit
1386 1846 1484 1874 bonam
1514 1846 1683 1874 voluntatem
1710 1846 1827 1880 habere,
1856 1846 1908 1875 nisi
1936 1846 2021 1874 homo
2042 1845 2107 1874 velit

1256 1902 1315 1923 eam
1337 1893 1470 1930 expedire
1492 1893 1519 1920 in
1541 1900 1637 1929 opere,
1659 1900 1673 1920 a
1695 1892 1798 1921 virtute
1820 1892 1986 1921 intellectiva
2000 1892 2027 1920 in
2042 1892 2106 1920 ass'e-

1257 1942 1357 1970 ctivam
1386 1943 1413 1968 ct
1440 1940 1474 1968 ab
1502 1939 1627 1967 affectiva
1655 1939 1681 1966 in
1703 1938 1900 1975 operationem.
1924 1939 2107 1975 Philosophus

1257 1988 1322 2016 dicit
1334 1988 1354 2021 ⁷,
1370 1987 1423 2015 tria
1434 1986 1467 2014 ad
1479 1986 1610 2014 virtutem
1626 1993 1685 2014 esse
1700 1985 1863 2019 necessaria,
1879 1986 1982 2014 scilicet
1998 1997 2010 2010 «
2021 1985 2106 2019 seire,

1258 2034 1325 2062 velle
1346 2037 1373 2062 et
1395 2032 1669 2070 impermutabiliter
1690 2031 1850 2068 operari».

1339 2082 1364 2108 ti.
1388 2081 1419 2108 Et
1440 2088 1493 2108 non
1516 2079 1604 2107 solum
1628 2078 1748 2115 explicat
1769 2078 1873 2106 donum
1895 2078 1999 2106 consilii
2019 2086 2107 2115 quan·
2119 2079 2237 2098 Parsss-De

1260 2130 1319 2155 tum
1342 2127 1375 2154 ad
1398 2130 1497 2154 (tectim
1516 2125 1691 2162 proprium,
1714 2125 1797 2152 immo
1818 2124 1899 2152 etiam
1922 2127 2058 2161 quantum
2074 2123 2108 2151 ad

1261 2178 1359 2201 (ictum
1378 2172 1623 2210 praeambulum,
1645 2179 1709 2200 cum
1730 2170 1813 2199 dicit:
1838 2170 1986 2206 Quaesivit
2007 2170 2108 2198 lanam

1261 2224 1286 2248 et
1301 2220 1402 2248 linum.
1420 2221 1503 2248 Luna
1519 2222 1572 2252 est,
1587 2219 1620 2247 de
1636 2227 1692 2255 qua
1706 2218 1737 2247 sit
1752 2218 1946 2247 vestimentum
1957 2225 2108 2254 gressuum

1262 2267 1354 2294 livium
1377 2269 1434 2299 est,
1454 2266 1488 2294 de
1510 2274 1565 2302 quo
1587 2265 1617 2293 fit
1638 2265 1834 2294 vestimentum
1854 2263 1965 2292 subtile.
1988 2263 2027 2291 De
2049 2263 2109 2291 lana

2101 633 2128 651 De
2139 632 2226 651 secundo.

2109 1194 2137 1213 De
2150 1193 2213 1213 tertio.

2116 1660 2191 1687 Triplex
2201 1665 2246 1684 ope-

2152 1686 2207 1703 ratio.

2128 2106 2171 2122 actu
2198 2108 2238 2121 rae-

2129 2127 2184 2145 amhn
2194 2131 2211 2145 ο.

2134 2265 2209 2289 Triplex
2221 2270 2251 2283 ve-

2118 2290 2225 2307 stimentum
2233 2290 2253 2307 et.

1263 2314 1294 2341 iit
1315 2313 1509 2341 vestimentum
1532 2312 1679 2345 calidum,
1701 2311 1734 2340 de
1756 2312 1811 2339 lino
1832 2311 2026 2340 vestimentum
2042 2309 2110 2337 deli-
2119 2312 2251 2335 intessissentia-

1264 2362 1370 2387 calum.
1394 2359 1475 2392 Item,
1497 2358 1531 2387 de
1553 2358 1615 2386 lana
1636 2358 1667 2386 fit
1687 2358 1882 2386 vestimentum
1898 2356 2110 2389 eaeci‘insecum,

1264 2406 1297 2434 de
1319 2406 1374 2434 lino
1401 2413 1467 2433 vero
1489 2405 1519 2433 sit
1540 2405 1735 2433 vestimentum
1764 2404 1955 2432 intrinsecum
1967 2403 1986 2430 Β.
2009 2403 2111 2431 Secun—

426 2578 433 2591 ¹
452 2580 519 2601 Prov.
536 2579 573 2605 31,
592 2578 627 2599 13.
645 2590 675 2594 -
692 2576 737 2599 Csr.
755 2577 786 2598 lli.
805 2576 866 2597 Sent.
883 2575 905 2597 d.
924 2574 960 2596 35.
978 2580 1001 2602 q.
1020 2573 1039 2595 4.

426 2617 434 2630 ²
453 2619 536 2640 Bonclli
555 2617 624 2639 habet
641 2619 728 2638 tantum
747 2616 793 2637 duo
811 2613 931 2636 membraz
949 2614 1065 2642 quantum
1081 2612 1113 2634 acl
1128 2613 1209 2635 actum

364 2656 524 2679 eilrz'nsecum
542 2657 563 2685 et
576 2655 725 2684 praecium...
743 2646 770 2676 el
781 2654 897 2682 quantum
914 2650 946 2674 ad
961 2652 1042 2673 acirim
1055 2650 1209 2673 intrinsecum

366 2696 387 2716 el
397 2693 531 2723 proprium.
544 2694 574 2715 A:
589 2693 620 2715 ad
632 2694 712 2715 siclum
722 2690 918 2721 praeambulum,
932 2690 1047 2718 quamtum
1061 2688 1125 2717 [haec
1137 2688 1208 2710 verba

366 2733 449 2755 dosunt
466 2733 487 2753 in
506 2731 531 2760 Β]
550 2731 581 2754 ad
592 2733 672 2754 actum
684 2730 852 2755 intrinsecum,
869 2730 890 2751 et
902 2729 1025 2757 quantum.
1038 2727 1125 2749 Deinde
1142 2726 1210 2749 codd.

368 2774 518 2797 transponunt
534 2769 664 2792 secundum
682 2771 733 2790 ante
750 2770 771 2790 et
788 2767 892 2790 [ortium.
909 2767 987 2788 Nostra
1006 2766 1070 2788 lectio
1087 2765 1211 2793 respondet

368 2810 448 2832 melius
466 2810 572 2837 sequenti
589 2808 731 2836 expositioni.
1030 2803 1039 2816 ¹³
1056 2804 1112 2832 Cap.
1130 2806 1156 2831 8,
1178 2804 1211 2825 12.

430 2846 439 2858 ⁴
457 2847 526 2874 Epist.
544 2848 558 2868 l.
575 2846 627 2869 Cor.
644 2846 669 2872 6,
690 2846 724 2867 12.
742 2847 764 2866 et
784 2844 822 2869 to,
839 2845 876 2865 22.
893 2844 961 2865 psov.
981 2843 1018 2871 15,
1037 2844 1076 2864 22:
1095 2842 1212 2870 Dissipan-

370 2889 406 2908 tur
423 2886 583 2913 cogitationes,
602 2884 641 2907 ubi
659 2890 703 2906 non
721 2886 755 2905 est
771 2883 899 2905 consilium.

433 2923 441 2935 ⁵
458 2924 514 2951 Cap.
532 2923 571 2949 40,
589 2923 626 2945 255.

1328 2570 1338 2583 Β
1355 2571 1411 2598 Cap.
1431 2571 1470 2597 10,
1489 2571 1511 2592 8.
1528 2581 1559 2586 -
1576 2570 1628 2598 Seq.
1645 2570 1709 2592 locus
1725 2571 1759 2591 est
1776 2568 1812 2590 Ps.
1830 2567 1871 2593 19,
1889 2567 1911 2589 5.

1328 2608 1336 2621 ⁷
1355 2609 1416 2631 Libr.
1436 2610 1459 2631 11.
1477 2608 1549 2630 Ethic.
1565 2614 1585 2630 c.
1604 2608 1624 2630 4.
1641 2608 1687 2631 Cir.
1704 2613 1774 2635 supra
1792 2612 1847 2634 pag.
1864 2606 1921 2631 323,
1939 2607 1991 2627 nota
2009 2605 2030 2626 6.

1329 2647 1338 2659 ⁸
1355 2649 1464 2675 August.,
1487 2648 1560 2669 Serm.
1578 2647 1614 2669 37.
1634 2647 1697 2675 (alias
1721 2645 1757 2668 45.
1778 2645 1808 2667 de
1829 2643 1940 2671 Diversis)
1964 2649 1985 2665 c.
2007 2643 2028 2665 5.
2046 2649 2068 2664 n.
2086 2642 2112 2664 6:

1267 2687 1358 2710 Lanam
1375 2687 1466 2708 carnale
1487 2686 1572 2714 aliquid
1596 2688 1664 2713 puto,
1686 2684 1762 2707 linum
1783 2682 1908 2711 spirituale.
1931 2683 1979 2704 lloc
2001 2681 2115 2703 coniicerc

1267 2726 1341 2748 audeo
1359 2731 1385 2747 ex
1400 2725 1481 2747 ordine
1492 2724 1682 2746 vestimentorum
1695 2725 1837 2748 nostrorum;
1854 2719 1969 2743 interiora
1984 2722 2036 2742 sunt
2053 2720 2113 2742 enim

1267 2766 1324 2787 linea
1343 2764 1491 2789 vestimenta,
1503 2763 1567 2785 lanea
1579 2761 1707 2786 exteriora.
1722 2759 1840 2789 Quidquid
1852 2765 1920 2781 carne
1937 2765 2074 2786 operamur,
2091 2758 2115 2780 in

1268 2805 1377 2830 promptu
1395 2804 1440 2827 est;
1458 2801 1573 2829 quidquid
1585 2800 1678 2828 spiritu,
1695 2800 1718 2821 in
1735 2801 1846 2821 secreto...
1864 2798 1925 2820 Lana
1943 2797 1983 2819 ista
2001 2800 2023 2819 et
2043 2797 2114 2819 tinum

1269 2842 1312 2863 hoc
1333 2841 1355 2862 in
1381 2839 1513 2868 Scripturas
1529 2839 1614 2861 sanetis
1631 2841 1665 2860 est
1682 2840 1723 2860 etc.
1741 2836 1786 2859 cfr.
1803 2836 1894 2864 isidor„
1911 2836 1972 2858 XIX.
1988 2835 2115 2863 Etymolog.

1269 2886 1289 2902 e.
1307 2879 1344 2901 27.
1356 2891 1386 2895 —
1398 2878 1430 2900 De
1447 2877 1529 2905 triplici
1546 2876 1691 2905 intelligentia
1703 2877 1744 2898 csr.
1760 2881 1831 2903 supra
1848 2874 1871 2896 in
1883 2874 1990 2897 Hexaem.
2007 2874 2080 2896 collat.
2094 2874 2116 2895 2.

1270 2925 1292 2940 n.
1310 2917 1347 2939 13.
1363 2922 1428 2944 seqq.
