2285 3398
824 216 1064 245 PROLEGOMENA
1086 216 1113 244 C.
1136 215 1175 243 lii.

542 296 564 318 ιι.

335 380 440 411 Codices
460 389 478 410 a
498 379 574 410 nobis
594 388 647 410 non
668 379 770 410 collati.

192 482 229 505 24.
247 482 370 505 Admontis
387 482 506 511 (Admont)
525 482 546 504 in
567 483 669 511 Austria,
687 482 823 505 bibliotheca
845 483 974 505 Monasterii

131 529 216 552 ordinis
232 529 303 552 sancti
321 529 448 557 Benedicti,
465 529 517 551 cod.
535 529 588 551 207.
604 530 674 551 chart.
691 536 751 552 saec.
769 529 819 552 XV.
841 530 891 551 sine
913 529 974 551 solio-

130 582 181 598 rum
198 576 363 599 numeratione.
380 588 411 592 —
427 575 491 598 Circa
513 575 658 598 medietatem
681 576 767 599 codicis
790 575 901 599 habetur:
918 577 974 599 Bre—

131 607 259 653 vito‘quium
276 622 404 652 theoloyye,
421 622 485 652 quod
506 622 604 652 confecit
625 623 733 652 eyreqius
755 623 836 647 doctor
854 624 973 647 Bomwen-

130 670 198 698 lura,
215 668 282 692 cuius
299 675 387 692 merces
404 668 435 692 sit
452 670 505 692 Deo.
522 669 600 693 Flecto
617 676 694 699 qenua
711 676 763 693 mea
779 673 821 693 etc.
834 671 869 692 Ad
886 671 972 692 calcem

130 717 235 739 additur:
249 717 277 740 Et
293 716 335 740 hec
350 716 405 747 finis
421 716 453 740 sit
469 716 493 739 in
511 716 581 740 laude
600 716 678 740 Patris
699 717 795 741 luminis
812 717 907 747 eiusque
919 717 975 740 Filii

131 763 241 787 benedicti
260 769 315 787 cum
335 763 431 793 Vir-aine
452 763 574 793 virqinum
596 763 646 786 eius
668 763 787 793 qenitricr,
803 764 872 787 salva
894 770 973 787 corre—

130 811 203 834 ctiont¹
219 817 267 834 non
283 810 408 834 incidaosa
424 812 466 834 etc.
485 810 588 834 Finitum
603 817 646 840 per
664 811 816 834 Cltorractum
834 811 896 834 Erst.

191 857 228 881 25.
245 858 344 886 Ibidem,
362 859 413 881 cod.
432 859 485 881 253.
502 858 601 881 membr.
619 859 639 881 in
659 859 695 881 soi.
708 865 767 881 saec.
779 859 838 881 XlV.
849 858 972 886 —incipit

130 906 165 928 soi.
178 906 199 928 5.
213 912 231 928 r.
243 905 291 928 sine
309 906 355 928 ullo
373 906 451 932 titulo;
464 906 486 927 in
498 906 542 928 llne
553 906 646 928 additur
657 914 661 928 :
676 905 779 935 Iz'oeplicit
795 904 971 934 Ilreviloqnium

129 952 155 976 de
171 952 324 982 intelliqentia
341 959 409 976 sacre
424 952 543 982 scripture
559 955 580 976 et
596 952 651 983 fidei
667 953 801 976 christiane.

190 1000 227 1022 26.
245 998 345 1027 Ibidem,
362 999 414 1021 cod.
432 999 484 1022 671.
507 999 607 1023 membr.
630 1006 690 1022 saec.
707 1000 767 1023 XiV.
788 1002 839 1022 ante
861 1000 922 1022 mcd.
940 1012 971 1016 —

128 1045 207 1073 incipit
225 1045 262 1068 sol.
282 1046 301 1067 Ι.
317 1051 336 1067 r.
354 1046 376 1067 ln
399 1046 442 1067 hoc
462 1046 531 1068 ctiam
552 1045 631 1068 codice
653 1046 766 1074 reperitur
787 1045 970 1068 additamentum

128 1092 245 1121 quoddam
263 1092 292 1114 ad
310 1098 361 1120 cap.
374 1092 395 1114 4.
407 1093 477 1120 partis
494 1093 522 1121 li,
534 1093 563 1115 dc
580 1099 627 1121 quo
645 1094 761 1122 loquimur
778 1093 833 1115 infra
846 1099 900 1121 pag.
912 1094 969 1121 222,

127 1142 179 1162 nota
197 1141 219 1162 2.
236 1140 260 1162 111
277 1139 322 1161 nne
340 1139 408 1161 huius
424 1139 561 1168 Breviioquii
578 1140 685 1161 nonnulla
702 1140 819 1162 deliciunt.

189 1186 227 1208 27.
244 1184 343 1213 Ibidem,
360 1185 412 1207 cod.
429 1185 482 1208 657.
499 1186 571 1208 chart.
595 1185 616 1207 in
643 1186 664 1208 4.
688 1192 748 1209 saec.
766 1187 815 1209 xv.
837 1187 923 1209 ineunt.
939 1199 970 1204 —

127 1232 189 1255 initio
206 1232 282 1254 nullus
299 1232 451 1260 praemittitur
468 1233 552 1259 titulus,
569 1232 610 1255 sed
622 1232 651 1255 ad
663 1233 747 1255 calcem
763 1232 871 1255 additur:
890 1233 969 1262 Empti-

126 1278 156 1302 cit
173 1278 350 1308 lii-eriloqm'nm
367 1279 539 1302 Bonarenture.

188 1326 226 1347 28.
244 1325 328 1348 AssIsii
344 1325 365 1347 in
383 1325 490 1353 Umbria,
508 1321 643 1348 bibliotheca
661 1325 793 1348 Conventus
810 1326 881 1348 sancti
904 1327 969 1348 Fran-

125 1372 190 1399 cisci,
207 1372 259 1394 cod.
276 1372 375 1395 membr.
393 1372 414 1394 in
433 1373 454 1395 8.
471 1372 530 1400 sign.
547 1379 569 1394 n.
586 1372 628 1399 25,
645 1373 753 1399 mutilus;
770 1378 796 1395 ex
822 1373 969 1402 Breviloquio

126 1422 250 1447 supersunt
271 1420 382 1448 prologus
403 1422 426 1442 ct
446 1420 544 1447 capitula
562 1419 669 1442 nonnulla
687 1419 776 1447 primae
793 1419 876 1448 partis,
894 1422 968 1442 cetera

126 1469 177 1489 sunt
194 1467 282 1488 avulsa.

188 1514 225 1536 29.
242 1512 359 1537 Atrebatis
377 1513 464 1541 (Arras)
485 1513 507 1535 in
529 1513 611 1541 Gallia,
629 1512 767 1534 bibliotheca
785 1511 899 1540 Civitatis,
917 1512 969 1535 cod.

126 1561 178 1584 322.
195 1560 293 1584 membr.
311 1561 334 1583 in
351 1562 373 1583 8.
391 1566 451 1583 saec.
468 1560 528 1583 xw.
543 1572 574 1577 —
591 1559 639 1582 Alia
657 1566 739 1582 manus
758 1560 871 1587 posterior
893 1560 970 1588 primo

126 1609 226 1631 notavit:
252 1607 394 1631 Bibliotheca
421 1606 560 1631 Monasterii
577 1606 655 1631 sancti

126 1656 212 1678 Deinde
228 1655 270 1677 eol.
288 1655 297 1677 i
305 1672 310 1677 .
321 1655 469 1683 prosequitur
480 1654 571 1683 antiqua
584 1660 680 1676 manus:
696 1653 780 1683 Incipit
792 1654 968 1684 Breciloquium

124 1701 208 1731 [ratris
227 1701 407 1729 Bonaventnre,-
425 1700 477 1722 hinc
499 1701 537 1723 sol.
559 1700 597 1723 54.
613 1707 637 1723 v.
659 1700 701 1722 col.
724 1701 745 1722 2.
767 1700 847 1723 addit:
864 1700 970 1730 Explicit

685 1606 778 1630 Vedasti
803 1606 969 1631 atrabatensis.

125 1747 301 1777 Breciloquium
310 1756 320 1776 ,·
331 1748 374 1770 alia
386 1753 469 1769 manus
480 1747 642 1776 prosequitur:
661 1747 695 1770 vel
706 1747 871 1777 compendium
884 1747 969 1770 theolo-

125 1795 168 1824 qie.
184 1794 221 1818 Sit
237 1794 278 1818 tibi
294 1794 348 1818 laus
365 1793 463 1822 Christe,
476 1793 532 1824 quia
548 1794 656 1818 conditus
672 1796 706 1818 est
720 1794 778 1818 liber
790 1794 839 1823 iste,
850 1801 866 1818 (ι
878 1796 899 1818 te
911 1794 968 1818 scri-

125 1841 186 1865 benti
201 1841 232 1864 da
249 1841 338 1871 yandia
357 1842 418 1864 Deus
432 1841 526 1870 petenti.

187 1889 224 1912 30.
240 1888 339 1917 Ibidem,
357 1889 410 1911 cod.
432 1889 496 1911 1015.
514 1889 612 1912 membr.
630 1890 654 1912 in
672 1889 692 1912 4.
710 1896 770 1913 sace.
784 1891 844 1914 XiV.
861 1903 892 1908 --
908 1891 968 1914 Anti-

124 1942 170 1964 quo
182 1936 262 1958 titulo:
280 1934 456 1965 Breriloqaiam
466 1936 580 1966 pauperis
592 1935 616 1959 in
632 1936 754 1966 scriptura
765 1943 849 1965 sacra,
866 1941 968 1960 recenter

124 1983 227 2006 additum
239 1985 273 2005 est
284 1989 369 2005 nornen
380 1983 488 2005 auctoris.
499 1982 576 2006 Codex
589 1985 623 2006 est
635 1984 741 2011 mutilus,
753 1983 836 2007 desunt
847 1984 908 2006 enim
918 1990 967 2012 par-

124 2032 157 2052 les
174 2032 235 2052 sexta
252 2032 274 2052 et
290 2029 395 2058 septima.

186 2076 223 2098 31.
240 2075 339 2104 Ibidem,
356 2076 410 2099 cod.
426 2075 480 2098 544.
496 2075 637 2098 membr..in
656 2076 677 2098 8.
694 2082 754 2098 saec.
772 2076 832 2099 XiV.
852 2089 884 2094 —
902 2077 967 2100 initio

124 2121 277 2151 praemittitur
294 2122 370 2145 titulus
386 2122 445 2145 sicut
460 2122 483 2144 in
495 2122 547 2144 cod.
559 2122 712 2150 praecedente
721 2123 771 2145 sine
782 2123 876 2146 nomine
892 2127 968 2146 aucto-

124 2169 167 2197 ris,
183 2171 205 2191 et
222 2168 299 2191 titulus
315 2169 426 2197 repetitur
450 2169 472 2191 in
495 2169 540 2191 line
559 2169 653 2191 verbis:
669 2169 775 2199 Explicit
790 2170 968 2200 Breriloquium

123 2215 244 2246 pauperis.

186 2264 224 2286 32.
242 2262 400 2292 Bamberqae,
417 2262 557 2285 bibliotheca
573 2262 688 2289 Civitatis,
703 2263 755 2286 cod.
767 2264 883 2288 B..v.·3t.·
895 2266 968 2288 chart.

126 2310 145 2333 in
165 2310 186 2333 4.
202 2316 263 2333 saec.
280 2310 331 2333 XV.
347 2323 379 2327 —
395 2311 433 2333 Est
450 2310 541 2333 titulus:
558 2309 736 2340 Breviloquium
750 2311 922 2335 Bonaecnturc
943 2312 968 2335 in

125 2361 197 2380 sacra
214 2356 345 2386 scriptura.
362 2357 449 2379 Desinit
466 2357 503 2379 sol.
521 2356 573 2379 104.
589 2363 613 2379 ν.
631 2360 656 2379 111
672 2357 695 2379 in
711 2357 787 2380 editis.

188 2403 226 2425 33.
242 2402 359 2431 Basileae,
379 2402 518 2426 bibliotheca
535 2403 639 2432 Publica,
656 2404 707 2427 cod.
725 2404 749 2426 B.
767 2405 805 2427 ix.
817 2405 855 2428 26.
870 2404 969 2428 membr.

126 2449 148 2471 in
162 2450 184 2472 8.
196 2456 255 2473 saec.
267 2451 324 2474 Xiii.
334 2462 366 2468 —
376 2451 530 2474 Praemittitur
540 2459 546 2473 :
556 2450 640 2481 Incipit
650 2451 827 2481 Breviloquium
837 2452 953 2482 pauperis
959 2461 969 2481 ;

126 2497 223 2526 scriptor
238 2503 298 2520 saec.
315 2497 367 2520 XV.
377 2497 457 2520 addit:
468 2497 639 2520 Bonaventure.
655 2498 682 2520 Et
696 2498 719 2521 in
732 2498 789 2522 line:
801 2498 906 2528 Explicit
916 2499 970 2523 Bre-

128 2543 256 2574 oiloquium
269 2544 355 2574 [rabis
373 2544 537 2568 Bonaventure
552 2543 670 2573 veneratis
686 2544 791 2568 ministri
806 2545 913 2575 fratrum
929 2545 969 2568 mi-

126 2596 221 2614 norum.

189 2639 227 2661 34.
244 2637 344 2667 Ibidem,
361 2639 413 2661 cod.
431 2638 455 2662 B.
473 2639 502 2661 X.
514 2638 551 2661 27.
562 2638 662 2662 membr.
672 2639 695 2662 in
708 2639 728 2662 4.
740 2646 827 2669 parvo,
838 2646 898 2663 saec.
910 2641 971 2663 XiV.

127 2685 211 2708 ineunt.
228 2697 259 2703 —
275 2685 328 2708 Post
344 2691 405 2714 opus
421 2685 525 2714 nugonis
541 2685 571 2708 de
582 2684 686 2708 Claustro
697 2686 802 2709 animae:
819 2685 904 2716 Incipit
914 2686 971 2709 Bre-

128 2731 256 2762 vitoqnium
272 2732 444 2756 Bonaeenture.
462 2732 540 2756 Flecto
559 2734 615 2759 etc.;
632 2732 780 2761 prosequitur
799 2735 824 2755 ut
845 2733 868 2755 in
890 2733 971 2756 editio-

126 2778 203 2802 nibus.

188 2825 226 2848 35.
243 2825 342 2854 Ibidem,
362 2826 415 2849 cod.
432 2827 458 2849 B.
473 2827 512 2850 ix.
523 2826 546 2849 7.
560 2825 659 2849 membr.
671 2826 692 2849 in
705 2827 727 2850 8.
738 2833 798 2850 saec.
810 2827 871 2850 XiV.
884 2827 970 2850 ineunt.

127 2883 156 2888 —
167 2871 213 2894 Fol.
225 2872 247 2895 3.
263 2878 295 2895 r.:
312 2872 397 2902 Incipit
410 2872 588 2903 Breviloquium
596 2872 712 2903 pauperis
722 2872 747 2896 in
758 2879 830 2897 sacra
840 2873 969 2904 scriptura.

127 2919 149 2941 in
165 2919 228 2942 calce
243 2919 350 2943 adiicitur
365 2920 510 2949 simpliciter:
527 2919 632 2950 Eszicit
647 2919 824 2951 breviloquium
837 2920 960 2952 pauperis.

188 2952 409 2996 36.11›1·dem,eo‹'1.
430 2967 457 2990 Α.
480 2967 508 2990 v.
532 2967 568 2989 16.
591 2967 662 2990 enarr.
685 2967 709 2990 in
730 2968 767 2990 roi.
789 2974 850 2991 saec.
872 2969 924 2992 xv.
940 2980 971 2986 -

128 3013 200 3037 Habet
216 3014 306 3038 titulum
332 3015 355 3037 in
379 3015 500 3043 superiore
524 3017 589 3044 parte
613 3014 676 3038 folii:
693 3015 778 3046 Incipit
793 3015 972 3046 Brevitoquium

1815 219 1868 247 xix

1030 299 1102 323 super
1119 292 1234 322 theoloqiu
1250 292 1338 316 editum
1352 299 1396 322 pei·
1413 292 1569 316 reverendum
1584 293 1705 318 dominam
1724 295 1869 319 cardinalem

1030 341 1221 364 Bonaventuram
1237 339 1328 363 ordt'm's
1343 340 1449 369 [ναῶ-11711
1466 340 1596 363 minorum.
1613 342 1696 364 Eadem
1719 343 1825 371 leguntur
1841 344 1870 365 ad

1030 388 1115 410 calcem
1133 387 1217 415 operis.

1092 435 1129 457 37,
1146 433 1245 462 Ibidem,
1263 434 1315 457 cod.
1332 436 1357 457 Α.
1374 435 1397 457 ii.
1410 436 1447 457 22.
1459 436 1531 458 chart.
1543 436 1564 458 in
1582 437 1618 458 iol.
1631 442 1689 459 saec.
1702 437 1751 459 XV.
1765 450 1793 453 —
1806 438 1871 460 Prac-

1030 481 1149 503 mittuntur
1166 480 1228 503 initio
1245 480 1329 503 verba:
1347 480 1522 510 Breviloqnium
1546 481 1607 504 Bone
1628 484 1736 510 venture,
1757 486 1779 506 et
1801 483 1872 506 subii-

1029 528 1119 551 ciuntur
1136 528 1187 550 lini:
1205 527 1309 557 Explicit
1325 527 1501 557 Breviloquium
1517 528 1602 557 fratris
1619 530 1682 553 Bone
1698 532 1801 553 renem-e.

1092 575 1128 596 38.
1146 573 1244 601 Ibidem,
1262 574 1313 596 (nd.
1337 575 1363 597 A.
1382 574 1420 597 Vl.
1442 575 1479 596 32.
1501 575 1572 597 chart.
1594 582 1654 598 saec.
1675 576 1724 598 XV.
1744 589 1774 593 —
1792 577 1871 605 incipit

1030 623 1054 642 ut
1074 620 1221 648 praecedens,
1238 621 1260 642 in
1278 620 1338 643 nne:
1355 620 1459 650 Explicit
1480 621 1656 650 Brevitoquium
1674 622 1787 652 pauperis
1809 623 1871 646 Rom·

1029 669 1132 691 venture.

1091 715 1128 737 30.
1146 715 1235 737 Bernac
1252 714 1274 736 in
1292 715 1404 743 helvetia,
1422 714 1557 737 bibliotheca
1579 715 1692 744 Civitatis,
1710 717 1761 739 cod.
1779 717 1832 740 271,
1848 718 1871 740 111

1029 763 1065 784 sol.
1082 761 1180 784 membr.
1197 768 1257 784 sarc.
1279 762 1338 784 XiV.
1355 774 1385 778 —
1401 761 1504 785 Continet
1526 763 1651 790 fragmenta
1674 766 1697 785 et
1717 767 1822 792 excerpta
1845 771 1871 787 ex

1029 808 1189 837 breviloquio;
1212 808 1355 831 inscribitur:
1376 808 1522 832 Viridarium
1544 809 1717 833 consolationis.
1738 810 1810 833 ilabet
1833 812 1871 833 ini-

1028 856 1100 878 tium:
1119 854 1236 883 Quoniam
1254 861 1322 878 omne
1336 857 1467 885 peccatum.

1091 902 1127 925 40.
1145 902 1260 929 Bet-otini,
1279 902 1414 925 bibliotheca
1432 903 1515 931 Regia,
1533 903 1584 926 cod.
1597 907 1663 926 incon.
1675 904 1710 926 iat.
1723 904 1759 927 84.
1772 909 1871 928 membr.

1028 949 1049 972 in
1069 950 1091 972 8.
1111 955 1170 972 saec.
1191 950 1246 972 ΧΙΙΙ.
1261 952 1351 972 exeunt.
1370 961 1402 966 —
1421 950 1552 973 inscribitur
1573 951 1621 973 sine
1643 951 1742 973 auctoris
1764 952 1870 974 nomine:

1026 996 1203 1026 Ri-eriloqainm
1218 996 1332 1026 pauperis
1349 996 1374 1019 in
1389 996 1518 1026 scriptura.
1536 998 1621 1020 Desunt
1640 998 1738 1026 capitula
1760 1000 1870 1026 septimae

1026 1043 1097 1071 partis
1115 1046 1205 1071 praeter
1222 1044 1331 1072 primum.

1090 1090 1127 1112 41.
1144 1089 1242 1118 Ibide-m,
1260 1091 1311 1114 cod.
1329 1091 1365 1114 fol.
1381 1091 1417 1114 lat.
1435 1092 1472 1114 79,
1489 1091 1587 1115 membr.
1600 1098 1659 1115 sacc.
1671 1093 1729 1115 XiV.
1741 1104 1772 1110 -—
1784 1094 1871 1115 necea<

1027 1143 1109 1159 manus
1125 1137 1239 1165 inscripsIt
1250 1139 1331 1161 sancto
1344 1138 1535 1166 Bonaeenturae,
1553 1139 1593 1161 sed
1610 1139 1701 1168 antiqua
1713 1140 1825 1162 exaravit:
1839 1140 1871 1162 Li-

1027 1184 1108 1212 bellus,
1131 1184 1173 1214 qni
1196 1185 1283 1208 dicitur
1300 1185 1477 1215 breviloquium
1500 1185 1662 1209 scientiarum.
1681 1187 1780 1209 Desinit:
1798 1186 1821 1209 in
1837 1194 1871 1210 se<

1027 1231 1088 1255 cula..
1107 1233 1189 1255 Amen.

1090 1278 1126 1301 42.
1144 1278 1242 1306 Ibidem,
1260 1279 1312 1302 cod.
1330 1279 1367 1302 iol.
1391 1280 1428 1301 lat.
1448 1279 1499 1302 172.
1520 1281 1592 1302 chart.
1608 1291 1639 1296 —
1657 1280 1694 1302 Est
1710 1280 1799 1303 titulus:
1818 1281 1872 1303 Bre-

1026 1324 1157 1354 vitoqeiium
1180 1325 1351 1348 Bonaeenture.
1368 1326 1465 1348 Additur
1482 1326 1510 1349 ad
1533 1327 1632 1349 calcem:
1648 1325 1753 1356 Eoeplicit
1769 1327 1872 1350 Brerilo-
1901 1355 1907 1361 ·

1027 1371 1109 1401 quium
1127 1371 1154 1394 de
1171 1371 1323 1401 intelligentia
1340 1378 1408 1395 sacre
1419 1372 1537 1401 scripture
1548 1374 1570 1396 et
1579 1372 1634 1403 fidei
1650 1372 1788 1401 christiane,
1802 1373 1870 1396 cuins

1026 1418 1105 1441 maim·
1119 1424 1179 1447 pars
1192 1424 1235 1447 per
1252 1418 1283 1441 Io.
1299 1419 1317 1441 T
1317 1418 1420 1447 ollemer,
1436 1420 1458 1442 et
1473 1419 1527 1449 finis
1537 1426 1580 1449 per
1593 1426 1629 1442 me
1641 1420 1667 1443 L.
1678 1420 1871 1450 Isonnyncpeters

1028 1465 1135 1489 Embrice
1156 1464 1259 1494 scriptus
1281 1466 1316 1488 est
1336 1471 1399 1488 anno
1423 1464 1499 1488 1446.
1522 1466 1605 1489 aetam
1622 1465 1667 1489 55.
1685 1466 1745 1496 feria
1768 1467 1870 1490 secanda

1024 1513 1078 1541 post
1095 1511 1243 1535 Dominicam
1261 1511 1365 1535 Iubilate.

1091 1559 1126 1581 43.
1144 1558 1231 1588 Brnyis
1243 1559 1264 1581 in
1277 1559 1364 1587 Belgio.
1377 1558 1513 1581 bibliotheca
1523 1559 1635 1587 Civitatis,
1647 1560 1699 1582 cod.
1709 1561 1761 1582 293.
1772 1560 1871 1583 membr.

1025 1612 1084 1628 sace.
1097 1606 1152 1628 Xlll.
1167 1605 1211 1627 sub
1228 1605 1280 1627 line.
1291 1617 1322 1622 —
1338 1605 1439 1633 scriptor
1457 1612 1539 1633 parum
1555 1606 1649 1635 antiquo
1667 1607 1779 1634 posterIor
1796 1607 1871 1635 posuit

1025 1659 1067 1681 pro
1084 1653 1160 1675 titulo:
1177 1651 1353 1682 Breviloquium
1370 1652 1541 1675 Bonaventure.
1558 1653 1634 1675 Desin.
1652 1653 1687 1675 soi.
1705 1653 1743 1676 81.
1759 1660 1781 1676 v.
1792 1654 1836 1676 col.
1848 1655 1870 1676 2.

1089 1700 1125 1723 44.
1142 1699 1276 1727 Bruxellis,
1300 1699 1436 1722 bibliotheca
1457 1700 1541 1728 Regia,
1563 1700 1616 1722 cod.
1638 1700 1691 1722 708.
1714 1701 1785 1723 chart.
1806 1701 1829 1723 in
1848 1701 1868 1723 4.

1025 1755 1085 1772 saec.
1109 1748 1160 1770 XV.
1179 1760 1210 1764 —
1230 1747 1309 1775 incipit
1336 1747 1373 1769 sol.
1397 1747 1450 1769 202.
1475 1753 1497 1769 v.
1520 1746 1564 1769 sub
1587 1747 1667 1769 titulo:
1692 1747 1869 1777 Breviloquium

1025 1795 1088 1818 Bone
1103 1794 1199 1823 sbi-tune
1214 1799 1287 1822 super
1302 1792 1430 1816 sentencias
1442 1793 1554 1822 mayistri
1569 1793 1640 1816 Petri.
1659 1794 1744 1816 Desinit
1762 1795 1798 1816 iol.
1817 1795 1871 1817 232.

1025 1848 1063 1864 v.:
1080 1840 1106 1863 in
1120 1840 1202 1864 secuta
1218 1839 1355 1863 seculorum
1372 1839 1512 1863 benedictus.
1528 1841 1610 1863 Amen.

1088 1888 1125 1911 45.
1142 1887 1241 1915 Ibidem,
1259 1887 1311 1910 cod.
1329 1887 1399 1909 2793.
1415 1886 1515 1909 membr.
1531 1893 1592 1910 saec.
1609 1887 1671 1912 XiV.
1683 1899 1714 1903 —
1726 1887 1872 1916 Breviloquio

1024 1936 1189 1965 praemittitur:
1206 1935 1291 1965 Incipit
1312 1936 1429 1958 tractatus
1448 1934 1563 1964 pauperis
1585 1934 1609 1957 in
1625 1934 1705 1957 divina
1720 1934 1829 1964 papium
1851 1937 1873 1957 et

1025 1983 1063 2005 sini
1080 1982 1212 2005 subiicitur:
1231 1981 1336 2012 Explicit
1352 1981 1409 2005 liber
1426 1981 1455 2005 de
1472 1981 1629 2011 intotliyencia
1646 1980 1724 2004 divine
1744 1981 1870 2011 scripture.

1024 2031 1073 2054 Alia
1090 2037 1172 2053 manus
1192 2030 1323 2058 subiungit:
1342 2029 1447 2059 Eaepticit
1469 2028 1645 2059 Breviloqnium
1664 2029 1828 2052 Benacenlure
1845 2028 1873 2051 de

1024 2078 1182 2108 intelli'yencia
1202 2083 1272 2101 sacre
1288 2077 1419 2107 scripture,
1442 2076 1506 2107 quod
1526 2076 1597 2100 ctiam
1622 2082 1670 2099 non
1688 2075 1805 2099 immerito
1825 2075 1875 2099 dici

1021 2127 1099 2155 potest
1114 2124 1280 2156 compendium
1295 2125 1418 2148 rationum
1435 2124 1562 2154 theologie,
1580 2125 1679 2154 propter
1687 2123 1787 2153 pulcrius
1804 2124 1827 2146 et
1842 2123 1872 2153 es-

1023 2172 1108 2204 ficaccs
1123 2178 1191 2196 sacre
1207 2171 1322 2202 theologie
1337 2171 1442 2195 rationes
1459 2171 1484 2194 in
1500 2177 1526 2195 eo
1543 2170 1629 2201 ubique
1644 2171 1742 2201 positas.

1088 2219 1125 2242 46.
1142 2218 1236 2248 Ibidem,
1248 2219 1301 2242 cod.
1312 2219 1383 2242 3728.
1394 2221 1464 2242 chart.
1478 2218 1500 2240 in
1519 2218 1540 2241 4.
1555 2224 1615 2241 saec.
1627 2218 1727 2242 XV..-·-—
1735 2217 1817 2245 incipit
1836 2217 1873 2240 iol.

1025 2267 1078 2289 101.
1094 2273 1113 2289 r.
1125 2265 1174 2289 'sub
1191 2267 1269 2289 titulo:
1285 2266 1460 2296 Breviloqium,
1479 2265 1509 2288 ab
1526 2265 1567 2288 alia
1586 2270 1656 2287 manu
1671 2265 1779 2288 additur:
1797 2264 1873 2287 Bona-

1024 2314 1131 2336 ventnre.
1146 2313 1193 2335 Sed
1209 2313 1247 2335 fini
1265 2313 1340 2341 prima
1357 2319 1440 2335 manus
1456 2312 1554 2335 adiecit:
1572 2310 1677 2341 Explicit
1693 2310 1873 2340 Brevitoquium

1025 2358 1116 2382 domini
1129 2358 1304 2382 Bonaventnre.
1645 2377 1647 2379 v

1088 2404 1125 2428 47.
1142 2404 1307 2434 Budapestini,
1332 2405 1470 2428 bibliotheca
1488 2404 1574 2428 Musaei
1596 2402 1719 2435 Nationaiis
1735 2401 1873 2430 i-iungarici,

1025 2452 1085 2474 dicta
1103 2452 1277 2480 Szechenynna‚
1288 2452 1341 2475 cod.
1353 2453 1390 2475 lat.
1402 2452 1442 2475 73.
1453 2451 1553 2475 membr.
1564 2451 1593 2474 in*
1605 2451 1627 2473 8.
1638 2449 1769 2473 saec.›XlV.
1779 2460 1810 2466 —
1822 2448 1874 2472 Post

1025 2506 1086 2528 opus
1101 2499 1238 2529 Centiioquii
1255 2499 1299 2522 sub
1315 2500 1409 2522 nomine
1425 2499 1497 2522 sancti
1514 2499 1689 2522 Bonaventurae
1699 2496 1807 2525 sequitur<
1820 2496 1874 2518 Bre-

1027 2546 1155 2575 viioquium
1172 2547 1248 2569 eidem
1266 2547 1411 2575 inscriptum.

1091 2593 1128 2616 48.
1145 2593 1281 2624 Campolilii
1297 2594 1431 2623 (Lilienteld)
1449 2594 1472 2616 in
1489 2593 1596 2621 Austria,
1613 2592 1752 2614 bibliotheca
1764 2590 1873 2613 monaste-

1026 2641 1054 2664 rii
1071 2641 1268 2670 cisterciensium,
1285 2641 1337 2664 cod.
1354 2642 1406 2664 106.
1424 2642 1497 2664 chart.
1514 2641 1538 2663 in
1555 2640 1593 2663 roi.
1604 2649 1635 2657 -ι-
1655 2639 1756 2667 Scriptor
1772 2636 1873 2660 Brevilo-

1027 2688 1082 2717 quio
1102 2688 1221 2716 praemisit
1237 2689 1297 2711 hanc
1313 2688 1430 2711 rubricam
1448 2689 1485 2711 tol.
1503 2688 1557 2710 166.
1573 2693 1608 2710 ν.;
1626 2684 1773 2710 Confinentut
1794 2681 1872 2706 Brevi-

1028 2734 1102 2764 quuii
1117 2735 1289 2758 Bonaventure.
1306 2734 1439 2759 Mis-terium
1455 2733 1553 2758 Deitatis
1569 2731 1729 2761 contemplare
1744 2728 1820 2761 fidelis
1843 2740 1874 2746 —

1028 2781 1102 2805 Cerne
1118 2783 1255 2805 creaturam
1271 2781 1368 2811 mundi,
1392 2781 1484 2805 mirare
1499 2782 1619 2805 creantem
1635 2790 1666 2796 —
1682 2776 1819 2807 spirituum
1835 2781 1874 2799 ca-

1026 2834 1092 2857 sum,
1110 2828 1205 2858 lapsum
1216 2828 1330 2853 meditare
1338 2829 1468 2859 parentum
1479 2840 1511 2845 —
1526 2826 1627 2850 Verbum
1643 2825 1873 2853 carnaluni‚1yenus

1027 2875 1162 2899 humanum
1177 2877 1320 2905 reparatum
1330 2887 1362 2893 -
1373 2875 1470 2902 Gratia,
1487 2874 1599 2901 virtutes,
1616 2878 1676 2902 quae
1687 2871 1734 2895 sint
1748 2870 1871 2900 precepta,

1024 2921 1126 2952 petenda
1135 2933 1168 2939 —
1179 2922 1336 2946 Sacramenta
1352 2927 1411 2945 nove
1428 2921 1486 2951 leuis
1502 2927 1546 2945 ceu
1561 2926 1621 2944 vasa
1636 2917 1723 2943 salutis
1739 2929 1771 2936 ·—
1788 2915 1874 2941 Gloria

1027 2967 1117 2992 celestis
1133 2970 1155 2992 et
1166 2968 1245 2999 quatis
1253 2974 1317 2999 pena
1330 2967 1467 2998 perhennis.
1478 2968 1551 2991 Etiam
1568 2967 1607 2990 nni
1620 2965 1705 2995 placuit
1716 2965 1755 2994 pio
1766 2963 1873 2992 scriptori

1028 3015 1114 3039 addere
1130 3016 1188 3038 haec
1208 3015 1266 3039 alia:
1289 3015 1310 3039 0
1325 3013 1402 3038 dulcis
1424 3014 1528 3043 Christe,
1545 3020 1583 3037 me
1599 3014 1675 3037 tecum
1697 3011 1780 3041 flagito
1801 3010 1870 3038 siste,
