2285 3398
49 1497 115 1516 'rhesis
128 1497 146 1515 ¹.

47 1730 112 1749 'rhesis
125 1730 143 1749 2.

79 2058 142 2077 Ratio.

15 2105 51 2124 Pro
64 2107 144 2130 utraque

52 2129 108 2149 thesi.

15 2340 58 2361 Tria
66 2345 145 2359 concur-

27 2365 70 2390 runt
77 2363 102 2382 ad
114 2369 145 2383 sa-

26 2389 129 2406 nationem.

911 192 991 220 PARS
1013 191 1054 220 Vl.
1077 191 1104 219 C'.
1127 191 1166 219 ΙΙΙ.

161 273 253 304 actus3
278 270 342 299 hinc
363 273 419 305 est,
446 270 518 307 quod
548 270 635 307 gratia
666 271 893 307 superveniente,
916 273 1009 298 vetera

161 318 337 345 Sacramenta
358 320 385 346 et
406 317 483 353 signa
504 317 615 354 impleta
636 321 701 345 sunt
722 317 825 354 parit&
847 320 873 346 et
888 317 1008 349 sublata,

160 364 226 401 quia
241 364 319 401 signa
332 368 411 393 erant
421 365 608 401 11›·‹›9n‹›.s·n‘‹,·a
621 365 780 393 futurorum
796 368 823 393 et
837 364 914 401 quasi
931 372 1009 401 prae-

160 411 316 439 nuntiantia
337 412 370 439 de
393 411 579 448 longiuqu‹›¹;
594 415 621 440 et
642 420 712 440 nova
733 411 912 440 nihilominus
934 410 1010 439 insti-

162 461 221 486 tuta
249 461 380 494 tanquam
411 458 641 486 clema›tvo-atum
673 458 825 494 praesentis
855 457 958 494 gratiae
983 460 1011 485 et

162 505 385 534 rememorativa
413 505 532 541 quodam
565 505 645 533 modo
678 504 810 541 passionis
841 504 1010 538 dominicae,

160 560 231 589 quae
250 553 309 580 fons
330 555 371 580 est
392 555 419 580 ct
440 552 517 588 origo
532 551 634 587 gratiae
649 552 789 580 curativac
805 551 861 580 sive
877 551 903 579 in
919 551 1010 584 nobis,

161 599 218 627 sive
240 599 265 627 in
289 599 332 627 his
353 599 400 635 qui
423 602 633 635 praecesserunt
654 598 755 626 Christi
777 598 942 632 adventum;
963 598 1011 626 scd

162 646 188 673 in
211 646 254 674 his
275 646 321 682 qui
345 649 568 682 [naccesser11nt,
591 649 721 682 tanquam
744 646 864 682 pretium
884 645 1011 682 promis-

161 701 242 725 sum,
266 693 291 720 in
315 693 357 720 his
379 693 425 729 qui
449 696 615 729 sequuntur,
639 695 768 729 tanquam
799 692 919 729 pretium
946 701 1012 729 per-

161 739 296 767 solutum.
324 740 354 768 Et
382 740 512 776 quoniam
543 748 597 767 non
628 739 745 768 debetur
777 739 865 776 gratia
896 739 1011 776 promis-

163 785 230 813 sioni
254 786 332 822 pretii
357 786 407 814 nisi
431 786 536 814 ratione
560 785 766 822 persolutionis;
783 789 810 814 et
827 785 1011 814 abundantior

162 832 279 860 debetur
302 834 442 869 persoluto
470 832 558 869 pretio
579 841 662 869 quam
692 833 842 869 promisso:
870 833 931 860 hinc
954 835 1010 866 est,

163 879 236 915 quod
265 879 354 915 passio
385 879 487 907 Christi
518 879 703 908 immediatius
734 879 885 907 sanctificat
916 880 1010 907 Sacra-

162 929 255 954 menta
277 926 407 962 temporis
439 926 505 961 legis
526 934 612 954 novae
643 929 670 954 ct
698 925 836 962 pleniori²
867 926 956 962 gratia
984 925 1010 953 in

162 973 201 1001 eis
232 973 375 1001 redundat.
407 973 520 1009 Propter
548 972 621 1009 quod
650 972 695 1000 illa
722 975 959 1008 praeparaverunt
984 974 1011 1000 et

162 1019 357 1055 perduxerunt
379 1019 412 1047 ad
434 1020 516 1053 haec,
538 1019 609 1047 sicut
632 1019 675 1047 via
696 1019 729 1047 ad
751 1018 917 1051 terminum,
939 1018 1016 1059 sicut

163 1066 271 1102 signum
294 1066 327 1094 ad
349 1067 503 1104 signatum,
533 1067 604 1094 sicut
625 1066 715 1102 figura
742 1065 775 1093 ad
801 1064 962 1098 veritatem,
984 1068 1011 1093 et

163 1113 235 1141 sicut
256 1113 448 1149 imperfectum
471 1113 578 1141 reducit
592 1115 619 1140 et
634 1115 780 1149 praeparat
794 1111 827 1140 ad
847 1111 1010 1148 perfectum.

522 1230 587 1258 Car.
611 1230 650 1257 ΙΙΙ.

226 1331 266 1359 De
287 1331 548 1360 Sacranzcntorum
569 1339 691 1359 numero
712 1334 737 1358 et
757 1329 945 1358 distinctione.

240 1442 278 1470 De
293 1441 474 1469 distinctione
488 1443 580 1468 autem
595 1442 621 1468 et
635 1447 753 1467 numero
767 1439 1009 1467 Sacramentorum

159 1497 246 1518 novae
268 1489 335 1525 legis
363 1488 414 1516 hoc
442 1486 590 1515 tenendum
612 1489 669 1520 est,
691 1485 766 1523 quod
794 1485 853 1522 ipsa
880 1489 946 1514 sunt
967 1494 1010 1515 se-

159 1538 233 1572 ptem
262 1534 414 1564 secundum
439 1532 710 1569 correspondentiam
731 1532 766 1560 ad
787 1532 904 1569 gratiam
926 1533 1009 1569 septi-

158 1582 291 1615 formem,
312 1588 383 1618 quae
404 1587 453 1617 per
474 1579 661 1616 septenarium
677 1579 809 1616 temporis
830 1587 881 1608 nos
902 1579 1009 1609 reducit

158 1628 191 1656 ad
206 1627 389 1665 principium,
404 1626 525 1663 quietem
541 1629 568 1655 et
582 1626 719 1655 circulum
737 1626 922 1661 aeternitatis,
937 1627 1010 1656 sicut

157 1675 191 1703 ad
222 1677 345 1703 octavam
373 1673 587 1702 resurrectionis
618 1673 784 1702 universalis
794 1673 814 1701 ³.
841 1689 877 1694 —
903 1674 1008 1702 Horum

157 1729 224 1753 vero
251 1721 493 1750 Sacramentorum
523 1720 607 1749 ianua
633 1717 675 1748 est
702 1720 882 1757 baptimus,
910 1719 1008 1748 deinde

158 1767 356 1805 confirmatio,
378 1766 575 1801 eucharistia,
592 1767 781 1804 poenitentia,
796 1767 895 1806 unctio
916 1770 1007 1795 extre-

156 1824 223 1850 ma,
245 1815 316 1844 ordo
337 1817 364 1843 et
385 1814 626 1848 matrimonium,
647 1813 722 1850 quod
743 1813 806 1842 licet
826 1813 924 1841 ultimo
952 1813 1008 1841 col-

157 1863 264 1891 locetur
292 1864 406 1899 propter
427 1861 557 1889 morbum
585 1859 823 1896 concupiscentiae
850 1867 1006 1893 annexum,

157 1909 248 1946 ipsum
267 1912 359 1937 tamen
374 1908 426 1936 fuit
440 1910 503 1936 ante
521 1907 612 1935 omnia
633 1906 822 1935 introductum
837 1906 864 1935 in
880 1906 1008 1943 paradiso

157 1956 240 1985 etiam
260 1958 324 1984 ante
341 1957 494 1991 peccatum.
763 1982 767 1984 ,

237 2002 314 2030 Ratio
332 2004 425 2029 autem
440 1999 472 2028 ad
489 1999 696 2036 intelligentiam
717 1999 923 2036 praedictorum
938 2000 1007 2030 haec

156 2051 216 2078 est:
244 2048 310 2085 quia
337 2046 505 2084 principium
538 2048 665 2074 nostrum
694 2047 899 2083 reparativum,
927 2047 1006 2076 Chri-

156 2098 217 2125 stus
244 2094 394 2127 Dominus,
423 2093 545 2122 Verbum
575 2093 764 2128 incarnatum,
795 2101 859 2133 cum
891 2094 926 2123 sit
956 2095 1008 2123 Dei

156 2143 252 2171 virtus
273 2146 299 2170 et
318 2140 486 2178 sapicntia4
506 2144 533 2169 et
554 2140 743 2169 misericordia
763 2143 872 2175 nostra;
898 2141 937 2170 sic
958 2149 1006 2178 po-

157 2192 256 2223 tenter,
277 2188 316 2217 sic
337 2187 484 2225 sapienter,
505 2187 544 2215 sic
565 2186 724 2221 clementer,
745 2187 785 2216 sic
805 2187 934 2217 decenter
955 2196 1006 2217 sua

157 2235 238 2264 debet
258 2234 403 2264 instituere
425 2234 600 2262 Sacramenta
621 2233 649 2261 in
671 2234 729 2271 lege
742 2234 862 2271 gratiae,
878 2227 916 2263 ‘ut
936 2234 1005 2263 nihil

157 2290 273 2320 prorsus
293 2282 364 2310 desit
385 2280 526 2310 ‘curationi
555 2283 682 2315 nostrae,
709 2284 846 2318 quantum
875 2281 1005 2318 competit

156 2329 240 2359 statui
261 2328 415 2366 praesentis
436 2327 515 2355 vitae.
538 2327 575 2355 Ad
597 2327 746 2364 perfectam
771 2331 865 2357 autem
885 2328 1005 2357 curatio—

156 2384 219 2405 nem
240 2375 421 2413 aegritudinis
449 2377 622 2403 concurrunt
642 2375 710 2404 haec
738 2375 805 2409 tria,
827 2370 1004 2404 scilicet'eae-

153 2423 251 2461 pulsio
269 2421 475 2459 acyritudinis,
491 2421 666 2450 introductio
686 2421 823 2450 sanitatis
843 2425 871 2450 et
890 2430 1004 2450 conser-

218 2626 226 2640 ¹
244 2627 291 2651 Cfr.
308 2627 344 2649 lv.
363 2627 423 2648 Sent.
441 2626 465 2648 d.
483 2626 503 2648 4,
521 2632 543 2654 p.
562 2626 577 2648 l.
593 2632 617 2655 (ι.
635 2626 657 2648 2.
673 2625 704 2648 ad
721 2626 747 2654 4,
764 2626 804 2649 ubi
827 2627 908 2656 triplex
930 2635 1005 2657 genus

155 2666 275 2695 signorum
293 2665 493 2689 sacramentalium
510 2665 644 2693 explicatur:

217 2705 227 2719 ²
243 2705 287 2729 AC
298 2706 316 2728 T
331 2705 435 2735 plenior.
452 2705 488 2727 lK
498 2704 541 2726 LO
559 2704 667 2727 omittunt
682 2705 801 2736 temporis.
818 2702 841 2729 ln
859 2707 904 2730 tine
921 2713 972 2736 cap.
984 2708 1004 2731 D

155 2745 220 2768 addit
236 2744 424 2775 adipiscendum.

217 2782 227 2797 ⁸
244 2783 290 2807 Cir.
307 2790 377 2812 supra
394 2789 449 2812 pag.
467 2783 524 2810 203,
541 2785 594 2805 nota
614 2783 635 2805 8.
652 2785 675 2806 et
690 2790 715 2812 p.
731 2784 760 2807 V.
776 2790 795 2807 c.
809 2785 846 2808 to.
863 2785 886 2808 in
903 2785 956 2808 tine.
971 2798 1003 2803 —

155 2823 188 2845 De
205 2824 249 2846 hoc
266 2829 317 2852 cap.
334 2823 389 2845 ⁴vide
411 2823 447 2845 lV.
466 2823 527 2844 Sent.
545 2822 568 2844 d.
591 2823 614 2845 2.
630 2828 650 2845 a.
668 2822 695 2845 4„
711 2829 734 2852 q.
752 2824 774 2846 3.
789 2835 821 2841 —
838 2824 933 2849 Inferius
950 2826 1002 2848 voci

155 2861 317 2886 introductum
334 2862 350 2884 P
366 2862 474 2890 praefigit
490 2860 625 2884 institutum
642 2863 664 2884 el
680 2861 731 2890 (cfr.
747 2862 805 2885 Gen.
821 2863 848 2890 2,
866 2863 925 2893 211.),
938 2865 1002 2893 quod

155 2900 219 2928 Vat.,
237 2901 245 2923 t
267 2903 289 2923 et
306 2902 319 2924 3
337 2901 397 2923 circa
414 2901 483 2922 tinem
502 2906 553 2928 cap.
571 2900 647 2923 eidem
666 2900 717 2923 voci
735 2902 892 2929 praemittunt.

217 2938 226 2951 ⁴
244 2935 315 2968 Epist.
332 2941 345 2962 Ι.
364 2940 415 2962 Cor.
434 2941 455 2967 Ἰ,
473 2939 514 2967 24,
526 2939 565 2962 ubi
577 2940 701 2968 Apostolus
718 2940 783 2963 dicit:
804 2941 940 2965 «Christum
961 2942 1001 2965 Dei

154 2979 262 3001 vii-tutem
275 2982 297 3001 et
308 2979 349 3001 Dei
361 2979 496 3007 sapientiam
506 2987 527 3001 n.
539 2990 571 2995 —
583 2979 693 3007 Superius
705 2982 757 3008 post
767 2980 931 3010 repar-alivum
943 2982 1002 3010 Vat„

1855 191 1910 218 5267

1066 266 1144 297 'vatio
1157 269 1338 310 intrptluctac
1349 270 1454 298 sallitis
1462 269 1481 297 ⁵.
1496 285 1532 290 —-
1544 269 1664 297 Primum
1679 269 1771 305 igitur,
1783 269 1912 306 quoniam
1930 274 2054 295 (ammonita

1923 298 2023 320 septenarii
2032 303 2053 315 ez

1066 315 1099 344 ad
1122 316 1270 352 perfectam
1300 316 1469 344 curationem
1493 316 1612 353 perfecta
1632 319 1658 344 et
1687 315 1850 344 universalis
1871 323 1914 343 re·
1929 322 2045 362 ⁸‘²,¹,',²,2³,'{23''⁴'¹

1066 363 1190 400 quiritur
1211 363 1306 391 morbi
1327 363 1472 400 empulae,-
1494 366 1521 391 et
1535 363 1648 391 morbus
1669 366 1710 391 est
1731 362 1913 399 septiformis,
2015 358 2017 361 ’

1068 409 1169 445 triplex
1192 409 1362 446 culpabilis,
1384 410 1486 437 scilicet
1507 410 1588 445 elilim
1609 409 1765 445 originalis,
1792 409 1915 437 mortalis

1067 459 1094 484 et
1115 456 1244 490 venialis;
1266 459 1293 484 et
1307 457 1482 493 quadruplex
1503 456 1647 492 poenalis,
1663 457 1767 484 scilicet
1778 456 1915 492 Xignoran-

1069 503 1120 537 tia,
1135 503 1254 535 malitia,
1270 503 1415 531 infirmitas
1436 506 1463 531 et
1484 503 1720 539 concupiscentia3
1736 506 1763 531 et
1779 514 1792 527 «
1804 511 1858 531 non
1873 510 1915 530 sa-

1068 553 1114 579 nat
1135 551 1247 579 oculum
1266 550 1340 586 quod
1360 553 1442 577 sanat
1464 550 1662 583 calcaneum»,
1677 550 1749 578 sieut
1769 550 1835 578 dicit
1857 550 1915 578 Hie-

1069 597 1239 633 ronymusss:
1262 597 1326 625 hinc
1347 599 1404 630 est,
1426 597 1499 633 quod
1522 597 1658 632 oportuit,
1674 597 1798 625 adhiberi
1820 600 1916 625 eontra

1069 645 1136 672 haec
1157 643 1343 680 septenarium
1358 643 1622 672 medicamentorum
1645 644 1678 671 ad
1695 644 1769 672 hunc
1790 644 1915 680 septifor-

1068 699 1139 719 mem
1161 690 1290 719 morbum
1318 690 1426 726 plenius
1455 690 1668 727 expellendmn‚
1691 690 1793 719 scilicet
1821 694 1916 719 contra

1068 737 1228 774 originalem
1257 737 1452 774 baptismum,
1478 740 1575 765 contra
1602 737 1745 766 mortalem
1772 738 1916 774 poeniten-

1068 784 1157 817 tiam,
1178 787 1275 812 contra
1301 784 1434 813 venialem
1463 784 1627 812 unctionem
1652 788 1827 819 caetrcnmm,
1853 793 1916 813 con-

1069 834 1112 859 tra
1133 831 1315 867 ignorantiam
1337 831 1485 865 ortlimma,
1507 834 1604 859 contra
1624 831 1755 859 malitiam
1784 831 1916 859 cuchari—

1068 877 1171 911 stiam,
1191 881 1288 906 contra
1308 878 1497 906 infirmitatem
1519 878 1782 914 confirmationem.
1805 881 1832 906 et
1852 886 1916 906 con-

1070 927 1113 952 tra
1134 924 1383 961 concupiscentiam
1412 925 1651 959 nmtrimoniuni,
1673 925 1746 961 quod
1768 933 1827 953 eam
1851 928 1917 953 tem-

1070 974 1148 1006 perat
1169 973 1196 999 et
1217 974 1342 999 excusat.

1147 1018 1269 1051 Rursus,
1292 1018 1357 1054 quia
1384 1018 1505 1053 perfecta
1533 1018 1641 1046 curatio
1662 1026 1715 1046 non
1744 1021 1833 1054 potest
1858 1023 2059 1050 esseltern.e¹u,·u

1069 1064 1127 1092 sine
1149 1064 1328 1092 restitutione
1356 1065 1485 1101 intcyrac
1505 1065 1660 1097 sanitatis:
1688 1068 1715 1093 et
1737 1065 1838 1093 sanitas
1859 1066 1916 1093 ani-
1942 1049 2060 1089 {affigi-im-

1068 1117 1129 1137 mae
1151 1110 1257 1146 integra
1278 1110 1401 1138 consistit
1423 1110 1449 1138 in
1472 1118 1525 1138 usu
1540 1114 1643 1146 septem
1666 1111 1816 1145 virtutum,
1832 1111 1916 1139 trium

1068 1156 1171 1184 scilicet
1194 1156 1408 1192 theologicarum
1438 1160 1465 1184 et
1486 1159 1607 1192 quatuor
1628 1157 1825 1185 cardinalium:
1854 1158 1918 1186 hinc

1068 1205 1125 1236 est,
1147 1202 1221 1239 quod
1242 1203 1276 1231 ad
1297 1203 1398 1231 harum
1420 1210 1503 1231 nsum
1525 1211 1623 1231 sanum
1653 1204 1857 1232 restituendum
1878 1205 1919 1233 in-

1068 1249 1143 1277 stitui
1166 1249 1289 1285 oportuit
1310 1249 1470 1285 septiforme
1491 1250 1707 1278 Sacramentum.
1731 1251 1796 1279 Nam
1826 1251 1918 1289 bapti-

1068 1304 1151 1324 smus
1165 1296 1286 1324 sanando
1299 1296 1420 1332 disponit
1431 1296 1464 1324 ad
1478 1296 1573 1330 tidem,
1588 1297 1773 1333 confirmatio
1784 1298 1919 1335 adspem,

1067 1341 1249 1371 eucharistia
1270 1342 1303 1371 ad
1332 1343 1488 1377 caritatem,
1510 1344 1684 1380 poenitentia
1709 1344 1743 1372 ad
1771 1345 1919 1380 iustitiam,

1067 1389 1166 1417 unctio
1187 1393 1317 1418 extrema
1335 1389 1369 1418 ad
1390 1390 1640 1426 perseverantiam,
1662 1399 1734 1428 quae
1749 1395 1791 1420 est
1811 1392 1919 1421 fortitu-

1067 1435 1139 1464 dinis
1167 1436 1400 1473 complementum
1422 1440 1449 1465 et
1476 1445 1585 1466 summa
1596 1438 1616 1471 ⁷,
1639 1438 1711 1466 ordo
1738 1438 1772 1467 ad
1798 1439 1919 1475 pruden-

1068 1483 1150 1517 tiam,
1164 1483 1390 1512 matrimonium
1407 1484 1442 1512 ad
1457 1485 1668 1521 temperantiam
1689 1485 1919 1519 conservandam,

1067 1538 1151 1567 quam
1172 1530 1295 1559 maxime
1316 1531 1495 1568 persequitur
1510 1531 1657 1560 infirmitas
1678 1532 1786 1566 carnis,
1807 1532 1855 1561 sed
1869 1533 1918 1561 ho-

1066 1580 1159 1606 nestas
1181 1577 1315 1606 remediat
1335 1578 1506 1614 nuptiarum.

1146 1625 1299 1658 Postremo,
1330 1625 1461 1661 quoniam
1482 1625 1604 1661 perfecta
1634 1625 1741 1654 curatio
1772 1634 1833 1654 esse
1862 1631 1983 1655 nonltem.
1997 1636 2062 1650 exar-

1066 1674 1155 1707 potest
1173 1671 1232 1699 sine
1256 1671 1471 1699 conservatione
1491 1671 1597 1699 salutis
1611 1672 1812 1706 introductam
1833 1675 1861 1701 et
1874 1657 2061 1720 swffftilssasegrss

1066 1718 1109 1746 lus
1130 1717 1288 1746 introducta
1309 1717 1466 1746 conservari
1482 1726 1536 1746 non
1557 1721 1648 1755 potest
1662 1718 1689 1747 in
1711 1719 1842 1748 conflictu
1857 1727 1917 1749 cer·
1932 1707 1969 1720 ω’

1065 1764 1175 1792 taminis
1196 1764 1247 1793 nisi
1270 1764 1296 1792 in
1318 1764 1376 1793 acie
1398 1764 1547 1799 Ecclesiae,
1568 1773 1641 1802 quae
1660 1768 1702 1794 est
1724 1766 1863 1795 terribilis
1883 1771 1917 1795 ut

1064 1815 1233 1839 castrorum
1254 1811 1340 1840 acics.
1352 1812 1530 1845 ordinata⁸;
1551 1816 1579 1841 et
1599 1813 1652 1841 hoc
1678 1813 1791 1850 quidem
1814 1814 1845 1842 fit
1865 1822 1916 1851 per

1064 1857 1231 1895 septiformis
1255 1858 1360 1896 gratiae
1384 1862 1571 1888 armaturam:
1600 1859 1665 1888 hinc
1692 1863 1750 1895 est,
1772 1860 1847 1898 quod
1868 1869 1916 1890 ne-

1064 1912 1139 1934 cesse
1170 1908 1227 1939 est,
1259 1908 1364 1942 septem
1392 1913 1452 1934 esse
1484 1907 1666 1936 Sacramenta.
1695 1907 1762 1936 Nam
1790 1911 1822 1936 ut
1843 1908 1915 1937 haec

1063 1952 1135 1981 acies
1149 1952 1185 1982 sit
1199 1952 1319 1989 perfecte
1333 1956 1360 1982 et
1374 1953 1503 1983 continue
1524 1955 1708 1990 communita;
1723 1963 1787 1984 cum
1809 1948 1915 1985 constet

1063 2007 1099 2028 ex
1121 1999 1247 2036 partibus
1268 2000 1511 2037 corruptibilibus,
1527 2000 1630 2038 indiget
1644 2002 1828 2032 Sacramentis
1849 2012 1914 2031 mu-

1062 2046 1224 2081 nientibus,
1246 2046 1441 2075 relevantibus
1461 2050 1489 2076 et
1509 2048 1734 2077 renovantibus:
1755 2049 1913 2078 munientia

1064 2093 1117 2122 bus
1144 2096 1314 2130 pugnantes,
1340 2094 1534 2122 relevantibus
1560 2093 1688 2124 cadentes
1715 2098 1743 2125 et
1770 2105 1913 2125 renovan—

1063 2140 1140 2169 tibus
1168 2140 1324 2169 morientes.
1347 2141 1555 2170 Sacramentum
1583 2145 1677 2170 autem
1700 2143 1837 2172 muniens
1864 2147 1913 2173 aut

1061 2188 1152 2216 munit
1172 2187 1373 2225 ingredientes,
1395 2191 1422 2217 et
1443 2188 1481 2217 sic
1502 2191 1544 2217 est
1562 2188 1747 2226 baptis-mus:
1762 2194 1811 2219 aut
1831 2195 1911 2220 scan-

1062 2237 1117 2268 tcs,
1139 2237 1166 2263 et
1187 2234 1226 2263 sic
1246 2237 1288 2263 est
1308 2234 1511 2272 confirmatio;
1532 2238 1581 2264 aut
1594 2240 1743 2270 cat-cuntes,
1765 2240 1792 2265 et
1813 2237 1852 2266 sic
1870 2241 1912 2266 est

1061 2285 1190 2310 extrema
1211 2282 1318 2311 unctio.
1334 2298 1371 2303 —-
1387 2283 1595 2312 Sacramentum
1617 2275 1683 2312 vero
1711 2283 1843 2313 relevans
1862 2288 1911 2313 aut

1061 2328 1165 2357 relevat
1185 2337 1202 2357 a
1222 2337 1288 2359 casu
1308 2330 1429 2365 veniali,
1451 2333 1478 2359 et
1499 2330 1538 2359 sic
1553 2334 1594 2360 est
1614 2330 1811 2366 cuclta7·istic1-;
1832 2335 1882 2361 aut
1894 2340 1911 2360 a

1060 2375 1189 2410 mortali,
1201 2379 1229 2405 et
1243 2376 1282 2405 sic
1296 2379 1338 2406 est
1349 2377 1533 2414 poenitentia.
1546 2394 1583 2399 -
1595 2379 1802 2408 Sacramentum
1817 2382 1909 2408 autem

1061 2431 1206 2452 renovans
1227 2427 1276 2453 aut
1296 2427 1411 2454 renovat
1432 2425 1459 2453 in
1481 2434 1539 2454 esse
1559 2426 1726 2463 spirituali,
1755 2430 1781 2455 et
1803 2427 1841 2456 sic
1868 2429 1909 2456 est

1062 2630 1072 2652 4
1093 2633 1116 2653 et
1133 2631 1146 2653 3
1164 2630 1253 2653 addunt
1273 2632 1295 2654 el
1316 2630 1453 2655 curativum
1470 2634 1610 2656 nostrorum
1629 2631 1783 2661 morborum,
1805 2633 1908 2656 nonnulli

1061 2669 1129 2692 codd.
1146 2669 1241 2693 scilicet.

1123 2707 1133 2720 ⁶
1149 2708 1196 2732 Ctr.
1213 2712 1270 2732 tom.
1286 2709 1319 2732 ΙΙΙ.
1336 2716 1391 2738 pag.
1407 2710 1461 2738 750,
1478 2713 1532 2733 nota
1551 2711 1588 2733 tt.
1604 2710 1676 2733 verba
1693 2711 1824 2739 Augustini.

1122 2746 1132 2759 ⁰
1148 2748 1170 2770 ln
1192 2747 1323 2772 Comment.
1348 2749 1369 2772 in
1392 2750 1460 2772 Marc.
1483 2750 1512 2777 9,
1535 2750 1573 2773 28.
1595 2749 1667 2779 (inter
1691 2753 1762 2778 opera
1787 2750 1905 2779 Hieron.);

1060 2788 1100 2810 cfr.
1118 2790 1174 2809 tom.
1191 2787 1227 2810 Ν.
1246 2794 1300 2816 pag.
1318 2788 1360 2816 52,
1378 2791 1430 2811 nota
1448 2789 1469 2811 9.
1480 2789 1556 2813 -Βο
1573 2789 1699 2817 septiformi
1714 2788 1797 2811 morbo
1814 2790 1855 2811 cfr.
1872 2795 1907 2811 su-

1060 2832 1101 2854 pra
1118 2832 1143 2854 p.
1159 2826 1192 2849 lll.
1209 2832 1228 2849 e.
1247 2827 1275 2850 ,5.
1290 2830 1313 2849 et
1330 2828 1352 2850 8.
1370 2839 1403 2845 --
1422 2828 1517 2851 inferius
1540 2831 1592 2856 post
1608 2827 1734 2852 mortalem
1750 2828 1796 2850 BH
1818 2827 1907 2850 addunt

1059 2865 1184 2889 actualem.

1122 2903 1130 2916 ⁷
1149 2904 1164 2926 Ρ
1182 2904 1379 2934 complementum
1395 2912 1526 2930 summum.

1122 2941 1131 2954 ⁸
1148 2943 1234 2967 Cantic.
1251 2944 1277 2972 6,
1295 2945 1318 2967 3.
1334 2948 1356 2967 et
1373 2945 1395 2967 9.
