2285 3398
280 163 335 192 382

170 248 265 266 unimam.
278 243 346 268 sunt
362 240 389 273 ι;
411 239 462 267 hoc
484 246 537 266 non
558 236 624 265 dicit
644 235 737 272 aliqua
757 237 894 263 creatura.
910 250 947 254 —
962 234 1041 267 Item,
1056 233 1124 261 haec

279 286 388 315 diffusio
408 289 449 314 est
480 284 632 316 ultimata,
654 285 686 310 ut
716 281 762 310 det
786 280 957 318 producens,
989 279 1124 317 quidquid

279 335 380 370 potest;
395 334 523 361 creatura
543 333 636 358 autem
651 328 775 365 recipere
795 336 851 356 non
864 330 967 364 potest,
989 325 1124 364 quidquid

279 381 353 409 Deus
373 379 438 408 dare
458 380 554 415 potest.
577 376 652 405 Unde
673 375 745 404 sicut
762 377 883 412 punctus
903 374 937 403 ad
962 374 1061 403 lineam
1083 373 1124 401 ni-

280 428 319 456 hil
339 426 428 459 addit,
457 433 506 453 nec
526 424 608 452 etiam
635 423 709 451 mille
734 421 820 450 millia
847 420 1057 458 punctorum2;
1086 419 1125 447 sic

280 474 386 503 bonitas
407 474 550 501 creaturae
572 470 685 498 bonitati
706 468 845 498 Creatoris
859 468 927 496 nihil
948 467 1038 500 addit,
1060 466 1126 503 quia

281 520 388 548 finitum
404 518 509 547 infinito
530 517 598 546 nihil
613 516 696 545 addit.
719 516 790 553 Ergo
804 522 916 544 necesse
936 517 993 547 est,
1013 516 1044 541 ut
1058 513 1126 541 haec

280 565 388 595 diffusio
418 564 570 593 secundum
601 566 691 592 totum
718 571 802 600 posse
832 562 916 591 sitin
936 561 1045 601 aliquo,
1071 567 1126 596 quo

280 613 368 641 maius
389 611 501 648 eogitari
523 619 578 639 non
600 613 703 648 potest;
725 609 799 638 omni
820 612 914 637 autem
929 610 1058 636 creatura
1077 605 1126 633 ali-

281 659 347 696 quid
374 658 463 687 maius
484 657 597 694 cogitari
626 658 731 694 potest,
757 659 784 684 et
811 655 893 684 etiam
919 654 978 690 ipsa
998 654 1128 681 creatura

281 706 367 734 maior
389 713 417 733 se
438 704 552 741 cogitari
573 707 670 741 potest.
692 703 744 732 Sed
765 703 793 731 in
815 702 880 730 Filio
905 704 946 729 est
967 698 1127 736 productio,

281 753 352 781 sicut
372 752 400 780 in
422 752 509 780 Patre.
525 751 550 779 Si
566 758 633 787 ergo
647 750 725 778 Patre
746 749 815 777 nihil
829 747 919 776 maius
940 745 1053 783 cogitari
1069 747 1128 781 pot-

281 803 340 828 est:
369 806 435 835 ergo
457 806 506 827 nec
532 797 605 826 Filio.
635 797 661 825 Si
684 797 762 824 Pater
790 795 873 824 etiam
894 793 1021 822 ultimata
1047 792 1129 820 diffu-

282 846 358 875 sione
379 853 433 873 non
454 852 483 873 se
504 843 686 876 diffunderet,
708 842 847 879 perfectus
867 849 922 869 non
943 842 1023 868 esset.

365 893 408 920 12.
430 892 535 927 Quarta
548 889 658 918 diffusio
678 892 720 918 est
741 896 790 925 per
805 887 940 916 rationem
962 886 1128 914 dilectionis.

157 949 230 975 ,aazia
248 951 271 973 ομ
284 939 442 968 Necessario
462 938 536 967 enim
557 939 681 974 oportet,
704 935 778 973 quod
792 935 840 963 ubi
862 933 1003 963 beatitudo
1023 935 1078 966 est,
1093 932 1130 960 ibi

142 971 229 1013 Ῡέοιῗὲἷῖἒ-
243 970 402 1016 ⁶¹'summa
423 986 458 1014 sit
484 984 608 1018 dilectio,
634 987 661 1012 et
689 991 738 1020 per
767 988 939 1019 consequens
963 980 1072 1009 dilectio
1100 980 1131 1007 in

149 1040 407 1062 Dilectiotri-summo.
432 1033 476 1061 Est
496 1035 588 1061 autem
609 1031 718 1060 dilectio
739 1029 864 1066 reflexa,
886 1028 1061 1061 connexiva,
1083 1035 1132 1056 ca*

184 1064 233 1088 '³¹⁰¹'
285 1080 415 1108 ritatioa.
440 1078 605 1108 Connexiva
619 1077 728 1106 dilectio
748 1075 896 1113 perfectior
917 1078 974 1108 est,
990 1082 1046 1111 qua
1065 1074 1132 1102 alte-

286 1135 350 1155 rum
371 1126 469 1162 diligo,
490 1133 573 1162 quam
603 1124 725 1160 reflexa,
747 1131 803 1160 qua
825 1130 868 1151 me
895 1121 993 1158 dilig0;
1022 1120 1133 1149 carita-

287 1173 347 1201 tiva
367 1175 460 1201 autem
492 1171 638 1208 perfectior
659 1169 758 1199 ceteris
778 1172 835 1203 est,
860 1176 932 1205 quae
963 1167 1046 1196 habet
1066 1167 1133 1195 dile-

288 1222 363 1248 ctum
384 1222 412 1247 et
432 1218 630 1247 condilectum:
652 1224 718 1253 ergo
740 1216 806 1244 haec
827 1217 869 1243 est
896 1215 924 1243 in
944 1214 1051 1242 divinis.
1082 1214 1134 1242 Hac

288 1274 353 1304 ergo
373 1265 517 1295 dilectione
538 1265 616 1293 Pater
643 1263 731 1300 diligit
752 1262 865 1295 Filium,
887 1265 914 1291 et
941 1264 983 1290 est
1010 1260 1136 1289 infinitus

225 1320 276 1339 nem.
290 1313 372 1342 ardor
384 1313 404 1340 ³.
420 1316 458 1333 '——
473 1312 552 1345 ltem,
567 1313 609 1340 est
623 1311 659 1339 ibi
674 1310 783 1338 dilectio
792 1309 937 1346 gyratuz'ca,
951 1308 1056 1341 debita,
1069 1316 1135 1344 per-

224 1367 276 1386 imm.
289 1361 392 1389 mixta.
419 1375 455 1380 -
481 1359 559 1392 ltem,
581 1360 622 1386 est
643 1357 678 1386 ibi
700 1356 809 1385 dilectio
827 1364 926 1393 pura,
945 1355 1050 1392 plena,
1069 1363 1135 1391 per-

290 1407 382 1445 fecta,
404 1409 436 1435 ut
456 1406 571 1435 effluens
592 1408 619 1433 et
640 1404 744 1432 effluxa
765 1403 793 1431 in
814 1403 894 1436 Filio,
920 1405 952 1430 ut
977 1401 1087 1430 ressuxa
1108 1401 1135 1429 in

289 1453 392 1490 Spiritu
414 1455 516 1481 sancto.
539 1452 579 1480 Ex
608 1451 667 1480 istis
687 1450 840 1479 rationibus
861 1448 990 1477 omnibus
1017 1448 1048 1476 fit
1069 1447 1136 1476 illud

290 1499 434 1537 speculum
455 1498 554 1527 nobile.

372 1545 414 1574 13.
437 1545 483 1573 Est
503 1548 595 1573 autem
615 1543 699 1572 aliud
712 1542 872 1579 speculum,
888 1544 1086 1578 congregatum
1101 1549 1137 1569 ex

151 1592 402 1630 Pariusve-parvae.
425 1591 499 1620 Unde
520 1594 600 1624 nota,
628 1590 702 1627 quod
723 1589 785 1618 licet
806 1591 862 1617 tota
890 1588 1009 1616 Trinitas
1034 1587 1069 1616 sit
1097 1587 1137 1615 lu-

173 1624 280 1666 {ffnudniiufie'
293 1648 357 1669 men
385 1638 575 1676 intelliyendi,
598 1637 719 1666 Verbum
747 1640 837 1664 tamen
866 1635 1030 1663 naturaliter
1056 1634 1139 1663 habet

152 1670 427 1720 ilffssffisszirationem
441 1684 624 1722 exprimeiuli
634 1685 653 1711 4.
673 1683 768 1711 Omnis
782 1685 875 1711 autem
897 1684 1025 1710 creatura
1040 1681 1139 1709 clamat

153 1716 277 1741 ”mmm
293 1733 497 1770 generationem
525 1734 679 1764 aeternam,
707 1733 734 1759 et
765 1730 835 1758 hanc
856 1729 1019 1765 exprimunt
1047 1732 1074 1756 et
1095 1736 1139 1756 re-

162 1786 272 1806 Generatio-
293 1782 468 1817 praesentant
482 1778 625 1807 duodecim
640 1776 842 1814 generationes,
857 1784 927 1813 quas
941 1775 1097 1812 reperimus
1112 1775 1138 1803 in

154 1834 183 1875 ”in
183 1809 282 1875 ἒξεῑὲἶὲιιε
296 1826 438 1855 creaturis.
462 1825 507 1854 Est
527 1825 600 1853 enim
622 1824 730 1861 primus
757 1823 855 1852 modus
880 1821 1064 1859 generationis
1090 1830 1140 1858 per

198 1880 239 1898 hus.
296 1871 492 1910 diffusionem,
514 1871 652 1900 secundus
666 1878 715 1907 per
729 1870 958 1907 expressionem,
978 1868 1076 1897 tertius
1090 1876 1140 1905 per

294 1919 543 1956 propayationcm.

168 2018 286 2066 ἕὲωιέτὶῗὲἑ
299 2011 406 2040 caloris
426 2012 461 2040 ab
481 2011 558 2047 igne,
581 2014 611 2038 ut
631 2007 763 2045 fluntinis
783 2017 800 2037 a
826 2009 915 2042 fonte,
938 2011 969 2036 ut
994 2007 1098 2036 imbris
1125 2016 1141 2035 a

168 2066 285 2092 diffusionem
299 2058 372 2086 nube
392 2058 472 2094 plena
492 2058 549 2085 sive
571 2056 670 2085 rorida.
684 2072 720 2077 —-
733 2056 759 2084 ln
782 2056 871 2092 prima
884 2055 1029 2084 diffusione
1050 2054 1142 2083 deficit

163 2089 290 2139 εἶίῗῗὲᾞῖΐέ·
299 2104 479 2143 aequalitas,
500 2104 565 2140 quia
585 2103 719 2140 splendor
740 2111 799 2131 non
815 2106 952 2139 aequatur
974 2102 1037 2130 luci.
1054 2118 1090 2123 —
1114 2102 1141 2129 ln

181 2136 269 2154 ‘mmm'
299 2151 419 2180 secunda
432 2150 524 2178 deficit
539 2149 694 2183 intimitas,
716 2149 781 2186 quia
795 2149 874 2177 calor
896 2157 950 2177 non
965 2151 1007 2177 est
1028 2148 1142 2176 intimus

299 2198 353 2235 igni
375 2197 432 2226 sive
453 2200 484 2225 ut
504 2196 678 2229 informanti,
699 2196 755 2225 sive
777 2200 807 2224 ut
821 2195 984 2232 originanti;
1006 2197 1047 2223 est
1068 2195 1141 2223 enim

299 2244 433 2273 accidens
444 2244 463 2271 5.
476 2259 512 2263 —-
525 2243 553 2271 ln
575 2243 655 2270 tertia
668 2242 759 2271 delicit
772 2242 922 2276 simultas,
937 2242 1003 2278 quia
1017 2242 1077 2270 fons
1091 2241 1141 2269 dis-

300 2291 389 2320 i'undit
404 2298 433 2319 se
447 2298 497 2327 per
511 2292 619 2326 parles,
641 2297 694 2317 non
710 2292 783 2317 totus
804 2289 924 2317 insimul.
941 2305 976 2309 —
993 2289 1020 2316 ln
1043 2291 1143 2325 quarta

300 2337 392 2367 delicit
412 2336 578 2373 inteyritds,
599 2335 665 2372 quia
692 2343 745 2363 non
766 2338 822 2363 tota
842 2335 936 2371 pluvia
963 2335 1106 2363 excutitur
1126 2343 1143 2363 a

301 2384 390 2417 nube,
411 2383 495 2411 immo
516 2390 565 2419 per
585 2384 685 2418 guttas.
702 2398 737 2402 -
753 2382 851 2418 {ungas
865 2382 915 2410 has
936 2384 1056 2418 quatuor
1078 2389 1142 2410 con—

893 156 925 184 lN
947 148 1167 184 unxaiilviERON
1187 153 1349 183 COLLATIO
1371 141 1420 183 Xl.v

1181 232 1298 261 ditiones
1325 231 1359 259 ad
1387 238 1473 258 unam
1500 229 1690 263 diffusionem,
1711 237 1783 265 quae
1811 229 1846 258 sit
1869 229 2125 275 Splmlorisssssggffgff,
2140 234 2174 275 βξ.-

1182 278 1308 307 habentis
1329 276 1551 314 aequalitatem,
1573 275 1681 304 caloris
1700 275 1827 304 habentis
1848 276 2167 322 intimitatemagrtgewmant

1182 328 1210 353 et
1236 322 1525 356 substantialitatem,
1548 322 1640 351 rivuli
1660 323 1717 351 sive
1737 323 1820 352 fontis
1840 324 1967 354 habentis
1993 327 2033 354 si-
2046 309 2176 346 Μ’ἑῧῖῗθὲῒ

1182 370 1348 403 multatem,
1371 368 1475 397 imbris
1496 369 1624 397 habentis
1645 369 1855 407 integritatem:
1878 373 1905 399 et
1926 372 1963 400 sic
1986 373 2034 401 ha·
2070 364 2073 367 ’

1183 418 1231 446 bes
1253 416 1400 453 vestigium
1421 416 1606 453 generationis
1627 419 1764 445 aeternae.

1266 464 1308 491 15.
1338 462 1413 491 Unde
1441 463 1525 492 Filius
1551 463 1700 500 aliquando
1732 454 1910 501 comparatur
1941 465 2035 502 splen-
2048 464 2177 512 ‘fflnggffiffiffi

1183 510 1264 543 dori,
1285 509 1319 538 ad
1349 509 1486 538 Hebraeos
1507 510 1636 546 primo⁶:
1659 510 1717 545 Qui
1743 518 1810 538 cum
1838 511 1876 538 sit
1899 511 2035 548 splendor
2048 517 2094 530 ‘³¹¹¹-
2113 528 2115 530 -

1182 557 1295 595 yloriae
1316 559 1383 589 etc.;
1405 556 1553 593 aliquando
1573 556 1725 593 flammae,
1747 560 1779 586 ut
1800 558 1826 586 in
1849 558 1920 586 rubo
1936 558 2035 595 Moysi,

1184 604 1232 632 uhi
1253 603 1306 631 suit
1326 610 1459 639 expressa
1480 611 1598 639 persona
1619 604 1693 638 Filii;
1715 604 1863 641 aliquando
1882 604 1973 641 fluvio
1993 606 2035 634 vel

1184 650 1268 683 fonti,
1290 652 1321 678 ut
1350 649 1377 677 in
1398 650 1512 678 Genesi:
1536 651 1612 679 Fons
1640 651 1812 679 ascendebat
1832 651 1866 679 cle
1887 654 1984 685 terra,
2012 656 2038 680 et

1184 696 1294 733 fluvius
1323 696 1525 733 eyrediebatur
1546 697 1579 724 de
1606 697 1666 725 loco
1687 697 1844 734 voluptatis
1851 707 1861 730 ,·
1889 698 2037 734 aliquando

1186 743 1290 777 imbri,
1306 746 1338 772 ut
1353 743 1379 771 in
1402 743 1484 771 lsaia:
1502 743 1649 779 Quomodo
1669 744 1813 773 descendit
1828 744 1919 772 imber
1940 748 1964 772 ct
1985 745 2037 773 nix

1186 791 1220 819 de
1240 790 1317 819 caclo
1338 794 1362 819 ct
1384 790 1442 818 illic
1463 790 1544 818 ultra
1565 799 1623 819 non
1651 791 1817 825 revertitur,
1839 792 1888 820 scd
1913 791 2038 820 inebriat

1188 841 1299 866 terram
1319 840 1388 872 etc„
1416 840 1443 865 et
1464 837 1609 874 sequitur:
1632 838 1680 866 Sic
1704 838 1760 866 erit
1781 838 1900 866 uerbum
1921 847 2037 873 meum,

1187 884 1264 922 quod
1284 884 1433 922 eyreditur
1454 884 1488 912 dc
1502 893 1550 912 ore
1570 893 1647 918 meo,
1669 884 1820 923 scilicetde
1842 884 1924 913 corde
1943 884 2037 913 Patris.

1271 931 1314 959 16.
1337 930 1480 959 Secundus
1495 930 1594 959 modus
1614 934 1655 960 est
1673 940 1723 968 per
1744 931 1857 960 modum
1878 931 2038 968 expressio·
2051 931 2182 979 persegssgffgg

1188 978 1252 1006 nis:
1275 980 1306 1006 ut
1325 977 1429 1014 speciei
1442 977 1477 1006 ab
1497 978 1619 1012 obiecto,
1642 981 1673 1007 ut
1688 978 1829 1016 imayinis
1850 986 1865 1006 a
1886 978 1992 1015 sigillo,
2008 980 2040 1007 ut
2051 978 2182 1021 {jfessfffflflffli-

1188 1025 1331 1053 sermonis
1351 1033 1367 1053 a
1388 1024 1534 1061 loquente,
1556 1028 1588 1053 ut
1608 1029 1759 1062 conceptus
1781 1025 1838 1053 sive
1863 1025 1999 1062 cogitatus
2023 1033 2040 1054 a

1190 1075 1289 1101 mente.
1306 1088 1343 1092 —
1359 1072 1390 1100 Et
1410 1072 1438 1100 in
1460 1072 1503 1100 his
1524 1075 1566 1100 est
1586 1072 1716 1101 deiectus.
1736 1072 1764 1100 ln
1780 1072 1870 1109 prima
1890 1071 1982 1101 deficit
1997 1072 2041 1100 rei

1189 1119 1315 1153 veritas,
1337 1118 1403 1155 quia
1424 1118 1529 1155 species
1550 1119 1577 1147 in
1590 1119 1679 1155 ⁴„oculo
1701 1119 1743 1147 vel
1765 1119 1793 1147 in
1814 1119 1906 1147 anima
1924 1127 1978 1147 non
1999 1122 2041 1147 est

1191 1166 1293 1194 veritas
1315 1165 1353 1193 rei
1370 1165 1389 1193 ⁷.
1407 1182 1443 1186 —-
1460 1165 1487 1193 ln
1509 1165 1630 1194 secunda
1650 1165 1743 1195 deficit
1762 1165 1953 1202 simplicitas,
1976 1165 2042 1203 quia

1191 1212 1281 1248 imago
1302 1212 1360 1240 sive
1381 1212 1470 1249 ligura
1492 1220 1545 1240 non
1565 1215 1607 1241 est
1628 1212 1656 1241 in
1677 1215 1781 1249 puncto
1802 1212 1845 1241 vel
1860 1212 1888 1240 in
1909 1211 2041 1249 simplici,

1192 1258 1240 1287 sed
1262 1262 1353 1295 partes
1374 1259 1464 1287 habet.
1482 1275 1518 1279 —
1535 1259 1561 1287 ln
1584 1259 1666 1288 tertia
1686 1259 1779 1288 delicit
1798 1259 1961 1293 stabilitas,
1977 1259 2043 1296 quia

1193 1313 1284 1334 sermo
1306 1306 1405 1334 transit
1419 1309 1446 1334 et
1466 1314 1521 1334 non
1543 1309 1642 1334 manet.
1659 1322 1696 1327 —
1713 1306 1740 1334 ln
1755 1310 1856 1343 quarta
1869 1306 1962 1335 delicit
1975 1305 2043 1334 snb-

1192 1352 1390 1386 stantialitas,
1412 1352 1477 1389 quia
1492 1355 1641 1389 conceptus
1662 1352 1762 1381 mentis
1777 1361 1830 1381 non
1852 1356 1894 1381 est
1915 1353 2042 1381 substau-

1193 1399 1243 1432 tia,
1265 1399 1307 1428 vel
1330 1399 1492 1436 hypostasis.
1513 1415 1549 1419 —
1572 1399 1685 1428 Auseras
1707 1400 1757 1428 lios
1777 1399 1900 1428 defectus
1925 1402 1952 1428 et
1973 1406 2043 1435 pone
2056 1398 2171 1441 Eggfflssffig‘F

1194 1445 1415 1482 expressionem,
1430 1453 1502 1482 quae
1523 1446 1558 1474 sit
1573 1448 1604 1474 ut
1624 1446 1729 1482 speciei
1741 1446 1776 1474 ab
1797 1445 1903 1474 obiecto
1919 1445 2044 1474 habentis

1194 1493 1359 1526 veritatem,
1382 1496 1414 1521 ut
1441 1493 1582 1530 imayinis
1603 1501 1619 1520 a
1639 1493 1728 1530 sigillo
1757 1493 1884 1521 habentis
1905 1492 2044 1529 simplici-

1196 1543 1298 1572 tatem,
1319 1543 1351 1567 ut
1375 1539 1518 1567 sermonis
1546 1547 1561 1567 a
1590 1539 1719 1576 loquente
1747 1539 1874 1568 habentis
1901 1539 2045 1567 stabilita-

1196 1589 1267 1618 tem,
1290 1588 1321 1613 ut
1342 1588 1494 1622 conceptus
1515 1593 1531 1613 a
1551 1588 1642 1614 mente
1665 1585 1791 1614 habentis
1810 1585 2045 1614 substantialita-

1196 1635 1267 1660 tem:
1289 1635 1316 1660 et
1338 1635 1404 1660 tunc
1426 1631 1539 1660 habebis
1560 1632 1675 1660 alteram
1698 1636 1805 1668 partem
1826 1632 1939 1669 speculi.

1280 1680 1321 1706 17.
1344 1678 1382 1707 De
1404 1678 1510 1714 primo,
1527 1678 1650 1707 Psalmus
1661 1678 1687 1706 8:
1711 1680 1864 1708 Eructavit
1884 1688 2045 1708 cormeum
2058 1679 2189 1726 ffinfflssfflff

1195 1724 1316 1753 verbum
1337 1724 1460 1758 bonum,
1475 1727 1503 1753 et
1524 1725 1667 1762 sequitur:
1687 1725 1839 1762 Speciosus
1859 1725 1960 1762 forma
1973 1735 2046 1763 prae
2058 1731 2105 1744 ‘³¹¹¹-

1195 1771 1266 1808 filiis
1287 1770 1446 1799 hominum.
1463 1787 1499 1792 —
1519 1771 1557 1799 De
1579 1771 1716 1805 secundo,
1738 1771 1890 1808 Sapientiae
1915 1773 2046 1809 septimo:

1199 1818 1317 1847 Candor
1338 1822 1378 1846 est
1400 1818 1474 1846 lucis
1489 1823 1623 1847 aeternae
1643 1822 1667 1846 et
1688 1818 1838 1856 speculum
1852 1818 1914 1847 sinc
1928 1820 2047 1848 macula

1168 1904 1169 1908 Ἰ
1197 1869 1223 1893 et
1254 1865 1352 1902 imayo
1384 1865 1521 1893 bonitatis
1552 1865 1653 1898 illius;
1684 1869 1711 1894 el
1743 1866 1902 1902 Apostolus:
1927 1866 1984 1902 Oui
2008 1870 2049 1895 est

1169 1909 1170 1916 ¹
1198 1912 1296 1949 imayo
1318 1911 1474 1940 invisibilis
1496 1912 1555 1940 Dei.
1572 1928 1608 1932 —
1628 1912 1667 1940 De
1689 1912 1786 1945 tertio,
1808 1912 1869 1940 loli:
1898 1912 1989 1940 Semel
2008 1913 2048 1941 lo-

378 1966 420 1993 lli.
444 1966 493 1994 Per
514 1964 714 2002 diffusionem,
736 1966 767 1991 ut
787 1962 950 1999 splendoris
971 1970 986 1990 a
1008 1962 1083 1993 luce,
1110 1964 1141 1989 ut
1169 1955 1170 1958 ¹

1198 1959 1300 1997 quitur
1334 1959 1409 1988 Deus
1435 1963 1461 1987 ct
1492 1959 1621 1996 idipsum
1645 1967 1703 1987 non
1736 1960 1842 1996 repetit.
1873 1960 1947 1988 Unde
1977 1968 2048 1996 pone

1198 2007 1225 2035 in
1248 2006 1325 2039 Filio,
1348 2006 1421 2043 quod
1443 2014 1552 2043 semper
1573 2007 1609 2035 sit
1623 2009 1650 2035 et
1664 2014 1718 2034 nou
1740 2005 1831 2035 deficit
1854 2014 1902 2035 nec
1920 2007 2046 2036 vertitur.

1199 2070 1236 2074 —-
1255 2056 1360 2089 Quarto
1392 2061 1462 2089 pone
1492 2053 1776 2081 substantialitatem.
1799 2053 1954 2090 Conceptus
1975 2054 2048 2082 enim

1198 2100 1297 2129 mentis
1311 2104 1440 2129 aeternae
1454 2103 1495 2128 est
1510 2099 1691 2138 hypostasis,
1706 2103 1734 2129 et
1748 2100 1798 2129 iste
1810 2103 1960 2136 conceptus
1972 2108 2049 2129 men-

1200 2147 1260 2175 talis
1274 2150 1316 2176 est
1330 2147 1530 2181 nobilissimus,
1553 2147 1777 2183 persectissimus.
1800 2146 1875 2175 Unde
1890 2147 1917 2175 in
1934 2147 2049 2175 Prover-

1200 2193 1288 2222 biis⁰z
1312 2193 1449 2222 Nondum
1470 2198 1556 2221 erant
1576 2193 1692 2231 abyssi,
1715 2197 1740 2222 et
1760 2202 1810 2231 690
1832 2193 1893 2221 iam
1912 2197 2048 2230 concepta

1198 2249 1289 2269 eram.
1306 2240 1457 2277 Aliquando
1471 2248 1537 2277 ergo
1553 2243 1667 2269 vocatur
1681 2240 1779 2277 silius,
1793 2239 1899 2277 species
1909 2262 1916 2273 ,
1936 2239 2048 2276 imagyo,

1198 2287 1316 2316 verbum
1339 2295 1461 2315 manens
1482 2287 1513 2315 in
1534 2290 1701 2320 aeternum,
1723 2290 1877 2323 conceptus
1898 2294 1964 2314 vero
1992 2294 2047 2314 non

1199 2334 1362 2368 inhaerens,
1384 2334 1431 2362 sed
1452 2333 1640 2362 substantialis
1667 2336 1694 2362 et
1719 2333 1882 2370 hypostasis.
1912 2333 1954 2361 Sic
1982 2340 2048 2369 ergo

1200 2381 1336 2409 habemus
1356 2380 1437 2409 aliam
1459 2383 1565 2417 partem
1587 2380 1700 2416 speculi.

364 2551 371 2564 ¹
390 2553 450 2574 toan.
469 2552 508 2578 16,
529 2550 570 2572 15:
588 2550 683 2576 Omnia,
700 2555 861 2578 quaecumque
879 2550 947 2572 habet
963 2554 1006 2572 etc.

364 2590 373 2603 ²
390 2590 436 2614 Csr.
452 2590 555 2616 Aristot„
573 2590 588 2611 l.
605 2589 633 2611 <le
651 2590 756 2610 (ienerat.
772 2591 794 2610 et
811 2592 912 2616 corrupt.
934 2592 986 2611 text.
1004 2590 1025 2611 8.
1044 2590 1072 2615 (c.
1091 2590 1124 2618 2.)
1136 2607 1142 2617 ‚

303 2631 334 2653 lll.
352 2631 450 2657 Metaph.
467 2631 519 2650 text.
538 2628 573 2649 16.
592 2628 623 2655 (ll.
642 2633 662 2648 c.
680 2627 702 2649 Ιι.
719 2627 740 2648 in
753 2627 807 2655 line)
820 2628 882 2649 etde
894 2627 968 2649 Lineis
981 2627 1142 2650 insecabilibus

304 2670 373 2693 (circa
390 2668 477 2696 tinem).
496 2667 554 2690 Vide
571 2667 639 2688 etiam
657 2666 688 2688 lll.
707 2666 768 2687 Sent.
786 2666 808 2688 d.
826 2666 848 2688 ss.
865 2666 921 2688 dub.
939 2667 959 2688 3.

365 2705 374 2718 ²³
391 2706 436 2729 Csr.
454 2707 469 2728 Ι.
486 2706 549 2727 Sciit.
565 2705 589 2727 d.
606 2706 628 2726 2.
645 2711 668 2732 q.
686 2704 707 2726 li.
728 2704 759 2725 De
782 2709 829 2732 seq.
852 2704 1010 2732 propositione
1033 2706 1085 2728 xide
1109 2706 1143 2728 Ri-

303 2746 382 2769 chard.
399 2752 412 2768 a
430 2746 453 2767 S.
469 2745 540 2771 Vict.;
558 2745 598 2766 cfr.
615 2749 685 2770 supra
703 2748 757 2770 pag.
775 2743 832 2769 311,
849 2746 900 2764 nota
923 2744 939 2764 1,

365 2783 375 2797 ⁴
391 2784 437 2807 Cir.
455 2784 469 2806 Ι.
487 2783 548 2805 Sent.
565 2782 589 2804 d.
608 2782 629 2804 6.
646 2788 669 2810 q.
688 2782 709 2803 3.
729 2784 750 2802 et
767 2781 789 2803 d.
807 2781 843 2803 27.
862 2787 884 2808 p.
902 2782 924 2802 ll.
942 2789 965 2810 q.
992 2783 1009 2803 l.
1032 2788 1097 2811 seqq.
1113 2795 1144 2799 —

304 2825 346 2846 l‘ro
363 2822 506 2846 naturaliter
524 2822 540 2843 B
550 2822 593 2843 DE
609 2819 779 2850 principaliter.

365 2860 375 2873 ⁶
392 2862 494 2888 Aristot.,
512 2861 542 2883 de
558 2857 700 2882 Praedicam.
717 2865 736 2880 c,
749 2858 776 2881 tle
789 2858 871 2886 Quali,
887 2858 965 2885 (locet,
983 2860 1081 2881 calorem
1094 2866 1144 2882 esse

304 2901 450 2931 qualitatem.
466 2900 512 2923 Csr.
529 2902 654 2926 Averroes,
672 2899 692 2921 in
712 2898 765 2921 Vlll.
783 2898 881 2926 Metapli.
899 2901 950 2920 text.
969 2898 990 2920 ¹2¹.

366 2938 376 2951 ⁶
394 2940 458 2961 Vers.
476 2940 497 2961 3.
514 2950 545 2955 —
562 2937 665 2960 Subinde
690 2936 809 2964 respicitur
831 2936 900 2958 Exod.
924 2937 950 2963 3,
968 2938 988 2958 2.
1008 2938 1057 2964 (cfr.
1075 2944 1143 2965 supra

1199 2551 1274 2572 collat.
1291 2551 1312 2572 3.
1330 2557 1352 2572 n.
1372 2550 1433 2578 l3.);
1451 2550 1562 2577 allegatur
1578 2550 1635 2571 Gen.
1653 2549 1680 2575 2,
1697 2548 1726 2569 6:
1745 2548 1804 2570 Fons
1821 2547 1961 2570 ascendebat
1977 2554 1990 2570 e
2008 2551 2049 2570 ter-

1199 2596 1239 2616 ra;
1256 2592 1279 2612 et
1295 2595 1318 2611 v.
1336 2590 1380 2611 -l02
1398 2590 1424 2611 Et
1441 2588 1526 2611 fluvius
1543 2591 1601 2615 ctc.;
1620 2588 1669 2610 lsai.
1687 2587 1729 2614 55,
1750 2587 1786 2609 10.
1803 2587 1912 2614 <Vulgata
1930 2587 1988 2610 illuc
2006 2593 2049 2615 pro

1200 2628 1258 2657 illic)
1276 2630 1298 2650 et
1319 2628 1356 2650 Μ.

1262 2666 1270 2679 ⁷
1288 2667 1392 2694 Aristot„
1411 2667 1443 2689 lll.
1468 2666 1497 2688 dc
1523 2666 1616 2691 Anima,
1643 2667 1695 2687 text.
1720 2665 1758 2687 38.
1787 2665 1816 2692 (c.
1836 2665 1882 2693 8.):
1901 2665 1997 2686 Necesse
2015 2666 2049 2686 est

1200 2709 1290 2733 autem,
1302 2711 1342 2728 aut
1359 2707 1420 2734 ipsas
1437 2704 1506 2735 [res]
1524 2708 1563 2727 aut
1580 2706 1665 2727 formas
1682 2710 1748 2731 esse;
1762 2704 1823 2732 ipsas
1840 2704 1908 2731 igitur
1925 2710 1971 2726 non
1983 2712 1988 2730 ;
2002 2709 2048 2725 non

1201 2746 1262 2768 enim
1280 2746 1338 2773 lapis
1355 2745 1377 2767 in
1394 2744 1471 2767 anima
1489 2747 1535 2771 est,
1553 2744 1595 2766 sed
1613 2745 1694 2766 torma.

1263 2782 1273 2796 ⁸
1290 2784 1373 2806 Psalm.
1391 2783 1433 2810 412,
1451 2784 1472 2805 2.
1489 2785 1512 2805 et
1529 2783 1550 2805 3.
1566 2794 1598 2799 -—
1615 2783 1667 2811 Seq.
1690 2783 1753 2804 locus
1776 2785 1810 2804 est
1832 2782 1887 2810 Sap.
1903 2781 1931 2808 7,
1948 2781 1990 2807 26,
2008 2779 2047 2802 ubi

1202 2822 1300 2849 Vulgata
1312 2824 1365 2850 post
1375 2821 1426 2844 sine
1437 2821 1533 2844 macula
1545 2820 1609 2843 addit
1620 2820 1664 2843 Dei
1673 2819 1816 2847 maiescum,-
1826 2820 1905 2842 tcrtius
1916 2818 1963 2841 Col.
1976 2819 1994 2844 1,
2005 2817 2048 2843 45;

1201 2863 1297 2889 quartus
1309 2860 1349 2883 loh
1369 2861 1410 2887 33,
1424 2860 1463 2882 lt:
1477 2860 1552 2882 Semel
1565 2859 1665 2888 loquitur
1677 2859 1738 2881 Deus
1751 2858 1885 2881 etsecundo
1895 2857 1995 2884 idipsum
2005 2858 2049 2877 ete.

1264 2898 1273 2911 ⁹
1290 2899 1346 2927 Cap.
1364 2900 1391 2926 8,
1408 2899 1446 2922 24.
1462 2911 1493 2915 —
1510 2898 1605 2921 lnserius
1627 2898 1747 2926 respicitur
1771 2897 1820 2919 lsai.
1839 2897 1880 2923 40,
1898 2896 1924 2917 8:
1943 2893 2046 2917 Verbum

1202 2934 1278 2960 autem
1297 2938 1387 2960 Domini
1406 2937 1476 2960 nostri
1495 2940 1572 2959 menet
1589 2937 1611 2958 in
1628 2939 1755 2958 aeternum.
