2285 3398
460 218 534 247 LVIII

519 297 540 319 2.
558 297 631 325 Super
654 299 781 326 Evangeliis
803 298 967 327 compendiosa
986 299 1168 328 Commentaria,
1188 301 1297 329 prolixius

458 349 513 366 vero
537 350 607 372 super
624 345 720 372 Lucam,
745 346 798 374 quia
824 351 879 373 prae
903 346 984 369 ceteris
1000 347 1150 375 Evangelistis
1174 348 1296 370 secretiora

457 392 525 414 multa
542 391 720 419 gloriosissimae
732 392 833 421 Virginis
844 393 938 420 Mariae,
955 394 1021 417 cuius
1033 395 1069 417 hic
1085 395 1121 417 vir
1138 396 1235 418 Sanctus
1247 395 1296 424 (Bo-

456 439 589 466 naventura)
607 438 770 461 devotissimus
787 442 846 468 erat,
864 440 931 462 veluti
951 441 1001 463 eius
1017 441 1093 463 scriba
1108 441 1246 469 praecipuus
1262 448 1296 465 ac-

455 484 553 507 curatius
565 486 703 514 penseripsit⁴
1130 514 1134 518 ¹

517 532 538 554 3.
556 532 630 560 Super
646 532 705 556 libro
727 534 821 557 Genesis
837 534 1016 563 Commentaria,
1032 542 1092 565 quae
1108 535 1136 558 de
1152 538 1238 565 septem
1259 536 1296 560 Vi-

454 578 557 602 sionibus
572 579 734 602 inscribuntur.

517 625 536 648 4.
555 625 667 654 Insignem
685 633 779 656 quoque
802 627 915 655 libellum,
932 622 971 657 (μῖἰ
989 628 1016 651 de
1034 635 1078 652 seoe
1095 629 1145 652 Alis
1167 629 1295 659 Seraphim

454 676 609 701 praenotatur.

515 720 537 742 5.
554 721 679 749 Egregium
696 728 755 750 opus
771 722 801 745 de
818 722 868 745 Vita
885 722 973 746 Christi.

515 768 536 789 6.
555 768 709 797 Breviloquia.

515 814 536 837 7.
555 816 579 837 Et
601 822 721 838 sermones
737 816 886 839 dominicales
908 823 978 845 super
995 818 1125 846 Evangeliis
1146 822 1169 841 et
1191 820 1295 848 Epistolis

453 862 520 885 totius
537 862 598 885 anni.
1192 893 1200 897 ἱ

515 910 535 931 8.
553 909 723 938 Compendium
736 911 838 933 veritatis
851 911 982 940 Scripturae
993 918 1084 940 sacrae,
1096 914 1159 942 quod
1171 914 1293 937 mirificum

451 962 510 984 opus
526 959 567 979 est.

513 1003 536 1025 9.
553 1002 646 1026 Librum
665 1004 694 1026 de
712 1004 792 1032 triplici
810 1007 868 1027 statu
887 1005 1062 1034 Religiosorum.

516 1050 553 1073 ⁴0.
569 1050 694 1079 Libellum,
716 1051 757 1080 qui
780 1051 898 1075 Stimulus
914 1052 1005 1075 amoris
1023 1053 1118 1081 dicitur,
1140 1053 1213 1082 igneis
1236 1061 1295 1083 pene

451 1097 528 1120 verbis
544 1100 613 1127 atque
630 1098 773 1121 caelestibus.

517 1146 549 1168 ΙΙ.
567 1146 708 1169 Itiuerarium
727 1147 809 1169 mentis
826 1147 847 1169 in
865 1154 890 1169 sc
907 1148 989 1176 ipsam.

517 1192 549 1214 1-2.
568 1193 593 1214 Et
610 1193 751 1215 itinerarium
770 1193 851 1216 mentis
870 1193 890 1215 iu
910 1194 991 1216 Deum.

516 1240 549 1262 13.
566 1240 708 1268 Opusculum
725 1247 821 1263 aureum
839 1241 868 1263 de
886 1240 974 1263 Arbore
991 1241 1051 1264 vitae
1068 1241 1157 1265 Christi.

516 1287 550 1309 14.
566 1287 692 1315 Apologiae
706 1287 790 1310 librum
809 1288 971 1316 peregregium
989 1289 1101 1312 adversus
1117 1290 1245 1312 Gerardum
1263 1290 1292 1312 de

450 1333 611 1360 Abbatisvitlu‚
629 1335 667 1363 qui
685 1337 762 1356 contra
781 1335 937 1357 mendicantes
954 1336 1080 1363 Religiosos
1093 1336 1292 1364 impudentissima

449 1381 544 1404 audacia
563 1381 671 1403 iuxchere
686 1384 707 1403 et
725 1381 827 1404 insectari
849 1382 968 1404 temerarie
985 1386 1166 1410 praesumserat,
1189 1383 1228 1412 qui
1247 1391 1291 1407 uon

450 1428 519 1450 modo
537 1428 578 1450 xiri
596 1428 667 1450 sancti
685 1428 796 1456 Apologia
814 1427 844 1450 ab
861 1428 959 1450 infandis
975 1429 1095 1451 calumniis
1111 1432 1133 1451 et
1149 1429 1292 1452 obtrectatio-

450 1474 518 1497 nibus
529 1475 641 1497 coercitus
657 1479 703 1503 cst,
715 1475 756 1497 sed
768 1475 835 1498 etiam
848 1475 925 1498 divina
939 1482 1035 1498 censura
1048 1476 1181 1504 mulctatus,
1192 1478 1291 1505 paralysi

449 1523 558 1551 lepraque
576 1528 699 1550 percussus
715 1523 805 1545 interiit.

516 1570 656 1598 t5.1togatu
682 1577 775 1599 quoque
797 1570 859 1598 regis
883 1571 990 1593 Franciae
1012 1571 1186 1594 devotissimum
1212 1571 1291 1594 Crucis

448 1623 520 1645 opus,
537 1617 599 1645 quod
617 1617 685 1639 ctiam
706 1623 717 1638 a
740 1618 843 1639 Romana
864 1617 974 1645 Ecclesia,
993 1617 1046 1639 nihil
1070 1617 1200 1645 immutato,
1217 1624 1291 1641 susce-

449 1667 513 1693 ptum
531 1667 571 1686 est.

520 1712 553 1734 16,
571 1713 596 1734 Et
608 1712 632 1734 13.
644 1711 756 1735 Francisci
775 1712 845 1734 vitam
858 1718 963 1734 sermone
975 1712 1141 1740 compendioso
1157 1712 1290 1741 descripsit,

447 1765 507 1788 quae
523 1762 545 1781 et
562 1759 678 1781 Breviario
695 1759 777 1781 inserta
792 1759 877 1786 passim
890 1759 972 1787 legitur
989 1759 1011 1782 in
1028 1759 1134 1783 Ecclesia.

514 1806 548 1828 17.
565 1806 636 1828 Aliam
649 1812 742 1834 quoque
753 1805 858 1828 eiusdem
871 1806 944 1828 Sancti
963 1806 1077 1834 prolixiori
1089 1813 1197 1829 sermone
1213 1807 1291 1830 litteris

449 1853 606 1875 demandavit.

514 1900 546 1921 18.
565 1899 734 1928 Eiirositioneni
753 1900 802 1922 sive
819 1900 995 1922 declarationem
1013 1901 1107 1928 regulae
1124 1901 1227 1923 Fratrum
1252 1901 1290 1923 Mi-

448 1953 540 1969 norum.

515 1993 548 2014 19.
565 1992 718 2020 Opust-ulum,
739 1993 802 2021 quod
820 1992 912 2021 incipit:
939 1992 1026 2021 Reliqc'o
1048 1992 1137 2015 munda
1162 1994 1183 2015 et
1208 1992 1289 2015 imma-

448 2038 536 2062 culam.

511 2086 548 2107 20.
566 2085 688 2114 Epistolam
706 2085 744 2107 toti
762 2085 841 2108 Ordini
859 2085 959 2107 mlssam.

511 2132 548 2153 2¹.
565 2132 687 2160 Epistulam
705 2132 784 2159 aliam,
801 2137 872 2160 quam
884 2131 913 2154 de
930 2137 1043 2154 consensu
1063 2134 1086 2153 et
1102 2131 1233 2154 delinitione
1250 2131 1288 2155 Ca-

448 2179 513 2207 pituli
530 2179 643 2207 generalis
660 2178 721 2201 misit
738 2185 778 2206 per
796 2181 868 2201 totum
885 2178 995 2200 Ordinem
1012 2181 1054 2200 etc.

830 2296 906 2318 xvut.

447 2397 481 2421 Ex
498 2397 606 2421 Ludovici
629 2397 723 2420 Prutoni
741 2396 791 2420 Ord.
810 2396 867 2420 Min.
885 2396 984 2427 Trilogio
1004 2395 1100 2427 animae,
1123 2396 1225 2427 impross.
1246 2395 1289 2419 No-

509 2440 633 2474 rimberssae
649 2450 688 2475 por
699 2444 754 2467 Ant.
766 2443 877 2472 Koborgor
894 2450 931 2466 ιιι.
950 2443 1010 2466 1498
1028 2443 1079 2471 (cfr.
1091 2442 1202 2466 Analecta
1215 2442 1288 2466 Fran-

510 2492 564 2515 cisc.
582 2492 611 2515 11.
627 2491 702 2516 anof.
718 2498 770 2521 pag.
787 2490 816 2514 VI
833 2492 911 2521 norff).

526 2622 530 2626 .
549 2605 570 2626 ln
588 2607 686 2633 quatuor
704 2603 773 2626 libros
791 2604 965 2626 Sententiarum.

527 2669 532 2673 .
549 2651 730 2679 Breviloquium.

513 2605 518 2626 l

510 2652 523 2673 ‘2

510 2698 532 2719 3.
548 2697 725 2725 Centiloquiuth.

511 2744 532 2766 4.
549 2744 690 2766 ltinerarium
709 2743 790 2765 mentis
808 2743 829 2764 in
848 2743 928 2764 Deum.

509 2792 523 2814 5

526 2809 531 2813 .
549 2792 580 2813 De
598 2791 703 2813 lucendio
720 2790 811 2812 amoris.

509 2839 530 2863 Q.
548 2837 645 2862 Libellus
661 2838 691 2860 de
708 2837 847 2859 heaut-tione
864 2837 946 2859 artium
964 2837 993 2859 ad
1011 2837 1170 2867 theologiam„

513 2893 529 2906 ι.
547 2884 704 2912 Soliloquium.

509 2932 530 2953 51.
549 2931 645 2958 Lignum
664 2932 735 2953 Vitae.

509 2977 530 2999 9.
548 2978 578 2999 De
596 2980 681 3005 septem
700 2977 811 3005 gradibus
827 2976 1037 3005 Contemplationis.

513 3025 546 3046 to.
566 3025 596 3046 De
614 3024 755 3052 Expositione
772 3024 880 3046 orationis
896 3023 1031 3046 domiuicae.

1417 304 1452 325 ll.

1416 352 1452 374 t2.

1416 399 1453 421 43.

1413 445 1452 469 Μ.

1413 771 1436 1028 Φςπψκψεοὲ-

1146 223 1384 253 PROLEGOMENA
1405 225 1432 253 C.
1456 225 1506 253 xii.

1471 304 1577 332 Legenda
1596 304 1676 327 mai0r.

1470 352 1575 379 Legenda
1595 352 1675 375 minor.

1463 399 1640 422 -Laudatorium⁴

1471 447 1564 469 Diversa
1582 448 1699 475 opuscula.

1742 543 1803 565 XIX.

1541 631 1575 655 Ex
1595 632 1731 656 norandini
1751 633 1777 656 (Io
1795 633 1877 657 Bautis
1900 633 2004 664 Rosci-io,

1620 678 1680 702 odito
1692 679 1794 703 Venetiin
1806 687 1843 703 un.
1857 680 1926 704 1498.

1454 772 1476 794 ln
1493 775 1593 801 quatuor
1610 773 1776 796 Sententiarum
1794 774 1871 797 libros.

1453 818 1551 841 Libellus
1567 819 1597 841 de
1614 820 1694 848 triplici
1710 824 1769 843 statu
1787 821 1961 850 Religiosorum.

1452 865 1520 888 Liber
1537 866 1566 888 de
1582 866 1706 890 Imitatione
1723 868 1804 890 Christi
1823 868 1859 897 (ξ’).

1453 913 1579 935 Declaratio
1596 913 1704 936 orationis
1720 915 1858 937 dominicae.

1453 960 1567 988 Expositio
1585 961 1686 988 Regulae
1702 966 1800 985 nostrae.

1429 1023 1435 1029 .
1452 1007 1557 1035 Legenda
1576 1008 1656 1030 maior.

1742 1102 1803 1124 xlx.

1388 1194 1480 1218 Ioannis
1494 1194 1629 1225 Trisstmmii,
1647 1194 1739 1218 abbatis
1756 1194 1959 1226 Spanheimhnsiu,
1976 1196 2014 1227 qui
2031 1195 2151 1227 complevit

1410 1336 1434 1773 ‘sofvflsesstsssszv-

1413 1759 1439 1827 ΣΞ

1413 1852 1438 1874 ’Ξ

1426 1867 1438 1874 Ι.

1408 1900 1421 2251 ,θ-ὠ-..ὲ-..ὴ

1424 1900 1446 2250 95090s¹s2÷1=n92

1406 2276 1421 2716 „9101014'leo1010101-‘1

1421 2275 1445 2716 ,Φωφμῶςπτὲωιθ-

1405 2710 1419 2903 mmmm*

1421 2741 1435 2903 ῶωιυ-

1406 2928 1418 2949 ω

1421 2928 1442 2950 ‚0²

1405 2974 1442 2996 36.

1595 1247 1659 1264 uuum
1675 1240 1805 1270 catalogum
1821 1248 1859 1265 an.
1878 1241 1945 1265 1434.

1429 1352 1434 1357 .
1452 1336 1526 1364 Super
1543 1336 1681 1362 Sententias,
1700 1335 1738 1358 lib.
1757 1335 1776 1357 4.

1451 1382 1634 1412 Breviloquium,
1652 1383 1691 1405 lib.
1708 1383 1729 1405 7.

1451 1429 1558 1452 Itinerarii
1576 1430 1658 1452 mentis
1675 1430 1697 1452 in
1714 1430 1801 1458 Deum,
1819 1435 1857 1453 un.
1875 1431 1895 1453 I.

1451 1476 1548 1504 Lignum
1566 1476 1639 1503 vitae,
1656 1475 1695 1498 lib.
1713 1477 1733 1498 i,

1450 1523 1620 1546 Exhortatorius
1637 1523 1666 1546 ad
1683 1523 1797 1550 Fratrem,
1815 1523 1853 1546 lib.
1872 1524 1893 1545 ,1-

1450 1570 1482 1592 De
1499 1570 1631 1593 reductione
1648 1570 1730 1592 artium
1747 1573 1803 1597 etc.,
1820 1569 1859 1593 lib.
1877 1571 1897 1593 i.

1449 1618 1560 1646 Regimen
1578 1617 1740 1645 conscientiae,
1758 1618 1781 1640 id
1798 1620 1832 1640 est
1848 1618 1947 1640 Parvum
1964 1617 2063 1647 bonum,
2080 1618 2119 1641 lib.
2137 1619 2158 1642 l.

1450 1665 1558 1687 ltinerarii
1576 1665 1659 1688 mentis
1675 1665 1697 1687 In
1712 1671 1737 1688 se
1755 1665 1842 1693 ipsum,
1858 1664 1898 1687 lib.
1915 1665 1936 1687 l.

1449 1711 1617 1739 Compendium
1635 1711 1869 1739 Scripturarurn,1ib.
1887 1712 1907 1734 i.

1442 1776 1446 1780 .
1464 1759 1497 1781 De
1513 1758 1653 1780 institutione
1670 1758 1825 1785 Novitiorum,
1842 1757 1881 1781 lib.
1904 1759 1921 1780 l.

1442 1822 1447 1827 .
1464 1805 1647 1833 Centhoquium,
1664 1804 1703 1827 lib.
1724 1805 1742 1827 i.

1442 1869 1448 1874 .
1464 1852 1571 1874 pharetra
1588 1851 1637 1873 sive
1654 1851 1825 1879 ScintanrIum,
1843 1851 1881 1874 lib.
1900 1852 1921 1875 4.

1463 1900 1496 1922 De
1513 1902 1648 1927 paupertate
1664 1898 1759 1925 Christi,
1777 1901 1853 1921 contra
1871 1899 1941 1925 Guil.,
1959 1899 1998 1922 lib.
2017 1899 2037 1922 l.

1464 1947 1495 1969 De
1512 1947 1614 1976 quinque
1633 1946 1694 1968 sestis
1711 1946 1816 1968 infantiae
1832 1945 1926 1974 Christi,
1943 1945 1981 1968 lib.
2001 1946 2021 1968 t.

1464 1994 1496 2016 De
1513 1997 1600 2022 septem
1619 1993 1686 2015 donis
1703 1993 1801 2021 Spiritus
1818 1994 1851 2020 5.,
1868 1992 1907 2015 lib.
1928 1993 1946 2014 1.

1464 2041 1496 2062 De
1513 2039 1642 2062 excellentia
1660 2039 1822 2067 eucharistiae,
1839 2038 1877 2061 tib.
1896 2039 1916 2060 -l.

1441 2104 1446 2109 .
1464 2087 1496 2109 De
1512 2092 1550 2109 sex
1569 2086 1614 2108 Alis
1631 2085 1764 2114 Seraphim,
1781 2085 1821 2108 lib.
1838 2085 1859 2107 t.

1463 2133 1496 2156 Ad
1515 2134 1620 2155 Blancam
1638 2133 1767 2160 ducissam,
1784 2132 1822 2154 lib.
1845 2132 1862 2154 l.

1463 2181 1652 2204 llluminatiouum
1671 2181 1758 2208 insigne
1773 2187 1842 2208 opus,
1860 2179 1897 2202 lib.
1919 2180 1937 2201 1.

1463 2229 1494 2250 De
1512 2227 1584 2251 tribus
1601 2227 1704 2250 ternariis
1722 2231 1879 2253 peccatorum,
1897 2226 1935 2248 lib.
1954 2227 1975 2249 i.

1440 2291 1445 2297 .
1463 2275 1495 2297 De
1511 2276 1599 2302 septem
1618 2278 1729 2301 grauinus
1745 2272 1954 2299 contemplationis,
1971 2271 2010 2295 lib.
2028 2273 2049 2296 i.

1440 2338 1445 2343 .
1463 2321 1495 2343 De
1512 2322 1614 2349 prosectu
1632 2320 1811 2348 lteligiosoruin,
1829 2318 1867 2341 tib.
1885 2318 1905 2340 t.

1440 2385 1446 2390 .
1463 2369 1495 2390 De
1511 2368 1591 2390 decem
1610 2367 1750 2395 praeceptis,
1768 2365 1806 2388 lib.
1827 2366 1845 2387 1.

1463 2414 1573 2443 Apologia
1591 2414 1733 2441 Pauperum,
1750 2412 1788 2439 tib,
1810 2413 1828 2434 l.

1462 2462 1535 2488 Super
1552 2460 1653 2483 oratioue
1670 2460 1797 2487 dominica,
1815 2458 1853 2482 lib.
1873 2459 1891 2480 l.

1440 2524 1445 2529 .
1461 2507 1566 2535 Legenda
1585 2508 1607 2529 5.
1624 2506 1749 2533 Francisci,
1767 2506 1806 2528 lib.
1827 2505 1844 2527 l.

1462 2554 1639 2577 Constitutioues
1656 2554 1691 2576 sui
1708 2553 1813 2579 Ordinis,
1830 2551 1869 2575 lib.
1888 2552 1908 2575 l.

1461 2603 1483 2624 ln
1501 2602 1607 2624 Genesim
1626 2601 1661 2623 Vll
1681 2601 1811 2627 visionum,
1828 2599 1866 2622 tib.
1886 2600 1906 2622 l.

1438 2666 1443 2670 .
1460 2649 1483 2670 ln
1501 2648 1650 2676 Evangelium
1669 2648 1769 2674 loannis,
1787 2646 1824 2669 lib.
1846 2647 1863 2668 1.

1462 2695 1484 2717 ln
1501 2693 1651 2721 Evangelium
1669 2694 1756 2719 Lucae,
1773 2691 1811 2714 lib.
1831 2692 1850 2714 l.

1423 2751 1443 2763 ν.
1462 2741 1492 2763 De
1510 2740 1582 2762 tribus
1594 2739 1778 2769 quaestionibus,
1796 2738 1834 2760 lib.
1852 2738 1873 2760 i.
1891 2738 2040 2762 lnnommato
2056 2738 2180 2768 Mayistro.

1422 2793 1443 2810 ⁸.
1461 2788 1492 2810 Dc
1509 2787 1615 2810 sandaliis
1634 2787 1807 2815 Apostolorum,
1824 2784 1863 2807 lib.
1883 2785 1901 2807 1.

1438 2851 1444 2856 .
1461 2835 1492 2856 De
1509 2834 1615 2862 passione
1633 2833 1735 2860 Domini,
1752 2832 1790 2854 lib.
1808 2832 1829 2854 3.

1438 2898 1443 2903 .
1460 2882 1583 2903 Sermones
1600 2887 1640 2908 per
1656 2886 1758 2907 annum,
1775 2879 1819 2901 tib:
1831 2880 1852 2901 2.

1461 2927 1573 2955 Epistulae
1589 2928 1666 2956 plures
1682 2927 1711 2949 ad
1728 2926 1839 2949 diversos.

1460 2973 1506 2995 Alia
1524 2974 1616 3001 insuper
1633 2972 1739 2995 nonnulla
1755 2971 1837 2998 edidit,
1855 2977 1915 3000 quae
1931 2972 1961 2994 ad
1980 2971 2082 2994 notitiam
2105 2977 2180 2994 meam

1342 3027 1386 3043 non
1404 3023 1524 3042 venerunt.
