2285 3398
219 600 271 621 Item,
280 599 303 618 ab

212 623 309 647 Apostolo-

196 1249 309 1275 Admonllio.

191 1819 237 1837 Pars
251 1818 265 1837 1.
282 1818 308 1837 Do

192 1842 308 1866 sapientiae,

186 1871 234 1889 quae
245 1867 274 1884 est
283 1865 314 1884 de·

195 1894 274 1910 sursum,
289 1889 315 1907 es-

222 1911 279 1930 seem.

187 1959 220 1977 Est
232 1959 262 1977 lux
276 1963 316 1977 eum

195 1982 265 2005 triplici
274 1982 316 2000 effe-

199 2286 267 2308 Primo,
277 2285 318 2304 illu-

190 2310 249 2328 minat
265 2309 318 2328 intel·

190 2333 282 2352 leetivam.

325 187 381 216 500
885 183 928 213 DE
949 183 1047 213 DONlS
1068 185 1212 215 SPlRlTUS
1231 185 1257 214 S.
1278 183 1443 213 oeLLA‘rto
1465 184 1506 213 tx.

324 267 364 293 est
384 263 556 293 hominibus.
579 263 706 292 Salomon
734 262 760 291 in
789 262 965 292 Proverbiis¹
985 262 1066 291 dicit:
1089 263 1163 292 Stul-

322 311 454 340 tissimus
472 319 540 339 sum
560 310 711 344 virorum,
732 312 757 338 et
777 309 923 346 sapientia
937 307 1088 338 bominum
1107 319 1165 339 non

322 361 364 387 est
384 366 503 387 mecum.
527 356 590 385 Non
609 356 703 385 didici
721 356 898 395 sapientiam
919 360 945 384 et
965 364 1023 384 mm
1036 357 1104 385 novi
1117 365 1165 385 sa-

321 404 461 442 pientiam
482 404 666 433 Sanctorum.
688 404 795 432 Stultus
816 403 868 432 suit
888 403 1015 433 Christus
1032 411 1165 440 appareu-

324 452 360 481 tia
379 451 528 486 exteriori,
549 451 659 489 quando
681 451 794 480 recessit
813 451 848 480 ab
862 451 985 489 appetitu
999 451 1164 486 stultorum;

322 498 447 533 stultior,
478 498 588 536 quando
622 498 710 527 voluit
739 498 843 536 affligi;
875 498 1054 528 stultissimus
1084 502 1164 532 vero,

322 545 433 583 quando
460 548 578 574 mortem
606 545 697 575 crucis
728 546 809 583 elegit
835 548 863 575 et
893 545 1053 582 turpissima
1076 547 1165 574 morte

322 595 450 621 mortuus
471 595 520 621 est.
537 608 573 613 —
588 592 657 621 llaec
678 595 719 622 est
738 592 884 630 sapientia
898 592 1081 620 Sanctorum.
1097 590 1165 628 Apo-

322 639 409 669 stolus
421 640 447 668 ²³:
473 639 576 669 Gloria
600 643 702 668 nostra
722 638 791 668 llaec
811 643 864 673 est,
886 638 1080 667 testimonium
1100 646 1165 667 con-

322 686 458 716 scientiae
484 691 615 720 nostrae,
637 686 702 724 quia
722 695 779 715 non
800 686 832 714 in
857 685 1004 723 sapientia
1030 685 1164 720 carnali,

323 734 372 763 sed
402 733 434 762 in
463 734 610 771 sapientia
643 733 694 762 Dei
723 732 887 761 conversati
915 740 1020 760 sumus
1050 731 1081 760 in
1113 730 1165 761 hoc

324 781 441 810 munda
464 781 620 818 Apostolus:
636 781 670 810 Si
688 780 753 819 quis
767 780 881 808 videtur
896 779 970 808 inter
984 787 1034 807 vos
1047 779 1165 817 sapiens

323 836 381 857 esse
401 828 433 856 in
463 826 515 856 ltoc
544 827 676 861 saeculo,
696 827 802 855 stultus
831 826 900 861 flat,
922 829 954 854 ut
980 825 1019 854 sit
1038 825 1163 863 sapiens.

324 875 355 903 Et
384 874 418 903 ad
450 874 635 911 Philippenses
665 873 749 902 dicit:
780 873 864 902 Multi
893 872 1062 907 ambulant,
1094 881 1166 911 quos

322 930 406 958 saepe
426 920 555 950 dicebam
574 920 670 955 vobis,
691 928 770 949 nunc
783 923 880 948 autem
893 923 920 948 et
931 919 1003 956 flens
1017 919 1095 954 dico,
1110 919 1165 948 ini-

323 968 412 997 micos
432 968 530 997 crucis
552 967 676 1002 Christi,
698 975 824 1006 quorum
837 966 907 1004 finis·
926 966 1074 1001 interitus,
1096 975 1165 1006 quo-

323 1011 392 1044 ium
408 1015 484 1044 Deus
496 1018 592 1043 venter
605 1018 661 1048 est,
683 1017 796 1052 propter
811 1014 971 1051 sapientiam
986 1014 1165 1048 animalem;

323 1065 347 1091 et
365 1062 463 1100 plor-ia
483 1062 515 1091 in
529 1060 696 1099 confusione
710 1062 860 1099 ipsorum,
875 1065 989 1099 propter
1004 1061 1165 1099 sapientiam

322 1109 497 1138 diabolicam
504 1119 514 1143 ;
534 1109 586 1147 qui
616 1112 731 1137 terrena
757 1109 894 1146 sapiunt,
922 1108 1025 1137 scilicet
1052 1110 1165 1146 propter

323 1156 482 1194 sapientiam
503 1159 656 1185 temnant.

400 1203 426 1232 [ι.
449 1202 514 1232 Non
534 1211 600 1240 ergo
620 1203 731 1240 sapiatis
751 1211 825 1241 quae
845 1206 913 1231 sunt
933 1211 1022 1240 super
1043 1206 1164 1236 terram,

323 1251 389 1289 quia
418 1250 571 1280 crucifixus
598 1253 639 1279 est
666 1250 808 1284 Christus,
836 1252 868 1278 ut
894 1250 973 1279 istam
1005 1249 1165 1287 sapientiam

324 1300 484 1331 evacuaret;
506 1299 533 1326 et
553 1297 625 1325 sicut
644 1299 772 1325 mortuus
793 1299 834 1325 est
854 1296 996 1330 Christus,
1011 1298 1043 1325 ut
1055 1304 1166 1324 vanam

324 1344 483 1382 sapientiam
505 1346 652 1373 evacuaret
681 1346 708 1372 et
738 1343 878 1380 perderet;
900 1343 938 1371 ita
962 1342 1119 1372 resurrexit
1139 1345 1167 1371 et

323 1391 460 1425 ascendit,
481 1394 513 1419 ut
532 1399 633 1419 veram
655 1390 815 1427 sapientiam
829 1390 940 1419 doceret
954 1393 981 1418 et
995 1390 1022 1418 in
1037 1389 1166 1418 cordibus

325 1438 425 1467 nostris
446 1437 588 1466 stabiliret.
611 1437 639 1465 ln
660 1444 743 1466 cruce
767 1437 861 1465 docuit
888 1436 1049 1473 sapientiam
1070 1436 1165 1465 mundi

324 1492 470 1522 spernere,
491 1486 519 1513 et
539 1484 567 1513 in
588 1484 694 1513 caelum
716 1483 817 1512 vadens
837 1483 930 1512 docuit
944 1483 1104 1520 sapientiam
1119 1483 1165 1512 Dei

324 1535 453 1569 appetere
484 1534 511 1560 et
537 1531 639 1560 fontem
671 1531 741 1559 vitae
771 1530 892 1567 diligere.
919 1529 1015 1558 Omnis
1036 1529 1168 1566 sapientia

326 1579 419 1607 mundi
440 1582 482 1607 est
502 1585 633 1615 spernere
654 1578 713 1606 ista.
736 1577 855 1606 Maxima
876 1579 969 1605 autem
991 1576 1107 1604 stultitia
1127 1579 1168 1604 est
1212 1600 1214 1602 .

325 1628 441 1655 mortem
465 1625 567 1654 Christi
592 1632 741 1658 evacuare3
763 1623 838 1661 quod
858 1623 962 1652 faciunt
983 1622 1030 1659 qui
1059 1622 1169 1659 sapiunt

325 1681 398 1710 quae
407 1675 477 1700 sunt
486 1680 575 1709 super
587 1675 715 1703 terram;
727 1670 787 1699 ideo
798 1672 906 1707 oportet
917 1669 1077 1706 sapientiam
1089 1668 1168 1697 istam

325 1727 459 1749 evacuare
473 1722 500 1748 et
521 1718 697 1755 sapientiam,
712 1725 783 1754 quae
798 1717 953 1745 desursum
964 1719 1014 1749 est,
1029 1718 1167 1752 appetere.

404 1767 429 1794 5.
452 1765 503 1794 Sed
524 1773 595 1802 quae
616 1768 657 1794 est
677 1764 825 1801 sapientia,
847 1771 918 1801 quae
939 1766 980 1792 est
994 1761 1168 1791 desursum?

327 1813 397 1842 Dicit
427 1813 540 1850 Sapiens
571 1812 598 1840 in
630 1811 823 1840 Ecclesiaste³:
856 1810 935 1844 Vidi,
957 1809 1034 1848 quod
1055 1812 1168 1837 tantum

326 1860 507 1898 praecederet
534 1858 679 1896 sapientia
706 1857 877 1891 stultitiam,
899 1860 1043 1895 quantum
1074 1854 1169 1893 differt

330 1907 380 1935 lux
401 1915 420 1934 a
441 1906 570 1934 tenebris.
594 1906 664 1942 Ergo
684 1905 730 1933 dat
751 1904 919 1941 intelligere,
941 1903 1015 1940 quod
1037 1902 1170 1939 sapientia

329 1957 370 1983 est
384 1954 450 1987 lux3
465 1954 529 1987 lux,
544 1953 670 1989 inquam,
691 1951 861 1980 descendens
875 1951 1031 1979 desursum
1045 1958 1065 1977 a
1081 1949 1170 1977 Patre

329 2000 489 2033 luminum,
511 2007 527 2027 a
547 2007 602 2036 quo
623 2007 704 2027 omne
735 1998 837 2026 datum
869 1997 1010 2038 optimum
1036 1999 1061 2024 el
1088 2004 1170 2023 omne

328 2048 434 2076 donum
454 2045 622 2083 perfeetum.
655 2046 715 2073 Lux
746 2045 798 2073 ista
827 2043 967 2073 descendit
993 2043 1027 2071 ad
1048 2045 1168 2071 nostram

330 2093 478 2131 potentiam
508 2091 683 2129 eoqnitivam
714 2090 958 2123 illuminandam,
983 2089 1017 2117 ad
1048 2091 1170 2117 nostram

329 2139 492 2178 affectivam
514 2138 730 2175 laetificarulam
751 2140 778 2166 et
798 2137 832 2165 ad
853 2132 975 2165 nostram
990 2136 1170 2172 operativam

330 2186 587 2215 corroborandam.
609 2184 754 2213 Descendit
774 2192 790 2212 a
811 2191 920 2212 summo
940 2183 996 2211 Deo
1017 2182 1044 2210 in
1066 2182 1171 2210 intelle-

330 2236 420 2267 ctum,
435 2232 470 2261 ab
484 2232 623 2261 intellectu
639 2231 665 2259 in
680 2231 809 2268 affectum
831 2233 857 2258 et
877 2237 967 2266 usque
987 2229 1021 2257 ad
1036 2228 1169 2262 infimum,

331 2279 432 2308 scilicet
452 2278 646 2316 operationem.
670 2293 705 2298 ——
727 2276 805 2313 Quod
826 2276 861 2306 sit
882 2276 931 2303 lux
952 2274 1119 2303 descendens
1136 2274 1171 2302 ad

330 2330 451 2356 nostram
463 2325 612 2363 potentiam
623 2324 821 2353 intellectivam
832 2322 1076 2355 illuminandam;
1088 2324 1170 2358 patet,

330 2374 396 2412 quia
416 2373 547 2403 scribitur
568 2372 595 2400 in
617 2372 687 2400 libro
705 2370 859 2407 Sapientiae
870 2370 891 2403 4,
912 2369 985 2406 quod
1006 2372 1047 2397 est
1060 2368 1171 2397 candor

332 2421 404 2450 lucis
425 2423 571 2453 aeternae,
592 2418 741 2455 speculum
770 2417 833 2445 sine
863 2415 981 2444 macula
1012 2415 1064 2443 Dei
1083 2414 1171 2443 maie-

331 2468 415 2496 statis
443 2471 467 2495 et
495 2467 592 2503 imayo
619 2464 754 2493 bonitatis
775 2463 862 2492 illius.
888 2463 921 2490 Et
947 2470 1012 2491 eum
1034 2462 1071 2490 sit
1093 2470 1171 2495 una,

332 2514 431 2543 omnia
450 2517 556 2551 potest,
577 2516 602 2541 et
623 2512 654 2540 in
673 2520 703 2540 se
726 2518 901 2549 permanens
928 2509 1026 2537 omnia
1054 2509 1172 2537 innovat

1220 267 1246 292 et
1263 271 1316 300 per
1338 261 1470 290 nationes
1491 262 1522 290 in
1543 262 1661 291 animas
1681 266 1800 292 sanctas
1820 271 1850 291 se
1874 262 2017 300 transfert
2040 266 2065 292 et

1221 310 1330 339 amicos
1352 309 1405 337 Dei
1424 312 1450 337 et
1467 308 1623 346 prophetas
1643 309 1797 338 constituit.
1821 309 1967 338 Neminem
1988 310 2065 338 enim

1221 357 1316 395 diliyit
1339 356 1430 390 Deus,
1452 356 1512 384 nisi
1530 364 1596 384 eum
1616 356 1668 395 qai
1697 365 1765 384 cum
1785 356 1929 394 sap'wntia
1951 355 2065 385 inhabi-

1222 408 1270 433 tat.
1294 404 1344 432 Est
1363 402 1440 431 enim
1461 401 1530 431 lzaec
1550 403 1706 439 speciosior
1725 402 1783 431 sole
1800 406 1826 431 et
1845 411 1933 440 super
1954 411 2064 431 omnem

1222 450 1437 487 dispositionem
1456 448 1621 483 stellarum,
1644 449 1704 478 luci
1723 453 1898 486 comparata
1919 449 2066 478 invenitur

1217 497 1312 535 prior.
1334 496 1429 525 Merito
1450 495 1582 532 sapientia
1608 497 1686 525 sedes
1707 496 1761 525 Dei
1790 496 1907 531 dicitur,
1928 499 1956 526 et
1973 496 2066 526 anima

1221 544 1259 573 sic
1279 543 1432 580 descripta,
1460 550 1531 579 quae
1561 543 1683 580 pulcrior
1714 546 1756 572 est
1786 544 1877 577 caelo,
1903 543 1988 572 immo
2009 545 2066 573 toto

1221 591 1367 623 universo,
1388 589 1466 618 sedes
1487 589 1606 624 Deiest.

1301 638 1326 665 6.
1348 636 1473 666 Secundo
1499 636 1638 665 descendit
1665 637 1798 674 sapientia
1827 637 1976 666 desursum
2004 639 2063 666 tau-
2111 644 2201 671 seeundo.

1222 692 1306 722 quam
1322 684 1372 712 lux
1387 683 1421 712 ad
1434 686 1557 712 nostram
1572 682 1735 721 affectivam
1750 683 1975 720 laetificandam.
1990 684 2066 713 Unde
2077 667 2204 710 issssiiffi.³¹‘

1222 731 1250 760 in
1271 730 1496 760 Ecclesiastico⁶:
1524 730 1629 759 Vinum
1648 734 1674 760 et
1693 731 1808 760 musica
1829 730 1987 768 laetificant
2000 739 2064 765 eor,

1222 783 1248 808 et
1267 787 1355 816 super
1376 781 1502 816 utraque
1522 777 1632 807 dilectio
1652 778 1819 816 sapientiae.
1843 794 1880 798 —
1908 777 2013 806 Vinum
2040 781 2066 807 et

1219 825 1338 861 ,musica
1359 823 1516 861 laetificant
1535 833 1602 859 eor,
1623 825 1725 854 scilicet
1754 825 1789 854 ab
1816 824 1949 854 exteriori
1975 827 2002 854 et
2023 832 2061 853 se-

1223 872 1345 902 cundum
1364 871 1471 909 speeies
1491 871 1666 909 impressas,
1687 880 1758 910 quae
1779 880 1833 901 non
1855 875 1920 901 sunt
1940 871 2000 909 ipsa
2020 880 2065 900 ve-

1223 919 1315 953 ritas,
1337 919 1384 948 sed
1404 918 1565 947 similitudo
1584 919 1717 956 quaedam
1739 920 1794 954 rei,
1815 927 1865 948 nec
1879 919 1994 956 implent
2007 918 2065 948 ani-

1222 974 1295 995 mam
1323 969 1350 995 et
1377 974 1433 994 non
1457 973 1537 1000 vere,
1559 965 1607 995 sed
1636 966 1806 1003 phantastice
1836 966 1992 995 laetificant.
2014 966 2066 995 Sed

1222 1013 1270 1042 ubi
1291 1015 1333 1041 est
1353 1012 1420 1041 unio
1441 1012 1593 1041 secundum
1615 1013 1777 1047 veritatem,
1792 1013 1829 1041 ibi
1844 1016 1885 1041 est
1900 1012 2065 1047 iucunditas,

1222 1059 1270 1088 ubi
1291 1059 1393 1088 veritas
1412 1058 1535 1087 illabitur
1555 1059 1661 1088 animae
1681 1062 1709 1088 et
1728 1067 1787 1089 eam
1809 1059 1897 1096 replet
1918 1062 1944 1088 et
1970 1059 2065 1088 laetifi-

1222 1109 1273 1135 cat.
1296 1106 1334 1135 De
1354 1106 1406 1134 ista
1426 1105 1559 1143 sapientia
1588 1105 1653 1135 dicit
1681 1106 1830 1143 Sapiensss:
1853 1106 1938 1135 Hane
1965 1106 2068 1135 amavi

1221 1157 1247 1182 et
1263 1153 1426 1191 praeposui
1446 1152 1527 1181 illam
1548 1153 1646 1190 reynis
1666 1157 1690 1182 et
1711 1153 1827 1182 sedibus
1841 1157 1866 1182 et
1880 1153 2001 1182 divitias
2021 1153 2066 1182 ni-

1222 1198 1264 1228 lzit
1282 1208 1341 1228 esse
1362 1199 1436 1227 duxi
1456 1199 1488 1228 in
1508 1200 1725 1237 comparatione
1753 1200 1847 1234 illias;
1867 1209 1956 1237 super
1985 1200 2066 1229 salu-

1223 1244 1277 1275 tem
1297 1250 1323 1275 et
1342 1246 1464 1283 speciem
1485 1247 1574 1275 dilexi
1594 1247 1683 1276 illam.
1713 1248 1855 1276 Venerunt
1875 1252 1973 1276 autem
1992 1246 2068 1276 mihi

1223 1293 1323 1321 omnia
1344 1293 1419 1322 bona
1437 1293 1553 1330 pariter
1574 1303 1641 1323 eum
1661 1294 1713 1323 illa
1733 1298 1758 1323 et
1779 1294 2003 1323 innumerabilis
2017 1293 2066 1323 lto-

1222 1344 1318 1369 nestas
1336 1349 1390 1377 per
1411 1346 1518 1368 manus
1539 1341 1633 1374 illius,·
1654 1344 1678 1370 et
1697 1341 1819 1370 laetatus
1839 1350 1908 1369 sum
1929 1341 1960 1369 in
1974 1341 2066 1369 omni-

1224 1387 1293 1421 bus,
1315 1387 1455 1426 quoniam
1475 1388 1656 1417 antecedebat
1676 1397 1720 1417 me
1734 1389 1791 1417 ista
1807 1388 1960 1425 sapientia.
1976 1388 2066 1416 Philo-

1224 1434 1328 1471 sophus
1348 1434 1428 1468 dicit,
1449 1434 1523 1471 quod
1544 1435 1676 1471 sapientia
1696 1435 1832 1463 maximas
1853 1434 1936 1463 habet
1949 1434 2066 1464 delecta-

1224 1481 1319 1510 tiones.
1342 1481 1368 1509 Si
1389 1489 1519 1518 magnum
1541 1484 1582 1510 est
1603 1481 1751 1521 illustrari
1771 1482 1919 1518 sapientia,
1941 1482 2004 1518 plus
2025 1484 2067 1511 est

1225 1527 1395 1564 laetificari,
1417 1528 1444 1556 in
1466 1530 1600 1565 quantum
1620 1528 1708 1565 diligit
1728 1528 1895 1565 principium
1916 1537 2007 1557 suum.

1303 1576 1329 1602 7.
1351 1575 1443 1603 Tertio
1462 1575 1601 1604 descendit
1622 1575 1755 1612 sapientia
1775 1575 1922 1604 desursum
1936 1578 2068 1612 tanquam
2088 1582 2157 1604 renio,
2169 1587 2207 1601 cor-

1226 1621 1275 1649 lux
1297 1621 1331 1649 ad
1352 1621 1474 1650 nestram
1501 1622 1683 1659 operativum
1710 1621 1968 1650 corroborandam.
1991 1622 2067 1651 Unde
2079 1606 2208 1648 issffissnifpe'

1225 1667 1253 1695 in
1289 1667 1448 1696 Ecclesiaste
1463 1668 1489 1696 ⁷:
1522 1668 1673 1705 Sapientia
1704 1667 1881 1706 confortavit
1909 1668 2068 1705 sapientem

1225 1721 1314 1750 super
1335 1713 1427 1742 decem
1452 1714 1600 1751 principes
1621 1715 1754 1743 civitatis.
1776 1715 1857 1748 Nota,
1886 1715 1959 1752 quod
1993 1715 2069 1743 nulla

1226 1760 1316 1789 virtus
1337 1759 1528 1794 subcaelestis,
1543 1769 1593 1789 nec
1607 1764 1717 1790 terrena
1738 1769 1787 1790 nec
1802 1761 1936 1795 humana,
1952 1761 1994 1790 vel
2009 1769 2069 1790 cae-

1226 1806 1301 1835 lestis
1316 1806 1372 1835 sive
1393 1807 1527 1844 angelica,
1549 1810 1655 1836 tantum
1676 1808 1837 1836 corroborat
1851 1808 1983 1842 animam,
1998 1808 2070 1837 sicut

1226 1854 1436 1891 supercaelestis
1467 1854 1605 1893 sapientia.
1634 1854 1709 1883 Unde
1740 1855 1766 1883 in
1799 1855 1870 1884 libro
1901 1855 2068 1892 Sapientiae:

1227 1901 1378 1938 Sapientia
1399 1901 1522 1930 intravit
1544 1902 1574 1930 in
1602 1901 1734 1930 animam
1761 1902 1839 1931 servi
1860 1902 1928 1936 Dei,
1950 1905 1974 1930 et
1994 1902 2070 1931 stetit

1226 1952 1329 1977 eontra
1351 1957 1437 1986 reyes.
1462 1948 1611 1977 Certamen
1630 1947 1705 1986 forte
1726 1949 1801 1977 dedit
1816 1949 1875 1983 illi,
1892 1953 1925 1977 ut
1944 1948 2070 1977 vinceret

1226 1999 1252 2023 et
1271 1996 1356 2023 sciret
1364 2012 1378 2029 ,ν
1394 1995 1533 2033 quoniam
1554 1995 1684 2023 omnium
1701 1996 1845 2032 potentior
1860 1999 1900 2024 est
1913 1995 2066 2033 sapientia.

1305 2043 1330 2070 8.
1355 2042 1384 2070 Et
1405 2042 1443 2071 sic
1464 2042 1530 2071 haec
1557 2042 1689 2079 sapientia
1718 2042 1843 2071 aedificat
1869 2042 2014 2071 Ecclesiam
2041 2044 2208 2075 etAedificatcio-

1226 2090 1361 2123 animam,
1383 2092 1414 2118 ut
1435 2089 1470 2118 sit
1491 2089 1678 2118 habitaculum
1693 2089 1741 2118 Dei
1762 2092 1789 2118 et
1809 2089 1913 2118 domus
1937 2089 1999 2123 Dei,
2020 2088 2068 2117 do-
2088 2078 2138 2091 mum
2151 2072 2192 2091 Μ’

1226 2144 1304 2170 mus,
1325 2137 1400 2170 dico,
1428 2144 1566 2170 amoena,
1594 2136 1692 2164 domus
1717 2135 1825 2173 pulcra
1846 2139 1873 2164 et
1892 2135 1990 2164 domus
2021 2144 2068 2164 ro-

1227 2182 1318 2211 busta.
1335 2183 1440 2212 Dicitur
1454 2184 1481 2211 in
1496 2183 1630 2211 Matthaeo
1641 2183 1667 2211 ¹³:
1686 2182 1802 2216 Omnis,
1818 2182 1869 2221 qui
1882 2182 1968 2211 audit
1980 2182 2069 2211 verba

1226 2238 1290 2257 mea
1311 2228 1379 2258 haee
1399 2234 1424 2258 et
1443 2229 1517 2266 facit
1537 2238 1584 2263 ea,
1606 2229 1821 2258 assimilabitur
1841 2229 1905 2257 viro
1926 2229 2067 2266 sapienti,

1208 2291 1211 2293 -
1226 2276 1278 2312 qui
1291 2275 1455 2311 aedificavit
1469 2276 1587 2304 domum
1601 2284 1689 2304 suam
1702 2284 1798 2312 supra
1810 2275 1931 2312 firmam
1943 2278 2067 2312 petram.

1226 2322 1329 2351 Domus
1350 2322 1402 2350 ista
1423 2322 1609 2359 principaliter
1629 2323 1789 2352 aedificatur
1803 2331 1819 2350 a
1833 2322 1979 2358 sapientia;
1995 2321 2066 2350 unde

1227 2369 1254 2397 in
1276 2369 1445 2397 Proverbiis:
1472 2368 1622 2405 Sapientia
1652 2368 1818 2406 aedificavit
1835 2368 1903 2406 'sibi
1932 2368 2066 2402 domum,

1227 2414 1332 2443 excidit
1352 2414 1502 2442 columnas
1522 2419 1634 2452 septem.
1656 2415 1767 2444 Certum
1789 2418 1845 2448 est,
1866 2414 1940 2451 quod
1961 2414 2068 2451 sapien-

1230 2462 1266 2489 tia
1286 2461 1437 2490 delectatur
1458 2469 1517 2490 esse
1538 2469 1600 2490 cum
1622 2462 1795 2495 hominibus;
1820 2461 1892 2490 unde
1913 2460 1992 2489 dicit:
2016 2461 2067 2489 De-

1229 2508 1312 2536 liciae
1332 2516 1411 2536 meae
1438 2516 1496 2536 esse
1516 2516 1583 2536 cum
1602 2508 1672 2545 filiis
1693 2507 1850 2537 hominum.
1873 2507 1957 2544 Quod-
1974 2510 2067 2536 autem

396 2668 403 2681 ¹
421 2669 475 2697 Cap.
493 2670 534 2696 30,
552 2670 573 2691 2.
585 2671 607 2690 et
624 2669 646 2691 3.
657 2681 687 2685 —
699 2668 791 2690 Interius
808 2668 927 2695 respicitur
939 2667 992 2695 Sap.
1005 2668 1030 2694 2,
1049 2668 1088 2689 20:
1102 2667 1172 2689 Morte
1184 2690 1187 2692 ,

335 2708 463 2736 ,Αρίεςίῐῐιε
480 2708 659 2730 condemnemus
675 2714 736 2729 eum.

395 2745 404 2758 ²
422 2747 489 2774 Epist.
507 2747 530 2768 11.
547 2745 598 2768 Cor.
616 2746 642 2772 1,
665 2746 700 2768 12.
720 2758 751 2762 -
771 2746 823 2774 Seq.
840 2746 902 2767 locus
922 2748 956 2767 est
972 2746 987 2767 l.
1009 2744 1060 2768 Cor.
1078 2745 1103 2773 3,
1129 2745 1170 2772 ¹8;

335 2786 412 2808 tertius
434 2785 489 2807 Phil.
512 2777 537 2811 3,
561 2785 597 2806 18.
621 2787 643 2806 et
661 2785 700 2811 ,193
723 2784 778 2806 ibid.
801 2783 913 2806 habentur
934 2784 1002 2806 etiarn
1025 2783 1109 2806 verba:
1131 2783 1171 2812 qui

334 2827 422 2847 terrena
432 2824 537 2852 sopiunt.

396 2861 406 2874 ²³
422 2862 477 2890 Cap.
494 2863 520 2890 2,
539 2862 616 2884 13,-
628 2863 681 2890 Seq.
698 2862 759 2885 locus
776 2864 810 2884 est
827 2862 869 2884 lac.
889 2862 912 2888 1,
931 2862 966 2883 17.

396 2901 406 2914 ⁴
422 2902 477 2929 Cap.
493 2902 520 2928 7,
538 2901 616 2923 26:29.

398 2940 407 2952 Β
424 2940 479 2967 Cap.
497 2940 536 2966 40,
548 2940 584 2961 20.
596 2951 626 2955 —
638 2940 669 2960 De
686 2945 733 2967 seq.
746 2940 899 2967 propositione
911 2941 952 2962 cfr.
963 2946 1032 2967 supra
1044 2945 1098 2967 pag.
1112 2940 1170 2966 382,

336 2982 388 3003 nota
405 2979 427 3002 7.
444 2981 466 3001 et
482 2984 536 3007 pag.
553 2978 609 3005 387,
626 2980 679 3000 nota
697 2978 705 3000 1
718 2986 723 3005 ;
735 2979 775 3000 cfr.
787 2979 801 3001 l.
814 2979 875 3001 Sem.
886 2979 943 3001 d.·t.
955 2985 975 3001 a.
988 2979 1009 3001 3.
1021 2985 1044 3007 q.
1056 2979 1078 3000 2.
1189 2971 1193 2976 ’

1289 2664 1298 2677 ⁸
1315 2665 1369 2693 Cap.
1387 2666 1413 2691 8,
1436 2666 1462 2692 2,
1486 2665 1525 2687 ubi
1547 2665 1629 2687 verba:
1652 2665 1718 2688 Hanc
1740 2664 1831 2692 animi,
1857 2668 1931 2687 cetera
1955 2664 2067 2687 habentur

1227 2704 1283 2727 ibid.
1300 2704 1327 2731 7,
1344 2705 1366 2726 8.
1386 2704 1420 2725 10.
1437 2707 1459 2725 et
1479 2704 1513 2726 11.
1525 2704 1678 2726 —Sententia
1696 2704 1826 2732 Philosophi
1842 2702 1938 2725 habetur
1955 2703 1982 2725 X.
1996 2703 2067 2725 Ethic.

1227 2750 1247 2766 c.
1263 2744 1285 2765 7.
1299 2743 1347 2766 Csr.
1368 2742 1424 2765 ibid.
1441 2743 1477 2765 Vl.
1500 2749 1519 2765 c.
1540 2743 1579 2770 12,
1597 2743 1634 2765 ubi
1657 2743 1736 2771 docet,
1753 2743 1888 2771 sapientiam
1910 2743 2000 2764 efficere
2021 2741 2068 2764 teli-

1227 2782 1325 2804 citatem.

1288 2819 1297 2832 '¹
1314 2821 1369 2848 Cap.
1385 2820 1412 2848 7,
1430 2821 1466 2842 ¹20.
1483 2833 1513 2837 —
1530 2822 1581 2849 Seq.
1598 2821 1661 2843 locus
1678 2823 1711 2843 est
1728 2821 1782 2848 Sap.
1800 2821 1841 2848 10,
1860 2820 1899 2847 16,
1911 2819 1968 2842 ibid.
1985 2826 2008 2842 v.
2020 2820 2066 2842 42:

1226 2860 1346 2883 Certamen
1363 2861 1406 2881 etc.

1289 2897 1299 2910 ⁸
1315 2898 1370 2926 Cap.
1386 2898 1412 2926 7,
1429 2898 1467 2920 24.
1483 2910 1513 2915 -
1530 2899 1583 2928 Seq.
1599 2899 1662 2921 locus
1678 2901 1712 2921 est
1728 2899 1795 2920 Prov.
1812 2898 1838 2926 9,
1858 2898 1865 2920 1
1881 2905 1885 2926 ;
1903 2897 1960 2920 ibid.
1977 2898 2003 2926 8,
2021 2897 2045 2919 31
2060 2905 2066 2918 :

1228 2939 1324 2961 Deliciae
1340 2941 1383 2960 etc.
