2285 3398
335 176 370 204 4².
935 170 967 198 lN
988 163 1207 197 HEXAEMERON
1228 166 1390 196 COLLATIO
1410 166 1475 194 XIX.

332 251 473 280 adducunt
502 248 731 286 philosophorum
758 248 858 282 verba,
886 254 997 275 necesse
1025 249 1081 281 est,
1103 246 1177 283 quod

190 305 297 324 Periculum
307 298 417 326 inhomo
444 297 512 325 sciat
532 295 575 324 vel
596 297 733 332 supponat
754 294 820 331 ipsa.
844 293 947 322 —-·Est
974 301 1040 331 ergo
1068 294 1177 330 pericu-

212 328 306 347 secundis.

206 730 265 749 Maius
278 729 327 753 peri-

192 754 254 781 culum
263 753 282 771 in
290 755 327 772 ter-

194 780 231 796 lus.

194 1108 301 1135 Maximum,
309 1107 329 1126 iu

226 1134 304 1156 quartis.

209 1391 325 1416 Exemplum.

199 1864 330 1906 Fggpratturaiu

212 1893 235 1906 „c
247 1893 266 1912 ip
276 1893 297 1906 ur
311 1902 315 1906 .

332 344 390 374 lum
411 343 577 373 descendere
598 341 631 370 ad
653 340 831 379 originalia,
856 340 922 378 quia
945 340 1061 378 pulcher
1086 348 1177 369 sermo

331 395 372 421 est
393 390 586 428 originalium;
609 388 753 425 Scriptura
772 390 865 417 autem
887 396 942 417 non
970 387 1053 417 habet
1073 396 1177 417 sermo-

331 447 395 469 nem
423 439 460 467 ita
480 438 619 475 pulcrum.
648 436 723 465 Unde
744 435 926 473 Augustinus,
954 435 977 464 si
999 438 1029 464 tu
1056 435 1178 464 dimittas

332 487 502 523 Scripturani
523 487 550 513 et
571 484 599 512 in
621 483 699 512 libris
719 483 777 512 suis
798 482 922 517 studeas,
951 490 1002 520 pro
1030 482 1102 511 bono
1122 490 1177 511 non

332 534 430 567 habet;
446 533 517 561 sicut
538 539 588 560 nec
609 531 710 560 Paulus
731 530 764 559 de
786 530 839 559 illis
859 529 907 567 qui
929 530 957 558 in
978 529 1087 558 nomine
1102 529 1177 558 Pauli

332 580 543 618 baptizabantur
556 580 574 606 ¹.
590 579 672 607 Sacra
690 577 833 614 Scriptura
855 577 882 605 in
904 584 1002 613 magna
1023 575 1179 605 reverentia

332 627 458 657 habenda
478 629 527 656 est.

417 676 457 703 11.
480 674 566 703 Maius
596 676 689 702 autem
720 672 875 710 periculum
897 674 939 701 est
958 670 1124 700 descendere
1145 669 1179 698 ad

334 723 473 752 Summas
500 721 729 759 magistrorum,
750 719 816 757 quia
843 717 990 756 aliquando
1017 720 1058 746 est
1085 717 1113 746 in
1141 716 1180 745 eis

333 778 427 803 err01·;
443 772 470 798 et
484 768 616 802 credunt,
632 776 660 796 se
675 767 827 804 intelligere
848 765 1006 803 originalia,
1021 767 1049 793 et
1063 773 1118 793 non
1139 764 1180 792 in—

333 817 475 855 telligunt,
497 817 581 845 immo
602 815 641 844 eis
662 814 863 844 contradicunt.
885 813 961 842 Unde
988 812 1060 841 sicut
1087 812 1181 840 fatuus

333 867 405 894 esset
425 864 473 902 qui
495 863 577 892 vellet
602 870 711 899 semper
733 860 874 890 immorari
903 860 977 889 circa
998 862 1133 888 tractatus
1154 862 1181 887 et

334 920 477 949 nunquam
498 910 646 940 ascendere
667 909 701 938 ad
722 912 848 943 textum;
870 908 908 937 sic
937 912 978 936 est
999 907 1032 936 de
1061 907 1182 935 Summis

334 959 538 997 magistrorum.
562 958 588 986 In
611 957 655 986 his
676 960 769 986 autem
798 956 880 985 homo
907 955 988 984 debet
1016 962 1129 988 cavere,
1150 956 1183 982 ut

335 1014 443 1044 semper
464 1005 612 1034 adhaereat
632 1004 692 1033 viae
712 1003 799 1041 magis
819 1002 967 1032 communi.

418 1056 459 1083 12.
482 1052 653 1083 Descendere
674 1054 766 1080 autem
788 1051 822 1079 ad
842 1048 1056 1088 philosophiam
1070 1052 1111 1078 est
1125 1057 1183 1077 ma-

336 1104 443 1132 ximum
458 1101 628 1139 periculum;
643 1099 716 1128 unde
738 1099 819 1128 lsaias
830 1099 854 1126 2:
870 1098 931 1126 Pro
946 1106 992 1131 eo,
1015 1097 1092 1135 quod
1106 1096 1182 1125 abie-

336 1151 374 1180 cit
390 1149 518 1188 populus
546 1148 591 1176 itte
616 1155 711 1186 aquas
740 1146 829 1180 Sitoe,
858 1154 933 1184 quae
960 1148 1087 1174 currunt
1115 1153 1182 1173 cum

336 1197 461 1231 silentio,
483 1199 507 1224 et
528 1194 669 1223 assumsit
689 1194 786 1231 mayis
808 1193 900 1221 Rasin
921 1195 945 1221 et
966 1192 1061 1229 filium
1084 1192 1183 1220 Rome-

338 1245 408 1278 liae,·
422 1246 541 1282 propter
555 1241 620 1275 lzoc,
635 1249 705 1275 ecce,
722 1240 864 1269 Dominus
885 1239 1009 1268 adducet
1028 1248 1117 1276 super
1137 1247 1184 1267 eos

338 1300 433 1330 aquas
460 1289 593 1327 fluminis
617 1288 706 1326 sortes
733 1291 758 1316 et
785 1287 904 1321 multas,
925 1295 1021 1325 reycm
1046 1286 1183 1324 Assyrio-

338 1346 406 1367 rum
428 1340 478 1366 etc.
495 1337 552 1365 Non
567 1335 685 1372 amplius
706 1333 903 1363 revertendum
918 1336 959 1362 est
980 1333 1007 1361 in
1023 1334 1182 1370 Aegyptum.

339 1401 375 1405 —
390 1383 545 1413 Notandum
567 1382 600 1411 de
622 1382 800 1418 Hieronymo,
822 1381 869 1418 qui
884 1383 946 1417 post
966 1380 1089 1408 studium
1110 1379 1184 1408 Cice-

339 1431 414 1460 ronis
435 1439 489 1459 non
506 1429 624 1459 habebat
638 1436 763 1466 saporem
779 1429 806 1456 in
822 1427 990 1465 propheticis
1011 1427 1103 1461 libris,
1125 1426 1185 1455 ideo

339 1478 492 1516 flagellatus
514 1477 565 1505 fuit
596 1480 658 1505 ante
680 1475 833 1504 tribuna13.
864 1475 917 1503 Hoc
947 1478 1040 1503 autem
1071 1477 1185 1511 propter

338 1533 388 1554 nos
409 1524 511 1553 factum
533 1527 589 1558 est;
612 1523 684 1552 unde
706 1522 828 1560 magistri
844 1529 941 1551 cavere
962 1521 1075 1555 debent,
1096 1529 1130 1549 ne
1145 1521 1186 1549 ni-

338 1573 391 1601 mis
411 1571 603 1601 commendent
633 1574 660 1599 et
684 1569 876 1607 appretientur
906 1568 979 1597 dicta
1009 1568 1186 1605 philosopho-

340 1628 419 1654 rum,
441 1627 475 1648 ne
496 1619 548 1647 hac
578 1618 720 1647 occasione
741 1616 861 1654 populus
893 1618 1051 1645 revertatur
1079 1615 1108 1644 in
1139 1615 1187 1644 Ae-

339 1670 471 1705 gyptum,
494 1666 536 1695 vel
557 1665 686 1703 exemplo
713 1673 811 1694 eorum
831 1664 951 1693 dimittat
972 1671 1067 1701 aquas
1096 1662 1186 1696 Sitoe,

339 1715 367 1744 in
388 1715 491 1752 quibus
512 1717 553 1743 est
574 1721 683 1743 summa
704 1712 851 1750 perfectio,
873 1714 900 1740 et
924 1710 1025 1740 vadant
1046 1709 1080 1739 ad
1101 1718 1188 1747 aquas

339 1762 584 1799 philosophorum,
607 1760 634 1789 in
655 1760 758 1797 quibus
778 1762 820 1788 est
840 1761 952 1788 aeterna
976 1757 1107 1795 deceptio.

424 1809 465 1837 13.
488 1809 629 1845 Signatum
651 1807 704 1836 suit
724 1807 776 1836 hoc
797 1806 824 1834 in
845 1805 970 1835 Gedeone
981 1806 1002 1840 4,
1024 1805 1071 1834 ubi
1086 1804 1123 1833 illi
1140 1804 1187 1841 qui

341 1856 449 1893 probati
480 1856 594 1884 suerunt
625 1855 658 1883 ad
679 1862 779 1891 aquas,
801 1853 848 1890 qui
879 1853 982 1882 scilicet
1011 1852 1189 1881 lambuerunt

341 1903 413 1932 sicut
443 1911 538 1936 canes,
560 1904 755 1939 pugnaverunt
783 1903 810 1929 et
837 1900 982 1934 vicerunt;
1015 1902 1042 1928 et
1074 1899 1111 1928 illi
1140 1899 1187 1936 qui

341 1950 416 1979 flexo
436 1949 538 1987 poplite
556 1948 692 1978 incurvati
714 1948 858 1981 biberunt,
874 1947 977 1976 reversi
993 1949 1073 1981 sunt;
1088 1949 1115 1975 et
1129 1946 1188 1975 vin-

343 1997 468 2026 centibus
488 1996 567 2025 datae
582 1998 647 2025 sunt
668 1995 763 2029 tubae,
778 1995 889 2032 lagenae
903 1998 930 2023 et
945 1994 1079 2028 laternae,
1098 1996 1125 2022 et
1139 2001 1189 2030 per

344 2044 500 2081 clangorem
521 2044 653 2073 buccinae
681 2045 708 2072 et
732 2041 945 2079 complosionem
967 2042 1127 2079 lagenarum
1149 2041 1189 2069 vi-

345 2094 451 2121 cerunt.
474 2091 519 2120 lsti
547 2094 611 2119 sunt
640 2090 773 2119 Ecclesiae
802 2088 1016 2126 praedicatores,
1039 2089 1086 2126 qui
1115 2088 1189 2117 clan-

344 2141 413 2176 gunt
441 2139 467 2167 in
495 2138 696 2176 praedicatione
724 2137 855 2165 buccina.
882 2137 1013 2174 Layenac
1041 2138 1105 2165 sunt
1126 2144 1187 2164 cor-

1233 252 1316 282 pora,
1332 242 1482 280 lampades
1504 244 1568 271 sunt
1586 241 1728 270 miracula.
1743 242 1858 278 Quando
1878 243 1952 272 enim
1966 251 2017 280 pro
2031 252 2077 274 ve-

1233 291 1314 320 ritate
1338 289 1441 318 mortui
1469 292 1550 323 sunt,
1571 288 1713 318 miraculis
1740 294 1957 319 coruscaverunt
1976 294 2004 319 et
2031 299 2077 320 su-

1233 339 1402 375 peraverunt
1433 336 1534 365 hostes.
1557 335 1602 365 lsti
1633 338 1742 370 autem,
1770 335 1818 373 qui
1849 336 1948 366 bibunt
1975 338 2078 376 linqua

1233 384 1397 414 attrahendo
1427 383 1500 412 sicut
1526 391 1625 418 canes,
1657 383 1705 421 qui
1737 391 1836 420 parum
1867 392 1956 421 aquae
1986 385 2079 423 lingua

1234 432 1381 465 hauriunt,
1403 434 1468 460 sunt
1493 431 1540 468 qui
1567 431 1600 460 de
1628 431 1803 468 philosophia
1824 429 1922 467 parum
1945 435 2078 468 sumunt3

1234 479 1281 508 sed
1302 478 1340 507 illi
1361 478 1409 515 qui
1423 477 1496 515 sleaeo
1509 478 1624 515 poplite.
1635 478 1746 511 bibunt,
1769 480 1834 506 sunt
1847 478 1895 515 qui
1917 478 2036 507 totaliter
2051 486 2080 508 se

1234 526 1271 555 ibi
1293 526 1455 559 incurvant;
1477 528 1504 554 et
1523 525 1561 554 illi
1583 528 1737 555 curvantur
1757 525 1791 554 ad
1812 533 1923 554 errores
1944 526 2080 561 infinitos,

1234 576 1261 603 et
1281 572 1343 602 inde
1364 572 1474 601 fovetur
1495 572 1663 602 fermentum
1692 573 1815 607 erroris;
1838 573 1945 602 Osee-²³:
1969 573 2082 610 Quievit

1232 620 1391 659 paululum
1401 619 1506 649 civitas
1517 628 1536 648 a
1547 620 1748 649 commixtione
1762 620 1906 658 fermenti,
1921 621 2009 650 donec
2022 619 2081 658 fer—

1234 671 1416 697 mentaretur
1437 671 1544 701 totunm
1565 670 1592 696 et
1612 667 1705 697 fovent
1719 676 1774 696 aaa
1789 668 1944 705 aspidum,
1959 672 1993 697 ut
2006 669 2082 707 quod

1235 713 1384 752 confotum
1405 713 1498 752 fuerit
1518 719 1654 752 erumpat
1675 715 1706 744 in
1726 715 1870 753 regulum.

1318 761 1361 790 14.
1384 761 1451 791 Nota
1478 761 1512 790 de
1543 761 1622 791 beato
1650 762 1808 797 Francisco,
1831 763 1878 800 qui
1907 762 2225 809 praedicabatssssfiggssfflh

1237 809 1362 838 Soldano.
1392 809 1441 838 Cui
1469 808 1542 838 dixit
1570 809 1719 844 Soldanus,
1748 810 1822 848 quod
1843 810 1998 848 disputaret
2018 819 2082 840 cum
2203 804 2208 809 ⁸

1237 856 1426 886 sacerdotibus
1448 856 1513 886 suis.
1537 857 1568 885 Et
1588 857 1633 886 ille
1653 857 1740 892 dixit,
1761 858 1836 895 quod
1864 858 2017 887 secundum
2040 867 2083 887 ra-

1239 904 1341 933 tionem
1361 904 1394 933 de
1416 904 1469 933 fide
1489 904 1625 942 disputari
1647 914 1700 934 non
1723 908 1843 942 poterat,
1859 905 1926 942 quia
1939 914 2025 943 supra
2039 914 2083 935 ra-

1238 952 1340 981 tionem
1363 954 1417 986 est,
1438 959 1489 981 nec
1519 960 1569 989 per
1600 952 1788 990 Scripturam,
1814 953 1880 990 qnia
1910 953 1998 990 ipsam
2028 961 2083 982 non

1238 1000 1394 1037 reciperent
1414 999 1466 1034 illi;
1488 1000 1535 1029 sed
1557 1000 1686 1038 rogabat,
1708 1004 1739 1029 ut
1771 1001 1850 1029 fieret
1875 1001 1957 1038 ignis,
1980 1004 2006 1030 et
2027 1000 2085 1038 ipse

1238 1050 1266 1076 et
1280 1047 1318 1076 illi
1334 1047 1477 1076 intrarent.
1494 1064 1532 1068 ν-
1546 1048 1603 1076 Non
1618 1047 1702 1085 igitur
1724 1051 1831 1077 tantum
1852 1048 2023 1077 miscendum
2044 1050 2086 1077 est
2095 1049 2225 1069 0⁰⁰²²1¹¹1³⁸¹¹r=

1238 1094 1272 1123 de
1292 1102 1365 1131 aqua
1386 1094 1576 1132 philosophiae
1607 1095 1634 1124 in
1667 1095 1763 1124 vinum
1784 1103 1878 1124 sacrae
1910 1096 2084 1133 Scripturae,

1239 1141 1314 1178 quod
1334 1141 1367 1170 de
1390 1142 1453 1170 vino
1480 1142 1527 1171 fiat
1558 1150 1644 1180 aqua;
1667 1143 1720 1172 hoc
1748 1143 1898 1180 pessimum
1919 1143 2085 1172 miraculum

1239 1192 1326 1223 esset3
1348 1192 1375 1218 et
1397 1189 1513 1226 legimus
1524 1189 1545 1224 ⁶,
1567 1190 1641 1227 quod
1661 1190 1789 1219 Christus
1810 1190 1844 1219 de
1865 1199 1938 1228 aqua
1962 1190 2026 1219 fecit
2046 1190 2087 1219 vi-

1239 1244 1323 1270 num,
1345 1244 1399 1265 non
1420 1244 1435 1265 e
1457 1244 1599 1266 converso.
1623 1253 1659 1258 —
1683 1238 1722 1266 Ex
1745 1238 1796 1266 hoc
1822 1241 1910 1275 patet,
1932 1238 2004 1275 quod
2027 1246 2087 1267 cre-

1239 1283 1368 1312 dentibus
1389 1283 1456 1312 fides
1477 1292 1531 1313 non
1552 1292 1602 1322 per
1624 1285 1774 1319 rationem,
1790 1285 1838 1314 sed
1852 1293 1901 1322 per
1916 1285 2088 1323 scripturam

1240 1333 1267 1360 et
1287 1331 1421 1360 miracula
1442 1331 1553 1368 probari
1574 1334 1672 1369 potest.
1695 1332 1723 1360 ln
1746 1333 1865 1362 Ecclesia
1885 1333 1967 1362 etiam
1992 1333 2087 1370 primi-

1241 1378 1296 1406 tiva
1317 1378 1402 1406 libros
1424 1378 1612 1415 philosophiae
1634 1380 1834 1408 comburebant
1846 1380 1865 1408 ⁷.
1881 1381 1938 1409 Non
1954 1380 2026 1409 enim
2040 1388 2088 1417 pa-

1241 1433 1290 1454 nes
1310 1426 1412 1454 mutari
1433 1425 1533 1455 debent
1554 1427 1581 1455 iu
1604 1427 1714 1463 lapides.

1323 1474 1366 1501 15.
1390 1473 1435 1502 Est
1455 1481 1522 1510 ergo
1543 1473 1626 1508 ordo,
1649 1477 1680 1502 ut
1711 1475 1790 1511 prius
1821 1475 1931 1504 studeat
1956 1475 2039 1504 homo
2061 1475 2088 1504 in
2102 1477 2197 1502 Epilogus·

1242 1528 1320 1549 sacra
1351 1520 1494 1557 Scriptura
1509 1523 1661 1557 *quantum
1692 1521 1726 1549 ad
1755 1521 1875 1550 litteram
1897 1525 1924 1551 et
1944 1523 2089 1560 spiritum,

1242 1570 1304 1605 post
1324 1568 1351 1596 in
1373 1567 1566 1605 originalibus,
1588 1571 1615 1597 et
1637 1569 1683 1597 illa
1704 1569 1831 1598 subiiciat
1852 1578 1945 1599 sacrae
1967 1570 2090 1608 Scriptu-

1243 1622 1305 1649 rae:
1327 1615 1453 1643 similiter
1474 1615 1501 1643 in
1523 1616 1633 1653 scriptis
1654 1617 1853 1654 magistrorum
1875 1621 1903 1646 et
1924 1618 1951 1646 in
1980 1618 2090 1655 scriptis

1243 1661 1486 1698 philosophorum,
1509 1662 1556 1691 sed
1578 1664 1747 1693 transeundo
1768 1667 1795 1693 et
1810 1665 1943 1699 furando,
1959 1665 2037 1702 quasi
2051 1666 2089 1694 ibi

1244 1716 1298 1737 non
1318 1708 1354 1737 sit
1374 1709 1600 1745 permanendum.
1617 1710 1688 1747 Quid
1704 1711 1811 1740 lucrata
1825 1712 1877 1741 fuit
1892 1712 2000 1747 Rachel,
2015 1712 2090 1750 quod

1243 1754 1350 1793 furata
1372 1756 1424 1785 suit
1445 1756 1524 1785 idola
1541 1758 1640 1794 patris
1660 1758 1753 1786 suiss?
1769 1759 1886 1787 Tantum
1908 1759 1959 1788 fuit
1974 1759 2089 1794 lucrata,

1244 1803 1319 1841 quod
1340 1804 1455 1833 mentita
1476 1804 1528 1833 fuit
1553 1808 1580 1833 et
1608 1805 1748 1834 simulavit
1776 1806 1963 1835 infirmitatem
1985 1809 2012 1835 et
2041 1807 2092 1835 ab·

1244 1851 1357 1879 scandit
1377 1860 1411 1880 ea
1431 1851 1530 1880 subter
1550 1856 1714 1881 stramenta
1745 1853 1849 1882 cameli
1872 1857 1897 1882 et
1917 1854 1989 1882 sedit
2009 1855 2092 1883 (Iesu-

1244 1907 1314 1936 per,·
1336 1898 1390 1931 sic,
1417 1899 1527 1935 quando
1558 1900 1686 1936 quaterni
1717 1900 1946 1938 philosophorum
1977 1901 2092 1931 abscon-

1244 1945 1359 1974 duntur.
1373 1946 1464 1983 Aquae
1479 1949 1589 1975 nostrae
1604 1955 1659 1975 non
1673 1946 1774 1976 debent
1788 1947 1954 1977 descendere
1968 1948 2002 1977 ad
2016 1956 2092 1977 mare

1244 1995 1404 2026 mortuum,
1427 1993 1474 2022 sed
1495 1994 1523 2021 in
1545 2001 1624 2022 suam
1646 1994 1762 2031 primam
1785 1994 1928 2032 originem.

1328 2041 1370 2069 16.
1393 2040 1519 2069 Secundo
1538 2043 1647 2078 oportet
1675 2042 1778 2071 habere
1806 2042 2018 2072 assiduitatem.
2042 2043 2094 2072 lm·
2104 2044 2228 2088 {gngffiggge

1246 2087 1433 2125 pedinientum
1456 2088 1529 2117 enim
1560 2091 1601 2117 est
1627 2089 1780 2118 maximum
1810 2089 1889 2119 lectio
1917 2091 2092 2128 vagabunda,

1245 2135 1325 2172 quasi
1350 2135 1477 2172 plantans
1507 2135 1588 2164 modo
1619 2136 1679 2170 hic,
1701 2136 1782 2165 modo
1813 2137 1866 2172 ibi;
1894 2137 1975 2166 modo
2002 2139 2093 2175 legere

407 2320 415 2333 ¹
432 2320 478 2344 Csr.
495 2321 510 2343 Ι.
527 2320 579 2344 Cor.
596 2321 620 2349 1,
639 2322 675 2343 12.
692 2327 757 2350 seqq.

406 2359 415 2373 ²
433 2360 488 2389 Cap.
505 2361 531 2389 8,
549 2361 570 2383 6.
588 2364 610 2383 et
626 2361 648 2383 7.
665 2360 710 2383 Csr.
727 2365 797 2387 supra
814 2359 886 2382 collat.
907 2360 941 2382 l7.
958 2366 979 2382 n.
998 2360 1034 2382 27.

407 2398 416 2412 ⁸
433 2400 502 2428 Epist.
520 2400 549 2422 2⁴2
574 2406 595 2422 n.
613 2400 649 2422 30.
667 2400 696 2422 de
713 2406 738 2422 se
754 2399 805 2428 ipso
822 2399 951 2421 confltetur:
969 2400 1046 2428 ltaque
1063 2400 1133 2422 miser
1145 2406 1189 2428 ego

343 2441 443 2464 lecturus
459 2440 557 2462 Tullium
575 2439 713 2462 iciunabam.
730 2440 782 2462 Post
797 2438 898 2461 noctium
915 2438 1008 2461 crebras
1018 2439 1120 2467 vigilias,
1138 2442 1190 2468 post

344 2480 469 2507 lacrymas,
485 2485 544 2507 quas
567 2478 624 2501 mihi
648 2478 822 2507 praeteritorum
848 2477 975 2500 recordatio
999 2481 1146 2506 peccatorum
1162 2485 1189 2502 ex

344 2518 397 2540 imis
414 2517 542 2540 visceribus
558 2517 664 2546 eruebat,
682 2518 773 2540 Plautus
794 2516 928 2539 sumebatur
952 2517 975 2539 in
1000 2524 1104 2540 manus...
1128 2518 1188 2541 Dum

345 2559 374 2581 ita
392 2564 429 2580 me
445 2557 552 2586 antiquus
568 2564 662 2585 serpens
678 2557 791 2585 illuderet,
803 2557 825 2578 iu
837 2556 912 2579 media
926 2558 996 2579 ferme
1008 2558 1189 2586 Quadragesima

346 2597 451 2620 medullis
467 2597 540 2619 infusa
558 2596 627 2619 febris
648 2602 733 2624 corpus
754 2596 838 2618 invasit
857 2596 1015 2618 exhaustum...
1037 2603 1091 2619 cum
1113 2597 1189 2620 subito

345 2638 424 2664 raptus
440 2635 463 2657 in
480 2635 560 2663 spiritu
577 2635 607 2658 ad
623 2634 721 2658 tribunal
738 2634 820 2657 iudicis
837 2635 981 2663 pertrahor...
996 2636 1148 2664 Interrogatus
1160 2636 1189 2659 de

346 2675 485 2703 conditione,
502 2674 654 2697 Christianum
673 2681 710 2697 nie
726 2681 775 2697 esse
792 2674 908 2703 respondi.
925 2675 951 2696 Et
967 2674 1002 2697 ille
1019 2675 1059 2704 qui
1076 2676 1190 2704 praeside-

346 2713 395 2736 bat:
414 2714 524 2743 Mentiris,
541 2714 582 2742 ait,
599 2713 761 2737 Ciceronianus
777 2720 814 2742 es,
830 2719 877 2736 non
898 2712 1049 2742 Christianus;
1072 2714 1112 2738 ubi
1127 2714 1190 2738 enim

347 2752 473 2776 thesaurus
490 2754 558 2780 tuus,
576 2752 608 2775 ibi
623 2754 645 2776 et
660 2759 701 2776 cor
719 2754 787 2776 tuum
804 2752 896 2782 [Matth.
913 2752 939 2781 6,
958 2753 982 2774 21
990 2751 1015 2782 .],
1032 2753 1090 2776 lllico
1107 2753 1190 2776 obmu—

346 2792 391 2819 tui,
407 2794 430 2814 et
445 2792 503 2814 inter
519 2791 629 2820 verbera,
646 2798 699 2814 nam
716 2792 780 2815 caedi
798 2798 835 2814 me
851 2792 959 2820 iusserat,
977 2792 1127 2815 conscientiae
1145 2799 1190 2815 ma-

347 2831 382 2859 gis
398 2831 451 2859 igne
467 2830 592 2859 torquebar
608 2834 650 2853 etc.

408 2868 418 2882 ⁴
435 2870 505 2892 ludic.
522 2870 549 2897 7,
568 2869 589 2892 li.
608 2876 673 2899 seqq.
685 2869 730 2893 Csr.
742 2870 849 2898 Gregor„
862 2869 937 2892 XXX.
950 2870 1026 2892 llloral.
1037 2877 1056 2893 e.
1069 2871 1106 2894 25.
1117 2878 1140 2893 n.
1151 2871 1190 2893 74.

348 2916 424 2939 seqq,
441 2909 481 2932 ubi
498 2909 534 2932 hic
551 2909 613 2932 locus
629 2909 697 2932 simili
713 2909 783 2932 modo
804 2909 935 2937 explicatur.
952 2908 985 2931 lbi
1001 2915 1024 2932 n.
1040 2909 1078 2932 75.
1095 2910 1190 2933 dicitur:

349 2949 484 2977 Designatur
500 2948 576 2977 itaque
593 2948 616 2970 in
633 2947 693 2971 tubis
705 2948 790 2970 clamor
802 2947 994 2976 praedicantium,
1006 2948 1029 2970 in
1041 2947 1190 2978 lampadibus

348 2988 437 3010 claritas
454 2987 629 3016 miraculorum,
646 2987 668 3009 in
685 2987 775 3016 lacertis
794 2988 901 3016 fragilitas
917 2994 1049 3016 corporum.
1066 2988 1132 3010 Num.
1147 2987 1189 3010 74:

1246 2319 1320 2350 Aquis
1336 2326 1437 2349 namque
1454 2320 1556 2342 doctrina
1573 2319 1708 2349 sapientiae,
1719 2321 1795 2349 stante
1806 2322 1886 2343 autem
1896 2326 1958 2350 qamt
1969 2323 2030 2343 recta
2042 2327 2095 2349 ope-

1246 2359 1303 2382 ratio
1320 2359 1462 2388 designatur.
1479 2360 1523 2388 Qui
1534 2366 1601 2387 ergO,
1614 2359 1671 2382 duni
1683 2366 1755 2389 aquas
1767 2359 1861 2388 bibunt,
1875 2359 2034 2389 qenusleoessse
2044 2366 2094 2389 per-

1246 2399 1364 2427 hibentur,
1381 2406 1393 2422 a
1411 2399 1522 2422 bellorum
1539 2399 1663 2422 certamine
1679 2399 1789 2428 prohibiti
1805 2402 1948 2422 recesserunt
1964 2402 2007 2422 etc.
2056 2424 2059 2426 ,

1309 2437 1319 2450 ⁵
1335 2438 1391 2467 Cap.
1408 2438 1435 2466 7⁷
1454 2438 1474 2460 4.
1490 2450 1522 2455 --
1539 2439 1591 2467 Seq.
1608 2438 1671 2461 locus
1687 2441 1722 2461 est
1743 2438 1793 2461 lsai.
1810 2439 1852 2467 59,
1869 2439 1896 2461 5:
1913 2438 1962 2461 Ova
1984 2438 2093 2467 aspidum

1246 2481 1358 2506 ruperunt
1374 2480 1397 2500 et
1413 2478 1468 2500 telas
1484 2483 1580 2500 araneae
1597 2480 1717 2500 texuerunt
1723 2486 1729 2505 ;
1746 2477 1787 2506 qui
1803 2477 1929 2500 comederit
1944 2477 1974 2500 de
1991 2478 2042 2501 ovis
2057 2484 2094 2501 eo-

1246 2524 1298 2540 rum
1316 2517 1437 2544 morietur;
1454 2519 1476 2539 et
1492 2517 1555 2545 quod
1572 2518 1688 2539 confotum
1706 2519 1740 2540 est
1759 2519 1866 2545 erumpet
1887 2516 1909 2538 iu
1931 2517 2058 2545 regulum.-

1308 2554 1318 2568 ⁶
1335 2558 1395 2579 loan.
1412 2558 1439 2585 2,
1456 2556 1478 2579 7.
1496 2562 1560 2585 seqq.
1577 2568 1608 2572 —
1625 2556 1658 2578 De
1679 2557 1702 2579 S.
1718 2555 1837 2578 Francisco
1863 2556 1903 2578 cfr.
1928 2556 2027 2584 Bonav.,
2052 2557 2092 2579 Le-

1246 2596 1322 2624 genda
1340 2597 1362 2619 S.
1379 2596 1503 2625 Francisci,
1520 2602 1540 2618 c.
1557 2596 1579 2618 9.

1308 2634 1317 2648 ⁷
1335 2635 1380 2659 Csr.
1393 2636 1442 2658 Act.
1454 2636 1494 2664 19,
1507 2635 1544 2658 19.
1556 2635 1668 2658 Alluditur
1679 2635 1708 2658 ad
1720 2635 1774 2658 Luc.
1787 2635 1811 2657 11
1823 2653 1828 2663 ,
1846 2635 1884 2657 11.
1900 2637 1923 2657 et
1939 2635 2015 2658 Matth.
2032 2634 2058 2664 4,
2070 2635 2093 2658 3.

1309 2674 1318 2687 ⁵
1334 2675 1381 2699 Cfr.
1397 2676 1451 2698 Gen.
1469 2676 1511 2704 3¹,
1529 2675 1566 2698 19.
1582 2675 1640 2698 lbid.
1657 2682 1680 2697 v.
1697 2674 1734 2697 34.
1751 2676 1774 2697 et
1790 2674 1828 2697 35.
1844 2680 1893 2703 seq.
1909 2674 1981 2697 locus.
1997 2674 2093 2697 Inferius

1246 2715 1366 2744 respicitur
1378 2716 1421 2738 los.
1433 2715 1457 2744 3,
1470 2711 1511 2743 16,
1523 2714 1563 2737 ubi
1578 2717 1694 2743 narratur,
1711 2713 1787 2743 quod,
1803 2713 1907 2741 ingresso
1924 2713 2010 2742 populo
2026 2713 2092 2736 lsrael

1246 2755 1379 2782 Iordanem,
1399 2763 1410 2774 α
1422 2756 1532 2777 steterunt
1547 2760 1644 2783 aquae...
1661 2759 1721 2782 quae
1745 2754 1822 2775 autem
1847 2752 1965 2775 inferiores
1989 2754 2053 2775 erant
2068 2752 2092 2774 in

1246 2800 1310 2816 mare
1326 2793 1466 2822 solitudinis,
1482 2793 1546 2822 quod
1566 2799 1627 2815 nuuc
1651 2794 1747 2815 vocatur
1764 2794 1894 2820 mortuum,
1911 2790 2091 2819 descenderunt,

1246 2839 1368 2862 usquequo
1390 2833 1483 2855 omnino
1499 2832 1623 2855 deficerent
1634 2841 1656 2854 ι).
1673 2832 1708 2854 Ps.
1726 2831 1779 2860 113,
1796 2831 1823 2854 3:
1845 2831 1946 2856 Iordanis
1966 2837 2092 2854 conversus

1246 2874 1280 2895 est
1296 2875 1431 2895 retrorsum.
1447 2871 1492 2895 Cir.
1509 2878 1579 2900 supra
1596 2871 1667 2894 collat.
1686 2870 1722 2893 14.
1739 2877 1761 2893 n.
1778 2871 1815 2892 22.
1826 2882 1857 2887 —
1874 2870 1909 2899 Du
1926 2870 2015 2899 Gange,
2031 2870 2092 2892 Glos-

1246 2911 1333 2934 sarium
1349 2914 1404 2934 etc.:
1423 2910 1573 2938 Quaternum
1584 2910 1620 2933 vel
1632 2911 1763 2940 quaternus
1774 2910 1866 2932 chartae
1883 2911 2027 2938 compactae,
2043 2909 2092 2931 Gel-

1247 2950 1288 2972 lice
1305 2949 1393 2973 cahier.
