2285 3398
25 699 54 719 De
67 699 154 723 largitate

42 725 61 742 et
73 727 154 749 pauper-

39 748 78 788 ffige
98 752 154 770 epu-l-

18 2057 150 2078 eoronartum.

620 194 662 222 DE
686 194 906 229 t'liltFECTlONli
929 194 1129 227 EVANGfflACA
1151 195 1284 231 QUAEST.
1310 197 1335 224 ll.
1360 197 1430 225 ΛΚΤ.
1448 198 1470 225 l.

171 271 251 300 ritate
277 272 395 308 probare
417 280 574 309 possumus.
598 272 733 301 Habonius
754 273 826 301 enirn
848 273 875 301 in
898 273 1017 309 Evange*

171 318 225 347 lio:
248 318 282 347 Ξῖ
301 318 345 347 vis
367 319 406 348 ad
427 319 517 347 vitam
539 319 671 356 inm-edi,
686 328 772 348 serva
786 320 937 349 mandata.
954 319 1019 348 Non

171 365 361 395 homicidium
382 365 474 404 facies
489 370 539 395 etc.
557 367 625 395 llaec
639 370 704 395 sunt
718 367 815 396 media
830 367 941 406 officia,
957 367 1018 404 qui-

171 413 224 441 bus
251 413 355 450 aliquid
383 413 467 442 deest.
498 413 531 442 Sz'
559 413 600 441 tit's
624 413 771 451 perlectus
791 423 865 448 esse,
894 414 967 443 vade
994 417 1019 442 et

170 460 258 488 venile
279 460 390 494 omma,
406 468 480 498 qnae
496 459 599 494 hahes,
621 463 645 488 et
660 461 699 488 (la
713 461 896 497 pauperibus
906 484 913 495 ,
929 464 956 489 et
970 460 1017 489 ubi

170 505 321 543 diligendos
342 506 466 535 inimicos
487 510 513 535 et
534 506 670 540 orandum
692 506 757 535 dicit
778 514 828 543 pro
849 507 1018 535 calumnian-

169 553 243 581 tibus
264 556 291 581 et
305 553 537 590 persequentibus
552 561 617 587 nos,
632 553 654 582 si
670 554 800 582 volumus
815 554 927 590 perfecti
948 562 1016 583 esse.

169 600 222 628 Hoc
244 603 285 628 est
302 598 465 637 perfectum
486 600 631 638 officium,
652 600 725 637 quod
745 600 925 629 cutm-climaci
940 601 1017 629 dixe-

169 650 236 675 runt
256 647 368 681 Graeci,
390 655 446 684 quo
471 647 651 684 corriguntur
679 647 787 681 omnia,
816 656 886 685 quac
911 648 1018 685 aliquos

168 696 321 729 potuerunt
343 694 435 730 lapsus
458 694 559 723 habere
575 706 601 721 ».
618 710 654 714 —
671 694 809 731 Larymna
831 695 931 731 igitur,
947 703 1018 732 quae

166 740 318 768 attenditur
340 740 492 769 secundum
514 741 635 769 olliciuni
658 741 802 776 maltum,
829 742 855 770 in
878 742 1018 778 largiendo

168 789 260 815 servat
280 787 401 816 modum.
426 788 594 824 Paupertas
622 796 688 816 vcro
715 788 856 825 spiritus,
878 797 949 825 quae
977 791 1017 817 at-

169 834 292 862 tenditur
308 834 459 863 secundum
475 835 596 863 officium
609 835 789 872 perfectum,
806 836 903 865 tribuit
918 839 1015 864 totum.

168 880 243 909 Unde
272 881 298 908 in
326 882 421 909 eodem
450 881 536 915 libro,
566 882 591 909 in
618 885 735 910 tractatu
757 882 790 911 de
813 883 1014 911 liberalitate1:

172 927 312 964 «Liquet,
341 928 441 956 debere
469 936 529 957 esse
557 929 668 956 modum
692 929 876 962 liberalitatis,
906 936 939 957 ne
968 929 1015 957 liat

165 973 271 1002 inutilis
296 974 423 1011 largitas,
452 975 532 1003 cuius
560 975 694 1003 sobrietas
721 978 762 1003 est
790 975 946 1003 tenenda».
976 975 1014 1004 De

165 1029 222 1058 quo
242 1021 323 1050 modo
344 1022 504 1059 subiungit:
533 1022 655 1051 «Modus
682 1022 851 1051 liberalitatis
880 1022 1014 1050 tenendus

165 1071 221 1102 est,
244 1071 275 1097 ut
297 1069 369 1105 quod
392 1069 461 1097 bene
482 1069 564 1103 sacis,
593 1069 620 1097 id
648 1069 770 1106 quotidie
798 1069 888 1098 facere
909 1069 1012 1105 possis,

166 1123 199 1144 ne
228 1115 377 1144 subtrahas
409 1116 564 1145 necessitati
600 1116 674 1153 quod
701 1116 850 1145 indulseris
877 1116 1011 1144 effusioni.

165 1162 254 1191 Potuit
275 1163 347 1191 enim
368 1163 471 1191 donare
494 1163 589 1200 loseph
612 1165 682 1192 totas
703 1163 814 1200 Aegypti
835 1170 910 1199 opes,
925 1163 1012 1191 effun-

164 1210 229 1238 dere
251 1209 396 1238 thesauros
418 1210 523 1247 regios,
546 1210 633 1238 noluit
648 1213 739 1238 tamen
754 1209 787 1238 de
805 1209 894 1238 alieno
908 1209 1013 1238 effusus

164 1256 258 1284 videri.
282 1257 376 1285 Maluit
397 1256 537 1285 frumenta
561 1256 680 1286 vendere
708 1264 791 1293 quam
819 1256 922 1285 donare
950 1264 1013 1285 esu-

164 1302 312 1336 rientibus,
334 1303 415 1340 quia,
437 1303 459 1332 si
482 1303 577 1340 paucis
597 1303 740 1337 donasset,
761 1303 890 1340 pluribus
911 1303 1012 1332 defuis-

163 1353 245 1379 set».
269 1350 319 1379 Sed
342 1350 393 1379 hoc
415 1353 520 1387 spectat
541 1350 575 1379 ad
596 1349 721 1388 officium
747 1350 891 1384 medium,
914 1358 1012 1379 secun-

162 1397 229 1425 dum
251 1397 324 1434 quod
347 1397 404 1434 ipse
425 1397 488 1426 alibi
510 1397 588 1431 dicit,
611 1400 731 1425 tractans
752 1397 780 1425 in
802 1396 896 1425 eodem
919 1392 1012 1425 libro2

162 1443 230 1472 illud
252 1444 369 1481 Apostoli
385 1456 390 1472 :
413 1444 477 1473 Non
492 1448 524 1472 ut
538 1444 607 1472 aliis
620 1444 660 1472 Sic
673 1442 805 1480 refectio,
823 1443 900 1471 uobis
915 1447 1011 1472 autem

161 1491 322 1528 (anquene.-
356 1503 368 1515 «
383 1491 569 1524 Advertimus,
594 1490 825 1527 quemadmodum
848 1490 1011 1519 benevolen-

162 1538 227 1566 tiam
249 1541 276 1566 et
299 1538 489 1566 liberalitatem
511 1540 538 1566 et
557 1537 671 1566 modum
686 1535 937 1574 comprehendit'et
952 1538 1010 1566 fru-

162 1588 237 1612 ctum
260 1588 343 1621 atque
364 1591 514 1621 personas,
535 1584 596 1612 ideo
610 1584 747 1618 niodum,
763 1584 829 1621 quia
842 1585 1011 1621 imperfectis

161 1631 243 1659 dabat
264 1631 409 1660 consilium
421 1642 428 1666 ;
454 1639 508 1659 non
530 1631 602 1659 enim
624 1631 769 1668 patiuntur
790 1631 931 1669 angustias
958 1632 1009 1660 nisi

160 1677 313 1714 imperfecti
328 1690 354 1705 ».
371 1694 407 1698 —
422 1678 526 1707 Verum
543 1677 608 1715 quia
622 1677 782 1715 perfecti-oni
805 1686 857 1707 non
874 1682 1010 1715 repugnat

160 1724 272 1753 modum
294 1728 403 1759 tenere,
426 1725 448 1754 si
464 1725 527 1762 quis
540 1725 679 1762 dispenset
694 1725 765 1754 bona
780 1726 929 1759 Ecclesiae;
949 1725 1009 1754 ideo

162 1772 323 1810 subiungit:
350 1772 429 1801 «Sed
451 1772 472 1801 si
495 1772 557 1809 quis
578 1773 674 1801 nolens
702 1772 848 1801 Ecclesiam
877 1773 1009 1809 gravare,

162 1818 189 1847 in
211 1819 363 1848 sacerdotio
386 1819 560 1847 constitutus
573 1819 665 1854 aliquo
686 1821 734 1847 aut
758 1819 926 1853 ministerio,
954 1827 1009 1847 non

161 1868 266 1899 totum,
289 1866 362 1902 quod
384 1865 481 1899 habet,
504 1865 641 1899 conferat,
663 1865 709 1893 sed
730 1868 862 1902 operetur
880 1874 943 1894 cum
960 1866 1009 1894 ho-

161 1915 282 1946 nestate,
304 1915 440 1949 quantum
461 1911 551 1939 officio
572 1915 613 1940 sat
633 1915 692 1946 est;
715 1920 769 1941 non
791 1912 859 1941 mihi
882 1913 1009 1949 imperfe-

161 1962 222 1987 ctus
243 1958 352 1987 videtur
368 1971 394 1986 n.

240 2006 280 2034 Ex
302 2006 382 2035 dictis
403 2006 487 2043 igitur
509 2006 662 2043 colligitur,
678 2006 751 2043 quod
766 2006 829 2035 licet
844 2006 955 2035 virtutis
969 2015 1011 2036 se—

161 2053 283 2082 cundum
305 2056 415 2081 Siccium
437 2061 616 2081 communem
638 2056 665 2081 et
686 2052 813 2090 officiam
834 2053 961 2081 medium
976 2053 1011 2082 sit

161 2104 256 2130 tenere
276 2100 416 2133 medium,
435 2098 623 2137 perfectionis
652 2102 743 2128 tamen
771 2100 942 2136 evangelicae
970 2104 1011 2129 est

161 2147 320 2184 relinquere
342 2149 438 2175 totum.
462 2146 487 2175 Si
510 2149 601 2175 tamen
624 2146 655 2175 ivn
676 2147 824 2175 commum·
843 2147 947 2184 aliquid
962 2148 1010 2176 ha—

162 2195 277 2229 beatur,
299 2197 331 2222 ut
351 2193 544 2230 dispensetur,
567 2193 618 2222 hoc
639 2202 693 2222 ΠοΠ
715 2193 779 2222 facit
799 2194 1010 2231 imperfectum;

161 2249 212 2270 nec
234 2245 325 2270 totum
353 2240 558 2269 uniuersaliter
579 2240 741 2278 relinquere
761 2240 826 2269 dicit
846 2248 1009 2275 excessum,

162 2289 228 2326 quia
250 2289 302 2319 hoc
324 2291 428 2326 spectat
448 2287 482 2316 ad
500 2286 662 2324 perfectum
683 2287 824 2326 officium,
839 2291 870 2316 ut
884 2291 959 2325 patet
973 2296 1009 2317 ex

1865 198 1917 227 133

1077 273 1119 301 liis
1140 281 1211 310 quae
1231 273 1303 301 dicta
1325 278 1404 308 sunt,
1419 277 1446 303 ct
1460 284 1496 303 cx
1512 276 1563 304 hoc
1578 276 1650 312 quod
1666 277 1826 305 Ambrosius
1840 284 1919 313 prae—

1076 320 1159 348 mittit
1181 320 1207 348 in
1230 322 1402 357 praecedenti
1423 322 1580 358 capitul0³‚
1607 324 1652 351 ubi
1675 324 1713 351 sic
1735 324 1788 352 ait:
1816 335 1828 348 «
1843 324 1918 352 Cete-

1076 375 1138 395 rum
1160 367 1293 395 Dominus
1321 376 1374 396 non
1396 368 1477 396 simul
1500 370 1559 397 vult
1580 370 1681 398 cllundi
1703 379 1783 407 opes,
1811 370 1858 399 sed
1879 370 1919 398 di-

1075 414 1214 450 spensari,
1230 414 1281 443 nisi
1296 414 1381 448 forte,
1398 418 1428 443 ut
1445 415 1563 450 liliseus,
1580 416 1662 445 boves
1683 425 1747 445 suos
1767 417 1865 445 occidit
1892 419 1919 445 et

1076 461 1150 498 pavit
1171 469 1306 498 pauperes
1328 470 1363 490 ex
1385 470 1416 490 co
1437 463 1510 499 quod
1533 463 1643 496 habuit,
1663 467 1694 492 ut
1709 464 1784 492 nulla
1799 472 1866 492 cura
1880 467 1919 492 te-

1075 511 1189 537 neretur
1210 508 1373 542 domestica,
1395 509 1442 537 sed
1464 510 1566 538 relictis
1587 510 1730 544 omnibus,
1754 511 1779 538 in
1801 510 1920 547 discipli-

1075 563 1137 583 nam
1159 555 1347 592 propheticam
1369 564 1397 584 se
1419 556 1496 585 daret
1512 568 1537 584 ».
1568 557 1592 585 Si
1619 565 1684 594 ergo
1708 566 1757 593 pro
1778 558 1921 594 disciplina

1075 602 1235 638 prophetica
1257 605 1321 630 sunt
1335 602 1428 631 omnia
1442 603 1638 640 relinquenda,
1654 605 1741 632 multo
1756 604 1855 633 soi-tius
1870 612 1920 641 pro

1074 649 1241 685 perfectione
1262 650 1424 687 evangelica.

1153 697 1179 724 7.
1202 696 1238 725 Ad
1261 697 1328 725 illud
1349 697 1422 734 quod
1444 697 1586 731 obiicitur,
1608 698 1681 734 quod
1703 699 1794 726 onmia
1814 699 1918 735 disper-

1074 751 1138 779 gere
1159 746 1200 772 est
1222 743 1414 780 prodigalitas3
1430 744 1590 779 dicendum,
1613 745 1685 781 quod
1709 748 1774 773 tunc
1795 749 1836 773 est
1857 754 1920 782 pro·
1934 750 2048 769 Notandum-

1073 789 1212 826 digalitas,
1234 790 1344 827 quando
1365 790 1457 819 omnia
1483 791 1682 828 disperguntur
1711 800 1760 828 pro
1786 792 1919 827 vanitate,

1073 845 1126 865 non
1148 840 1254 871 autem,
1276 838 1386 874 quando
1406 838 1507 866 dantur
1523 846 1573 875 pro
1588 839 1720 871 utilitate;
1738 842 1765 867 et
1780 839 1818 867 sic
1833 842 1873 868 est
1887 839 1920 867 de

1072 883 1229 920 evangelica
1254 887 1432 921 paupertate,
1455 885 1534 921 quia,
1556 886 1627 914 sicut
1647 885 1748 914 dicitur
1771 886 1851 914 Marci
1873 886 1920 914 ‹le-

1071 930 1179 964 cim021,
1196 931 1329 959 Dominus
1344 932 1507 968 centuplum
1521 932 1647 960 restituet
1661 932 1688 960 in
1704 933 1839 969 praesenti
1856 940 1918 961 cum

1072 976 1312 1012 tribulationibus,
1335 981 1361 1006 et
1383 978 1409 1006 in
1432 979 1527 1007 l'uturo
1547 980 1637 1008 vitam
1657 983 1814 1008 aeternam.
1838 980 1920 1008 Secus

1070 1027 1162 1051 autem
1184 1027 1226 1052 est
1246 1025 1279 1053 de
1294 1026 1443 1053 universali
1460 1027 1612 1055 retentione
1627 1027 1758 1055 oninium.
1783 1027 1828 1055 Illa
1847 1027 1919 1055 enim

1069 1077 1123 1097 non
1145 1070 1176 1097 fit
1198 1079 1247 1106 pro
1269 1071 1404 1107 spirituali
1428 1072 1560 1105 utilitate,
1582 1073 1628 1100 scd
1644 1073 1730 1109 inagis
1746 1081 1795 1108 pro
1810 1076 1921 1101 terrena

1070 1116 1237 1152 cupiditate,
1259 1117 1319 1146 ideo
1341 1126 1395 1146 non
1417 1121 1458 1146 est
1479 1118 1567 1147 simile
1589 1119 1653 1147 hinc
1674 1122 1701 1147 et
1723 1119 1792 1147 inde.

1148 1163 1173 1190 8.
1196 1162 1233 1191 Ad
1255 1163 1323 1191 illud
1344 1164 1418 1200 quod
1436 1164 1565 1192 obiicitur
1594 1165 1627 1192 [le
1648 1165 1694 1193 illo
1715 1165 1762 1201 qui
1784 1165 1827 1193 alii
1854 1166 1920 1194 sub-

1070 1209 1155 1237 trahit
1176 1210 1331 1238 necessaria
1358 1213 1429 1244 etc.;
1458 1210 1620 1245 dicendum,
1643 1211 1717 1247 quod
1738 1219 1791 1239 non
1814 1215 1856 1240 est
1883 1212 1919 1240 si-
1934 1216 2043 1243 Defectus,¹

1069 1256 1152 1285 mile:
1174 1256 1240 1293 quia
1261 1256 1308 1293 qui
1330 1256 1470 1285 subtrahit
1500 1257 1555 1285 alii
1582 1258 1737 1286 necessaria
1761 1258 1920 1287 violentiam
1937 1242 2047 1263 ”memb

1068 1303 1133 1332 facit
1154 1306 1181 1332 et
1202 1303 1307 1332 inducit
1328 1311 1392 1332 eum
1420 1304 1447 1332 in
1476 1307 1668 1341 paupertatem
1696 1305 1919 1334 involuntariam.

1069 1350 1120 1387 Qui
1143 1353 1234 1379 autem
1257 1351 1396 1379 subtrahit
1414 1350 1472 1379 sthi·
1492 1351 1647 1380 voluntarie
1668 1352 1731 1381 sacit
1752 1355 1779 1381 et
1799 1352 1827 1380 in
1853 1360 1922 1389 pau-

1068 1400 1202 1434 pertatem
1226 1398 1410 1427 voluntariam
1432 1406 1461 1427 se
1482 1398 1605 1433 inducit;
1628 1407 1659 1428 ac
1680 1407 1729 1436 per
1752 1399 1820 1433 hoc,
1849 1399 1920 1428 sicut

1067 1448 1263 1481 argumentum
1287 1445 1355 1474 illud
1376 1454 1431 1474 non
1453 1446 1541 1474 valet:
1564 1448 1713 1482 paupertas
1734 1446 1921 1475 involuntaria

1067 1500 1122 1519 non
1143 1495 1185 1520 est
1207 1492 1367 1526 laudabilis,
1389 1500 1455 1529 ergo
1477 1500 1526 1521 nec
1542 1493 1716 1529 voluntaria;
1739 1493 1777 1521 sic
1799 1501 1853 1521 non
1875 1501 1920 1522 co-

1067 1538 1106 1575 git
1134 1539 1204 1567 ratio
1232 1539 1380 1575 praedicta.
1405 1556 1441 1560 -
1463 1540 1538 1568 Alius
1563 1540 1645 1568 etiam
1673 1540 1796 1569 defectus
1823 1542 1864 1569 est
1892 1540 1919 1568 in
1933 1544 2044 1565 Desectusss

1067 1589 1232 1622 argumento
1260 1586 1408 1622 praedicto.
1442 1587 1565 1615 Procedit
1586 1587 1659 1615 enim
1680 1595 1730 1624 per
1752 1586 1916 1624 suppositio-

1067 1640 1129 1661 nem
1152 1632 1225 1666 t'alsi,
1248 1641 1298 1669 pro
1319 1641 1351 1662 eo
1373 1634 1447 1670 quod
1468 1633 1597 1662 omnibus
1625 1634 1819 1663 universaliter
1841 1634 1921 1663 abre—

1066 1679 1197 1708 nuntians
1218 1680 1372 1708 necessaria
1393 1680 1506 1708 omnino
1527 1680 1578 1709 sibi
1600 1689 1654 1709 non
1677 1681 1832 1716 subtrahit,
1854 1682 1920 1718 quia

1065 1726 1173 1754 divinae
1198 1726 1386 1762 providentiae
1412 1727 1537 1763 regimini
1567 1735 1595 1755 se
1623 1727 1768 1756 committit
1795 1731 1823 1756 et
1847 1728 1919 1756 mul-

1066 1776 1108 1801 tos
1128 1772 1236 1801 vivendi
1258 1773 1354 1802 modos
1381 1775 1408 1802 et
1435 1773 1584 1810 quaerendi
1614 1774 1768 1802 necessaria
1795 1774 1846 1802 sibi
1875 1782 1918 1803 re-

1065 1819 1166 1856 linquit
1177 1819 1197 1847 ⁵.

1146 1867 1170 1894 9.
1194 1866 1231 1895 Ad
1252 1866 1320 1895 illud
1341 1867 1415 1904 quod
1437 1867 1581 1902 obiicitur,
1597 1868 1671 1905 quod
1692 1876 1720 1897 se
1742 1868 1856 1905 exponit
1870 1876 1917 1905 pe-

1067 1913 1156 1941 riculo
1167 1913 1261 1948 famis;
1276 1914 1440 1949 dicendum,
1452 1914 1635 1952 quodfalsum
1647 1918 1704 1950 est,
1719 1915 1791 1944 sicut
1805 1916 1917 1944 omnino

1067 1963 1182 1997 apparet
1203 1969 1238 1989 ex
1260 1961 1408 1998 praedictis
1428 1964 1455 1990 et
1469 1962 1612 1991 manifeste
1627 1962 1765 2000 colligitur
1780 1971 1816 1991 ex
1830 1963 1918 1991 omni-

1068 2007 1120 2036 bus
1149 2007 1321 2044 temporibus
1349 2009 1502 2037 retroactis.
1531 2009 1673 2046 Nusquam
1698 2010 1771 2038 enim
1792 2012 1819 2038 et
1847 2018 1918 2039 nun-

1067 2062 1149 2091 quam
1172 2054 1288 2091 legitur,
1311 2055 1385 2091 quod
1405 2056 1505 2092 aliquis
1527 2056 1620 2084 volens
1635 2056 1663 2084 in
1677 2059 1840 2093 paupertate
1861 2058 1917 2086 Deo

1067 2101 1172 2129 servire
1199 2109 1250 2138 pro
1277 2101 1386 2130 defectu
1414 2102 1466 2130 cibi
1495 2102 1567 2131 same
1591 2103 1713 2139 perierit.
1737 2103 1768 2131 Et
1795 2104 1847 2132 hoc
1875 2107 1916 2133 est

1067 2147 1142 2184 quod
1162 2147 1227 2176 dicit
1248 2148 1439 2185 Augustinus⁶
1462 2149 1490 2177 in
1511 2152 1631 2178 tractatu
1652 2150 1772 2187 quodam
1793 2150 1826 2179 de
1847 2150 1915 2179 Ora-

1067 2194 1139 2223 tione
1160 2194 1311 2224 dominica:
1338 2207 1351 2220 «
1366 2195 1459 2233 Neque
1480 2196 1553 2225 enim
1572 2197 1666 2226 deesse
1687 2198 1864 2234 quotidianus
1878 2199 1916 2227 ci-

1067 2241 1120 2270 bus
1134 2244 1223 2278 potest
1238 2241 1326 2277 iusto,
1342 2250 1405 2271 eum
1421 2243 1555 2280 scriptum
1578 2244 1628 2272 sit:
1648 2244 1712 2272 Non
1734 2245 1840 2273 occidet
1861 2246 1916 2274 Do-

1066 2290 1166 2317 minus
1186 2288 1265 2327 fame
1286 2290 1421 2319 animam
1441 2290 1532 2325 iusti;
1546 2294 1574 2320 et
1587 2291 1708 2320 iterum:
1730 2292 1835 2321 Iunior
1848 2291 1913 2330 fici,

224 2475 231 2487 ¹
250 2475 312 2498 Libr.
330 2476 354 2498 ll.
371 2482 391 2498 c.
410 2476 446 2498 vlb'.
464 2482 486 2497 n.
503 2475 545 2497 76:
558 2474 640 2502 Liquet
652 2474 720 2502 igitur
732 2474 840 2498 debere...
852 2476 953 2503 largitas.
969 2476 1007 2498 So-

161 2515 246 2537 brietas
263 2515 361 2537 tenenda
380 2518 427 2542 est,
444 2515 543 2537 maxime
559 2513 731 2542 sacerdotibus,
748 2518 773 2537 ut
793 2521 838 2538 non
861 2521 904 2543 pro
926 2516 1008 2538 iactan-

162 2554 204 2581 tia,
222 2554 264 2576 sed
281 2560 324 2582 pro
342 2554 425 2577 iustitia
443 2554 584 2581 dispensent.
599 2565 631 2569 —
647 2553 700 2582 Seq.
718 2554 782 2576 locus
802 2557 836 2577 est
858 2553 912 2577 ibid.
930 2560 953 2577 Π.
968 2555 1007 2578 ’78.

161 2599 210 2622 seq.
227 2593 281 2615 Post
297 2592 409 2623 effusioni
425 2596 500 2615 textus
517 2591 633 2620 originalis
650 2592 716 2620 plura
734 2593 809 2621 addit,
825 2596 847 2616 et
863 2593 884 2615 in
901 2593 947 2616 fine
963 2600 1006 2622 pro

158 2631 270 2662 pluribus
287 2632 404 2655 substituit
416 2631 539 2662 plurimis.
728 2661 733 2664 -

223 2669 232 2683 ²
250 2670 312 2693 Libr.
330 2672 346 2694 1.
363 2677 383 2694 c.
401 2672 438 2694 30.
450 2678 472 2694 n.
486 2671 537 2693 t5t.
550 2677 598 2699 seq.
611 2669 686 2692 Verba
699 2670 815 2699 Apostoli,
827 2672 851 2694 ll.
862 2671 914 2694 Cor.
926 2672 952 2699 8,
965 2672 1006 2700 to,

161 2710 301 2737 allegantur,
318 2712 344 2732 ut
360 2710 497 2733 Ambrosius
514 2716 540 2732 ea
557 2708 660 2736 exhibet3
678 2709 776 2737 Vulgata
793 2710 859 2738 legit:
880 2710 929 2733 Non
944 2711 1006 2734 enirn

161 2751 186 2771 ut
202 2749 251 2772 aliis
268 2749 296 2772 sit
312 2750 427 2777 remissio,
443 2749 511 2772 vobis
528 2751 605 2771 autem
622 2748 744 2771 tribulatio.
760 2761 792 2766 —
808 2749 864 2772 ibid.
876 2750 944 2772 etiam
956 2756 1007 2779 seq.

160 2788 225 2810 locus
242 2788 346 2811 habetur.

223 2825 233 2839 ⁸
250 2827 307 2857 Cap.
325 2829 362 2851 30.
379 2835 402 2851 n.
422 2828 475 2850 449.
492 2828 620 2856 Respicitur
637 2828 670 2850 111.
686 2828 745 2856 Reg.
762 2828 803 2856 49,
825 2829 867 2851 2l:
890 2829 1006 2852 Reversus

160 2869 238 2889 autem
247 2867 277 2890 ab
288 2874 316 2890 eo
329 2867 406 2897 [Elia]‚
418 2868 468 2890 tulit
479 2866 589 2897 [Eliseus]
602 2873 644 2895 par
655 2866 728 2889 boum
739 2870 762 2890 et
773 2868 881 2890 mactavit
895 2868 951 2891 illud
962 2871 1005 2892 etc.

157 2918 191 2923 -
207 2906 240 2928 De
258 2906 307 2934 ipsa
324 2907 392 2930 solut.
409 2907 450 2929 cfr.
466 2912 537 2934 supra
554 2913 578 2935 q.
596 2906 617 2928 4.
634 2906 664 2928 ad
682 2906 703 2928 t.
720 2906 742 2928 in
758 2906 804 2929 fine
820 2909 842 2929 et
858 2907 888 2929 ad
905 2908 927 2930 3.

223 2944 233 2958 ¹
246 2946 312 2969 Vers.
325 2947 362 2970 29.
374 2953 435 2975 seq.:
450 2946 521 2968 Nemo
534 2948 579 2973 est,
596 2945 635 2974 qui
647 2945 764 2974 reliquerit
774 2946 896 2969 domum...
906 2947 946 2976 qui
959 2953 1005 2970 non

158 2982 258 3012 accipiat
274 2986 360 3008 centies
377 2988 465 3008 tantum
476 2991 537 3008 nunc
550 2985 570 3008 in
584 2987 688 3013 tempore
705 2985 759 3007 hoc:
772 2986 877 3009 domos...
890 2992 943 3009 cum
955 2993 1005 3015 per-

1064 2476 1221 2500 secutionibus
1238 2480 1260 2499 et
1277 2477 1298 2499 in
1311 2477 1402 2500 saeculo
1416 2478 1491 2500 tuturo
1503 2477 1575 2499 vitam
1587 2480 1711 2500 aeternam.
1722 2477 1767 2500 Csr.
1780 2478 1857 2501 Matth.
1869 2478 1910 2506 49,

1065 2516 1103 2539 29.
1118 2528 1150 2533 —
1166 2517 1261 2539 Inferius
1278 2517 1329 2538 voci
1347 2515 1453 2539 omnium
1471 2517 1490 2538 D
1506 2517 1631 2544 praemittit
1646 2522 1728 2540 rerum

1127 2554 1136 2567 ⁵
1153 2556 1173 2578 K
1190 2555 1236 2579 sibi
1250 2554 1328 2578 adhuc
1344 2555 1466 2585 relinquit.
1481 2568 1514 2572 —
1530 2555 1576 2579 Csr.
1593 2562 1648 2584 pag.
1665 2556 1722 2583 432,
1741 2559 1793 2578 nota
1810 2557 1832 2579 2.

1127 2593 1137 2607 ⁶
1153 2595 1231 2617 Potius
1247 2594 1354 2622 Cyprian.
1378 2595 1399 2617 in
1423 2595 1481 2618 libro
1504 2596 1534 2618 de
1555 2595 1662 2618 Oratione
1684 2596 1812 2623 dominica,
1835 2602 1854 2618 c.
1872 2597 1911 2618 2l.

1064 2634 1180 2662 Allegatur
1197 2634 1265 2656 Prov.
1282 2633 1324 2661 to,
1342 2634 1368 2656 3:
1386 2634 1435 2656 Non
1453 2634 1537 2662 affliget
1554 2634 1666 2657 Dominus
1683 2637 1738 2661 etc.;
1755 2635 1790 2657 Ps.
1808 2634 1849 2661 36,
1866 2634 1907 2656 25:

1063 2673 1140 2696 Iunior
1156 2673 1214 2695 sui...
1231 2673 1375 2696 derelictum.
1391 2674 1446 2696 Item
1463 2674 1575 2697 Dominus
1592 2673 1709 2701 promittat
1720 2676 1742 2696 et
1753 2674 1825 2696 dicat:
1837 2673 1910 2696 Nolite

1064 2712 1165 2740 cogitare
1186 2712 1300 2734 dicentes:
1323 2713 1382 2741 Quid
1405 2712 1515 2741 edemus,
1533 2715 1571 2735 aut
1588 2713 1645 2741 quid
1659 2712 1779 2740 bibemus,
1797 2715 1836 2735 aut
1852 2712 1908 2741 quid

1063 2751 1208 2774 vestiemur?
1225 2751 1286 2774 Haec
1303 2751 1365 2774 enim
1382 2752 1486 2774 nationes
1503 2754 1625 2781 quaerunt.
1642 2752 1687 2774 Scit
1703 2754 1781 2774 autem
1792 2751 1857 2774 Pater
1868 2758 1909 2774 ve-

1063 2793 1121 2818 ster,
1138 2790 1192 2818 quia
1210 2791 1293 2813 horum
1311 2791 1415 2813 omnium
1433 2791 1548 2819 indigetis.
1564 2791 1671 2819 Quaerite
1687 2791 1788 2819 primum
1809 2797 1907 2818 regnum

1063 2829 1103 2852 Dei
1120 2832 1142 2851 et
1159 2829 1267 2852 iustitiam
1284 2829 1346 2857 eius,
1363 2832 1385 2852 et
1401 2831 1458 2852 haee
1475 2830 1552 2852 omnia
1569 2832 1715 2858 apponentur
1732 2829 1800 2852 vobis
1822 2829 1907 2858 [Matth-

1063 2869 1090 2896 6,
1107 2867 1162 2898 34.].
1179 2868 1347 2897 Quaerentibus
1363 2874 1462 2896 regnum
1479 2871 1502 2891 et
1518 2869 1626 2891 iustitiam
1642 2869 1682 2891 Dei
1700 2869 1776 2891 omnia
1796 2867 1908 2896 promittit

1063 2907 1158 2935 apponi.
1173 2907 1230 2930 Nam
1248 2913 1302 2930 cum
1318 2907 1359 2930 Dei
1371 2911 1414 2930 etc.
1427 2907 1530 2930 Subinde
1540 2908 1661 2936 respicitur
1672 2908 1729 2930 Dan.
1742 2907 1783 2934 ⁴4,
1796 2907 1832 2929 30.
1845 2906 1907 2935 (post

1062 2946 1191 2970 esurientes
1207 2950 1282 2970 textus
1299 2947 1416 2976 originalis
1432 2947 1496 2970 addit
1507 2948 1530 2971 et
1536 2946 1670 2977 pen-centes)
1683 2949 1705 2968 et
1715 2946 1749 2968 lll.
1760 2946 1817 2973 neg.
1830 2945 1871 2973 ⁴7,
1883 2946 1906 2968 6.

1063 2986 1120 3009 Voci
1128 2986 1236 3010 nutritur
1244 2987 1299 3010 edd.
1308 2993 1361 3009 cum
1371 2989 1431 3009 textu
1441 2986 1545 3014 originali
1555 2984 1732 3014 praemittuntin
1735 2984 1906 3014 persecutione.
