2285 3398
23 465 129 484 Secundum

29 489 121 512 triplicem

12 517 85 531 sensum
102 514 139 530 tres

28 535 127 559 expositio-

11 978 54 996 Tria
61 978 144 997 consilia.

35 1398 141 1421 'tripliciter

38 1421 139 1444 regulatur.

18 1584 87 1606 Primo,
101 1589 139 1603 sec.

30 1608 81 1631 leges
94 1608 140 1626 divi-

48 2238 139 2264 Secundo,

13 2265 50 2279 sec.
62 2266 140 2284 inspira·

13 2285 42 2302 tas
51 2285 139 2303 rationes.

702 241 743 269 DE
764 241 862 269 DONlS
884 241 1027 269 sPthTUS
1051 242 1075 268 S.
1098 240 1258 269 COLLATIO
1280 242 1331 270 Vll.
1834 243 1884 270 latit

151 319 217 348 dum
238 320 317 348 istam
334 319 467 356 triplicem
483 319 676 356 proprietatem
694 323 748 348 tres
763 323 827 348 sunt
843 320 993 356 intelligen-

153 365 220 398 tiae,
243 366 345 394 scilicet
366 365 539 403 alleyoriea,
561 366 725 402 anagyogyica
746 368 773 394 ct
794 365 979 402 tropoloqiea.

234 414 276 441 10.
300 412 455 441 Secundum
483 412 641 449 allegoriam
663 421 711 448 per
733 412 831 440 lanam
853 416 880 441 et
901 412 992 440 linum

152 459 321 496 significatur
344 467 445 487 novum
467 462 494 487 et
514 462 594 487 vetus
616 462 817 488 testamentum.
839 475 878 478 —
893 459 993 487 Secun—

151 507 217 535 dum
239 506 397 543 anagogiam
421 514 486 534 vero
507 513 556 542 per
578 505 694 537 lanam,
722 507 755 534 (10
783 515 838 543 qua
863 506 892 534 sit
913 505 994 533 vesti-

153 556 276 582 mentum
289 552 423 587 calidtun,
440 552 610 589 significatur
625 553 755 581 orationis
771 552 914 586 revelatio,
930 551 995 588 quia

153 600 240 627 oratio
267 602 308 627 est
336 599 407 627 sicut
429 599 521 632 calor;
544 606 592 635 per
615 598 707 627 limem
730 607 809 633 xero,
831 598 863 627 de
885 606 940 635 quo
965 596 995 624 sit

153 646 347 674 vestimentum
368 645 530 679 delicatum,
552 645 740 681 signitiiantur
756 645 880 674 deliciae.
898 660 933 665 —
949 644 994 671 Se-

153 692 272 721 cundum
296 692 473 729 tropologiam
496 700 544 728 per
567 692 666 720 lanam
688 693 821 721 forinseca
838 692 940 720 dantur
954 691 995 718 in-

154 739 252 775 telligi,
274 748 324 776 per
346 740 438 768 linum
455 739 578 767 virorum
595 740 730 768 iustorum
746 739 940 776 experientiae.
957 754 993 759 —

154 786 238 822 lgitur
260 794 322 814 cum
344 786 464 815 dicitur:
489 786 636 821 Quaesivit
658 787 759 814 lanam
774 790 798 814 et
813 786 905 814 linum
926 788 993 819 etc.;

152 833 314 869 intelligitur
336 841 437 861 novum
459 835 486 860 et
506 836 586 860 vetus
608 836 816 866 testamentum,
838 832 994 860 orationum

154 880 284 907 revelatio
305 882 332 908 et
353 879 479 912 deliciae;
501 879 626 907 similiter
649 880 839 916 intelliguntur
862 879 995 907 forinseca

153 930 179 954 et
204 927 329 955 virorum
358 927 493 955 iustorum
522 926 717 962 experientiae.
739 943 778 946 -—
800 927 839 954 Ex
862 926 920 954 istis
947 925 994 953 eli-

153 973 209 1007 cio,
232 973 306 1010 quod
320 976 361 1002 est
376 973 535 1007 consilium,
551 981 606 1009 quo
621 973 775 1001 erudimur
790 973 823 1001 ad
838 973 995 1001 discernen-

153 1020 237 1054 dum,
259 1020 325 1057 quid
347 1020 425 1054 licet,
448 1020 514 1057 quid
535 1019 627 1053 decet,
644 1020 750 1057 etquid
765 1019 877 1055 expedit
898 1027 996 1047 secun-

153 1067 219 1095 dum
250 1067 381 1095 iudicium
410 1066 534 1095 rationis
564 1070 676 1099 reetae;
707 1069 734 1095 ct
762 1069 802 1093 est
834 1065 994 1099 consilium,

152 1121 208 1149 quo
236 1113 383 1141 elevamur
404 1112 437 1141 ad
465 1112 620 1149 eligendum
649 1112 722 1149 quod
752 1112 828 1143 licet,
854 1110 927 1147 quod
949 1110 995 1138 de-

152 1164 209 1194 cet,
232 1163 258 1188 et
279 1160 353 1197 quod
372 1159 483 1196 expedit
498 1159 649 1188 secundum
662 1158 845 1196 propositam
863 1156 995 1184 volunta-

153 1207 189 1235 tis
211 1207 317 1239 bonae:
336 1206 448 1235 tertium
469 1209 510 1234 est
532 1206 691 1240 consilium,
707 1213 761 1242 quo
775 1203 947 1240 expedimur
962 1202 995 1229 ad

152 1253 376 1290 prosequendum
398 1252 471 1289 quod
493 1253 570 1286 licet,
586 1252 659 1289 quod
674 1252 766 1285 decet,
781 1253 808 1278 et
822 1249 895 1286 quod
911 1256 995 1285 expe-

152 1300 191 1328 dit
212 1300 365 1328 secundum
386 1299 555 1328 exercitium
576 1298 752 1335 operationis
772 1297 929 1325 virtuosae.

237 1347 277 1374 11.
300 1346 422 1374 Primum
451 1345 594 1374 consilium
617 1345 760 1381 regulatur
781 1343 933 1371 secundum
955 1342 995 1370 di—

153 1383 259 1421 ctamen
272 1393 477 1421 institutarum
491 1392 633 1420 divinitas
649 1391 756 1428 leyitm;
767 1390 920 1419 secundum
932 1397 995 1418 con-

153 1439 245 1468 silium
274 1440 417 1476 regulatur
446 1439 597 1468 secundum
618 1438 754 1467 dictamen
776 1437 996 1474 inspiratarum

152 1486 294 1514 dim'nitas
315 1486 483 1519 rationum,·
505 1485 617 1514 tertium
636 1484 780 1513 consilium
796 1484 939 1520 regulatur
954 1490 996 1511 se-

152 1532 273 1561 cundum
294 1532 429 1561 dictamen
449 1532 664 1560 illustratorum
679 1531 821 1559 diuinitus
836 1529 994 1558 hominum.

153 1596 189 1600 —
211 1580 334 1607 Primum
345 1570 362 1613 ,’
372 1579 448 1612 (1100,
470 1579 614 1607 consilium
629 1578 774 1615 regulatur
789 1577 941 1606 secundum
956 1577 996 1605 di-

152 1628 259 1654 ctamen
281 1625 422 1654 divinitas
444 1625 648 1653 institutarum
671 1624 772 1662 leyam.
796 1624 871 1653 l'nde
890 1624 916 1652 in
932 1624 996 1651 Pro-

151 1673 253 1701 verbiis
266 1673 293 1700 ²:
318 1671 437 1700 Custodi
457 1671 544 1708 legyem
565 1675 651 1709 atque
672 1671 841 1704 eonsilium,
864 1674 889 1698 et
912 1669 996 1698 liabe-

152 1719 194 1747 bis
214 1719 346 1756 qratiam
373 1717 514 1755 faucibus
535 1718 594 1746 tui-5·
614 1721 639 1746 et
659 1718 751 1746 vitam
772 1718 897 1745 (miiitiae.
921 1717 996 1753 Quae

151 1768 192 1794 est
212 1765 264 1794 ista
284 1765 352 1794 lex?
374 1765 453 1793 Certe
475 1765 521 1793 lex
542 1764 609 1793 foris
630 1765 732 1801 scripta
753 1767 779 1792 et
801 1764 845 1792 lex
865 1764 997 1792 divinitus

152 1812 291 1849 inspirata.
314 1812 352 1840 De
374 1811 425 1840 ista
447 1811 506 1847 lege
520 1811 603 1839 dicit:
621 1811 741 1839 Custodi
755 1811 842 1847 leyem
857 1814 907 1839 etc.
925 1810 997 1838 Psal—

151 1866 232 1888 mus:
256 1857 333 1886 Nam
354 1862 379 1886 et
400 1857 563 1886 testimonia
592 1861 644 1885 tua
672 1857 819 1885 meditatio
847 1866 911 1885 mea
940 1861 996 1890 est,

152 1909 177 1934 et
197 1905 349 1934 consiliam
371 1913 468 1932 meum
489 1903 708 1940 iustificationes
730 1907 817 1936 tuae;
838 1903 911 1940 quod
933 1911 997 1932 con-

153 1951 245 1979 silium
266 1951 297 1979 fit
318 1951 346 1979 in
369 1950 537 1979 testamentis
562 1953 589 1978 et
617 1949 787 1978 testimoniis.
804 1950 844 1981 vIn
873 1949 997 1986 designa-

153 1998 255 2026 tionem
276 1998 361 2026 liuius
381 1997 483 2025 dicitur
504 1996 531 2024 in
549 1996 658 2030 Exodo,
673 1996 746 2033 quod
762 1997 872 2034 quando
894 1997 998 2032 Moyses

152 2044 268 2073 debebat
289 2044 393 2072 intrare
414 2043 558 2071 oraculum
568 2066 575 2076 ‚
590 2043 709 2071 intrabat
724 2050 773 2079 per
788 2043 915 2071 mediam
929 2042 997 2071 duo-

152 2099 216 2119 rum
237 2090 396 2119 Cherubim.
419 2090 477 2118 Ibat
495 2097 545 2126 per
566 2090 710 2123 medium,
732 2090 797 2126 quia
811 2090 937 2118 Christus
951 2089 997 2118 de-

153 2138 199 2166 bet
220 2138 322 2166 habere
344 2140 500 2174 respectum
521 2137 555 2165 ad
575 2137 631 2165 duo
652 2139 822 2165 testamenta.

237 2185 277 2213 1⁵2.
301 2184 425 2213 Secundo
446 2184 591 2220 regulatur
611 2183 756 2211 consilium
780 2183 932 2212 secundum
960 2184 998 2212 di-

154 2233 260 2259 ctamen
282 2231 424 2258 diuinitus
445 2230 663 2266 inspiratarum
692 2229 849 2258 rationum.
878 2231 917 2259 De
945 2230 996 2259 hoc

153 2277 253 2305 dicitur
275 2276 302 2304 in
324 2276 408 2304 Tobia
420 2276 446 2303 2:
471 2276 558 2304 Omni
572 2280 695 2312 tempore
710 2276 822 2305 benedic
837 2277 996 2305 Dominum

154 2327 178 2352 et
196 2327 258 2361 pete
278 2322 314 2351 ab
336 2331 383 2356 eo,
405 2326 438 2350 ut
457 2322 522 2350 vias
544 2326 611 2350 tuas
631 2323 758 2360 dirigat,
778 2327 803 2351 et
817 2324 915 2352 omnia
930 2332 995 2352 eoa-

153 2370 223 2399 silia
244 2374 296 2398 tua
317 2370 348 2398 in
369 2370 432 2406 ipso
444 2372 644 2405 permaneant.
661 2370 800 2398 Psalmus:
824 2370 925 2399 Revela
939 2371 995 2399 Do-

153 2417 231 2446 mino
252 2417 333 2445 viam
354 2419 453 2449 tuam,
475 2418 500 2443 et
521 2415 581 2452 ipse
601 2415 683 2444 dabit
703 2416 754 2445 tibi
772 2417 918 2454 petitiones
932 2426 995 2446 cor-

153 2464 198 2492 dis
220 2463 271 2492 tztz'.
295 2462 435 2491 Subditus
456 2465 513 2490 esto
534 2462 654 2490 Domino
668 2465 718 2491 etc.
734 2463 995 2501 Quantumcumque

215 2634 223 2647 ¹
241 2635 297 2663 Cap.
314 2636 339 2662 3,
352 2636 390 2658 2t.
402 2639 425 2657 et
441 2636 482 2662 22,
500 2634 540 2657 ubi
557 2635 670 2662 Vulgata:
682 2638 704 2657 et
716 2636 758 2658 erit
769 2636 815 2658 vita
829 2637 918 2660 animae
930 2641 994 2666 tuae,

152 2677 175 2695 et
192 2674 264 2701 gratia
282 2673 387 2696 faucibus
403 2674 455 2696 tuis.
472 2685 502 2689 —
520 2674 572 2702 Seq.
589 2673 652 2695 locus
666 2676 699 2695 est
715 2674 751 2696 Ps.
768 2675 824 2702 118,
837 2675 875 2698 24.
892 2675 995 2698 Subinde

153 2713 274 2740 respicitur
284 2713 361 2735 Exod.
378 2713 420 2739 25,
441 2713 475 2734 18,
492 2717 569 2740 seqq.,
585 2713 626 2734 cfr.
642 2718 712 2740 supra
729 2719 784 2741 pag,
795 2714 852 2743 375,
869 2717 922 2737 nota
939 2715 960 2737 3.
973 2718 996 2737 et

154 2757 207 2779 pag.
224 2751 281 2778 391,
297 2753 351 2773 nota
368 2752 390 2773 2.

215 2788 224 2802 ²
241 2789 297 2818 Cap.
315 2789 340 2818 t,
357 2790 394 2812 20.
406 2802 437 2806 —
449 2790 502 2818 Seq.
518 2790 581 2812 locus
597 2792 631 2811 est
648 2790 683 2811 PS.
700 2790 741 2817 36,
759 2790 780 2813 4.
791 2797 856 2820 seqq.
873 2793 896 2815 S.
908 2793 994 2815 Bonav.

154 2830 217 2857 ponit
232 2835 314 2851 versus
335 2829 416 2851 ordine
435 2829 535 2851 inverso.
552 2828 655 2851 Subinde
666 2828 773 2851 alluditur
789 2830 819 2852 ad
830 2831 886 2853 illud
903 2831 938 2854 Ps.
953 2831 994 2858 36,

153 2869 179 2890 G:
195 2868 281 2890 Educet
297 2868 364 2896 quasi
379 2868 457 2890 lumen
473 2867 582 2890 iustitiam
600 2868 746 2897 (veritatem).

216 2905 225 2918 ⁵
241 2906 297 2934 Cap.
314 2906 354 2934 30,
373 2906 395 2928 1.
417 2905 520 2929 Subinde
536 2907 657 2935 respicitur
674 2908 724 2930 lsai.
740 2908 783 2935 59,
801 2908 815 2930 5
826 2917 831 2931 z
843 2909 869 2931 Et
880 2909 936 2931 teias
947 2915 995 2931 ara-

153 2951 248 2968 nearum
266 2947 394 2967 texuerunt.
410 2957 441 2961 —
461 2946 574 2968 Sententia
591 2946 700 2968 Bernardi
717 2945 813 2970 habetur
829 2948 852 2970 in
873 2948 942 2976 Epist.
965 2948 994 2970 ad

154 2985 242 3006 Fratres
258 2984 287 3005 de
310 2984 383 3006 Monte
399 2984 440 3006 Dei
459 2984 528 3013 (inter
550 2990 621 3012 opera
642 2985 764 3015 Beruardi,
780 2989 861 3016 estque
883 2987 995 3015 Guigonis

153 3022 267 3049 Carthus.)
285 3021 324 3044 lib.
340 3023 355 3044 1.
372 3028 392 3045 c.
410 3023 446 3045 10.
463 3029 485 3045 n.
502 3023 545 3045 31;
562 3021 682 3052 Nunquam
703 3024 839 3052 ingredieris
855 3026 879 3047 in
901 3031 994 3048 sensum

1051 319 1132 346 1101110
1154 319 1251 347 babeat
1279 320 1419 347 scientiam
1448 320 1509 347 novi
1538 323 1564 348 et
1595 320 1692 348 veteris
1721 319 1890 351 testamenti,

1050 369 1158 402 oportet
1187 369 1290 400 tamen,
1315 367 1387 403 qnod
1410 367 1535 395 consulat
1557 367 1718 401 Doniinum;
1741 375 1793 394 non
1815 366 1890 397 dico,

1051 412 1123 448 quod
1156 413 1253 441 lialwat
1284 413 1427 450 specialem
1460 413 1652 441 allocutionem
1681 421 1744 441 cum
1772 421 1823 446 eo,
1845 413 1890 440 sed

1051 462 1173 494 oportet,
1195 460 1267 496 quod
1289 460 1419 487 Dominus
1440 460 1538 488 edurat
1563 460 1612 488 sibi
1644 463 1772 496 tanquam
1804 460 1891 487 iuteni

1053 505 1202 534 veritatem.
1220 523 1255 526 —
1272 506 1299 534 ln
1316 506 1366 534 noe
1386 506 1629 542 reprehenduntur
1650 506 1750 543 aliqui,
1765 506 1812 542 qui
1830 513 1891 542 pro·
1905 511 2034 552 ον-ςξειιῗιη-

1051 552 1112 587 pria
1132 552 1244 580 scicntia
1266 553 1321 589 regi
1346 553 1459 586 volunt,
1481 553 1514 581 de
1545 553 1647 589 quibus
1680 553 1799 581 lsaiasss:
1839 541 1935 580 Vitem
1951 540 1973 552 θη
1990 539 2031 554 ’Μ’

1050 598 1106 634 lilii
1119 599 1292 627 desertores!
1314 602 1343 627 itt
1356 598 1491 635 laceretis
1506 599 1658 627 consilium
1673 604 1697 627 et
1711 609 1769 628 11011
1783 608 1818 628 ecc
1833 608 1875 628 me
1885 622 1892 632 ‚

1051 649 1075 673 et
1096 646 1269 674 ordiremini
1289 646 1374 674 telam
1394 650 1419 674 et
1449 654 1507 673 ’11011
1537 654 1588 682 per
1618 646 1756 682 spiritam
1788 655 1891 674 11101110.

1052 692 1163 720 Faciunt
1185 692 1255 720 telas
1269 700 1453 720 aranearum
1468 691 1515 728 qui
1538 699 1642 719 sacram
1665 693 1834 729 Scripturam
1856 693 1894 720 al*-

1053 739 1142 776 legant
1156 739 1189 767 ad
1204 739 1282 767 mala.
1301 739 1369 767 Dicit
1382 739 1555 768 Bernartius:
1583 751 1596 763 a
1612 740 1757 776 Nunquam
1780 739 1891 767 Paulum

1052 786 1195 823 intelligis,
1218 786 1267 815 nisi
1291 786 1419 822 spiritum
1442 786 1515 814 Pauli
1539 787 1700 815 invenias».

1135 833 1175 861 13.
1200 834 1244 862 Est
1265 833 1425 866 consilium,
1447 841 1503 870 quo
1524 833 1668 861 erudimur
1690 832 1840 861 secundum
1855 832 1895 860 di-

1052 884 1157 909 ctamen
1179 880 1310 908 divinitus
1332 880 1521 908 institutarum
1536 883 1562 909 et
1578 880 1772 917 inspiratarum
1789 880 1894 916 legum;

1052 927 1098 956 sed
1120 927 1184 964 quia
1205 927 1315 955 difficile
1336 930 1392 961 est,
1415 927 1554 955 bominem
1570 927 1674 955 erudiri
1696 934 1745 963 per
1767 934 1814 960 se;
1836 925 1896 954 ideo

1053 974 1206 1011 requiritur
1229 974 1309 1002 tertio
1329 974 1490 1007 consilium,
1506 982 1561 1011 quo
1580 974 1723 1010 reguletur
1745 973 1895 1002 secundum
1909 978 2031 1019 Teipsiuirgfgg

1052 1021 1187 1049 dictamen
1210 1020 1351 1049 diuinitas
1374 1020 1588 1057 inspirata-mn
1609 1019 1767 1048 hominum.
1787 1020 1826 1048 De
1841 1028 1896 1056 quo
1931 1007 2022 1043 horflines·

1053 1067 1226 1095 scribitur4:
1251 1067 1306 1095 Cor
1328 1066 1395 1095 boui
1415 1066 1529 1095 consilii
1548 1069 1643 1094 statae
1664 1070 1764 1094 tecam.
1782 1066 1893 1094 Econtra

1052 1114 1084 1142 de
1107 1114 1184 1142 malis
1206 1114 1368 1142 consiliariis
1389 1113 1539 1141 scribitur:
1569 1114 1592 1140 A
1622 1113 1790 1141 consiliario
1811 1121 1894 1140 serua

1053 1161 1186 1188 amimam
1208 1164 1298 1188 tilam.
1322 1160 1386 1188 Non
1408 1160 1542 1187 attendas
1563 1158 1608 1187 liis
1629 1160 1660 1187 ‘in
1675 1160 1755 1187 omui
1768 1159 1895 1187 coasilio.

1053 1205 1108 1233 Sed
1129 1214 1195 1233 eum
1216 1206 1280 1233 viro
1301 1209 1402 1233 saneto
1423 1205 1565 1233 assiduus
1589 1208 1663 1238 esto,
1691 1213 1898 1242 quemcumque

1053 1251 1219 1287 cognoveris
1241 1250 1437 1279 observantem
1459 1251 1590 1279 timorem
1611 1251 1663 1278 Dei
1670 1261 1679 1283 ,·
1694 1251 1780 1279 cuius
1795 1251 1895 1278 anima

1052 1301 1093 1325 est
1113 1298 1273 1325 secundam
1294 1298 1427 1325 animam
1449 1300 1539 1325 tuam.
1563 1297 1659 1326 Reddit
1685 1306 1811 1326 causam:
1833 1297 1895 1334 quia

1053 1344 1156 1372 animia
1178 1344 1237 1372 viri
1256 1344 1352 1373 sancti
1372 1344 1506 1373 enuntiat
1526 1344 1685 1382 aliquando
1700 1353 1787 1378 vera,
1809 1352 1898 1382 quam

1052 1394 1156 1428 septem
1171 1390 1426 1428 circumspectores
1440 1391 1565 1419 sedentes
1580 1391 1610 1419 in
1624 1391 1731 1419 eaecelso
1746 1391 1787 1419 ad
1799 1399 1898 1428 specu-

1053 1438 1189 1472 landum,
1205 1440 1232 1466 et
1246 1437 1320 1466 videt
1335 1437 1397 1474 plus
1411 1445 1495 1474 quam
1510 1440 1548 1466 tu.
1561 1454 1599 1457 —-
1610 1438 1768 1475 Colligimus
1782 1446 1818 1467 ex
1834 1438 1897 1471 hoc,
1912 1443 1952 1462 Duo
1965 1444 2026 1467 recini-

1053 1485 1127 1522 quod
1152 1493 1239 1513 unum
1268 1485 1413 1513 consilium
1438 1485 1464 1512 in
1487 1485 1539 1513 hoc
1561 1485 1698 1519 consistit,
1721 1485 1794 1522 quod
1816 1485 1899 1513 1101110
1933 1469 2006 1486 ‘untur'

1053 1532 1198 1561 consilium
1220 1532 1246 1560 in
1269 1539 1297 1560 se
1319 1532 1377 1568 ipso
1399 1540 1453 1559 non
1475 1534 1576 1568 ponat;
1598 1531 1645 1560 sed
1663 1532 1744 1560 debet
1759 1532 1898 1568 postulare

1053 1579 1198 1608 consilium
1219 1578 1254 1606 ab
1274 1578 1335 1606 alio.
1358 1579 1411 1606 Nec
1430 1581 1537 1606 tantum
1552 1579 1675 1607 consistit
1691 1579 1717 1607 in
1732 1579 1799 1613 hoc,
1815 1579 1899 1607 immo

1053 1626 1148 1659 etiam,
1170 1624 1243 1661 quod
1265 1624 1332 1653 sciat
1353 1624 1509 1653 discernere
1538 1625 1725 1653 consiliarium
1750 1628 1777 1653 et
1798 1625 1898 1661 eligere

1054 1673 1157 1701 bonum
1178 1675 1204 1699 et
1225 1671 1320 1708 fugere
1342 1671 1453 1699 malum.
1514 1671 1520 1673 '

1135 1718 1177 1746 14.
1201 1718 1252 1747 Sed
1273 1718 1336 1755 quis
1356 1720 1398 1746 est
1418 1718 1507 1746 bonus
1528 1718 1726 1746 consiiiarius?
1747 1718 1793 1747 1110
1808 1721 1896 1753 certe,
1910 1724 1956 1747 Quis
1969 1724 1993 1742 sit
2007 1724 2039 1765 fo-

1053 1767 1086 1795 de
1101 1775 1156 1803 quo
1170 1766 1235 1794 dicit
1257 1764 1499 1793 Ecclesiasticus-²²:
1521 1764 1605 1793 Mutet
1622 1764 1743 1802 pacifici
1755 1765 1814 1794 sim
1829 1752 2039 1800 ctbtssf'ussfwfflffi‘

1054 1823 1071 1841 1(
1078 1822 1133 1841 iius
1148 1812 1337 1841 consiliarius
1352 1811 1385 1839 de
1398 1811 1481 1839 mille.
1499 1827 1535 1831 —
1556 1811 1636 1839 [snas
1651 1812 1855 1846 consiliarius,
1871 1813 1896 1841 id
1910 1818 2003 1836 Chri-<21¹³-

1053 1862 1107 1893 est,
1128 1859 1269 1892 Christus,
1284 1858 1317 1886 de
1332 1866 1388 1894 quo
1408 1858 1474 1886 dicit
1494 1858 1589 1887 lsaias:
1619 1858 1773 1887 Vocabitur
1794 1868 1898 1888 ”tomen

1053 1906 1115 1934 eius
1136 1904 1340 1938 admirabilis,
1362 1904 1566 1939 consiliarius,
1584 1905 1673 1939 Deus,
1695 1904 1799 1942 fortis,
1812 1910 1897 1943 pater

1053 1952 1152 1990 saturi
1171 1951 1294 1985 sacculi,
1315 1951 1450 1988 princeps
1469 1952 1561 1988 pacis.
1584 1952 1642 1988 lpse
1657 1955 1698 1980 est
1712 1953 1815 1989 maym'
1832 1961 1898 1981 ccm-

1054 1998 1114 2027 silii
1136 1997 1280 2035 Aayelas;
1301 1997 1352 2026 iste
1366 2001 1422 2031 est,
1438 1997 1471 2026 ad
1486 2006 1569 2034 quem
1583 1998 1716 2027 debemus
1730 2007 1801 2035 puro
1816 2000 1897 2028 corde

1053 2045 1202 2074 attendere.
1232 2045 1303 2073 Dicit
1327 2045 1573 2073 Ecclesiasticusss':
1596 2046 1669 2074 Ante
1689 2047 1789 2075 omnia
1809 2055 1898 2084 opera

1053 2092 1173 2121 verbum
1195 2101 1284 2120 ueraae
1302 2092 1459 2129 praecedat
1480 2095 1521 2125 te,
1542 2095 1568 2120 et
1587 2096 1653 2121 aute
1667 2101 1778 2121 omnem
1799 2098 1898 2122 aetum

1053 2139 1205 2168 consiliarii
1228 2138 1337 2167 stabile.
1354 2155 1390 2158 —
1412 2138 1534 2167 Verbum
1555 2147 1663 2173 verane,
1685 2140 1759 2176 quod
1779 2148 1828 2169 nec
1842 2141 1897 2169 falli

1053 2194 1103 2214 nec
1124 2186 1217 2214 fallere
1238 2188 1343 2222 potest,
1365 2187 1406 2213 est
1427 2184 1586 2222 unigenitus
1613 2185 1660 2214 Dei
1689 2186 1771 2215 Filius
1799 2190 1826 2215 et
1847 2195 1897 2215 sua

1052 2233 1176 2261 doctrina
1197 2235 1222 2261 et
1245 2240 1295 2261 sua
1316 2232 1379 2259 vita.
1403 2231 1477 2260 Istud
1500 2234 1616 2260 verbum
1644 2233 1789 2269 praecedat
1817 2236 1843 2262 te
1871 2237 1898 2262 et

1052 2279 1205 2307 consilium
1226 2278 1334 2306 stabile.
1357 2278 1457 2307 Stabile
1478 2278 1623 2308 consilium
1646 2288 1699 2308 non
1721 2282 1763 2308 est
1776 2280 1827 2308 nisi
1849 2280 1897 2308 Dei

1052 2326 1123 2359 mei;
1146 2325 1300 2354 consiliam
1323 2325 1441 2353 Domini
1461 2325 1491 2353 in
1512 2329 1662 2354 aeternum
1683 2330 1787 2354 manet.

1134 2373 1176 2401 15.
1192 2372 1243 2400 Iste
1257 2372 1445 2406 consiliarius,
1461 2372 1564 2400 scilicet
1578 2372 1713 2407 Christus,
1728 2373 1811 2401 habet
1824 2373 1896 2401 111111-
1908 2377 2019 2396 A1iimusti-

1052 2420 1094 2446 tos
1115 2418 1299 2452 consiliarios,
1321 2418 1424 2455 quibus
1449 2418 1594 2447 consilium
1627 2427 1709 2447 suum
1741 2419 1894 2456 participat.

1052 2465 1129 2493 Dixit
1151 2465 1249 2494 Paulus
1261 2465 1286 2493 ⁷:
1310 2465 1428 2493 Beatior
1448 2465 1519 2499 erit,
1540 2466 1568 2494 si
1586 2466 1629 2494 sic
1640 2466 1837 2502 permanserit
1853 2475 1895 2495 se·
1908 2470 1983 2489 Paulus·

1051 2639 1125 2666 Pauli,
1142 2639 1215 2661 donec
1232 2645 1275 2661 usu
1288 2638 1361 2661 bonae
1373 2639 1503 2661 intentionis
1519 2639 1542 2660 in
1558 2638 1655 2661 lectione
1671 2639 1721 2661 eius
1732 2641 1754 2661 et
1770 2639 1846 2661 studio
1863 2645 1896 2662 as-

1051 2676 1131 2699 siduae
1148 2676 1300 2699 meditationis
1317 2677 1423 2705 spiritum
1441 2677 1491 2699 eius
1507 2676 1636 2700 imbiberis.

1114 2714 1123 2727 *
1141 2716 1207 2738 Eccli.
1224 2716 1265 2744 37,
1283 2716 1320 2739 17.
1337 2716 1394 2739 ibid.
1411 2722 1434 2739 v.
1455 2717 1477 2738 9.
1499 2719 1521 2738 et
1546 2716 1624 2738 14-16.
1649 2719 1670 2738 et
1693 2717 1729 2739 18.
1754 2719 1807 2739 sunt
1830 2722 1895 2745 seqq.

1051 2754 1101 2776 loci.
1119 2754 1205 2776 Locum
1224 2756 1284 2777 1111110
1299 2755 1322 2777 in
1339 2755 1407 2778 codd.
1424 2758 1559 2783 corruptum
1577 2755 1755 2777 emendavimus
1776 2755 1895 2777 referendo

1051 2793 1128 2821 ipsum
1146 2795 1231 2815 textum
1248 2794 1368 2822 Vulgatae.

1113 2829 1123 2843 ⁶
1139 2830 1194 2860 Cap.
1211 2832 1237 2859 6,
1254 2832 1276 2854 6.
1287 2844 1318 2849 —-
1329 2833 1382 2861 Seq.
1399 2833 1462 2855 locus
1480 2835 1513 2855 est
1529 2832 1577 2855 lsai.
1596 2832 1622 2861 9,
1640 2832 1665 2859 6,
1687 2831 1727 2854 uhi
1749 2832 1893 2860 septuaginta

1051 2870 1199 2898 interpretes:
1216 2871 1242 2893 Et
1257 2874 1353 2894 vocatur
1370 2878 1454 2894 nomen
1470 2872 1520 2894 eius
1536 2872 1615 2899 magni
1631 2871 1718 2894 consilii
1734 2871 1842 2899 Angelus.

1113 2908 1123 2921 ⁶
1140 2909 1194 2937 Cap.
1212 2909 1255 2937 37,
1272 2910 1309 2932 20.
1322 2922 1353 2927 --
1365 2910 1417 2939 Seq.
1435 2911 1498 2933 loeus
1514 2913 1548 2933 est
1565 2911 1600 2932 Ps.
1618 2910 1660 2938 32,
1678 2910 1716 2932 11.

1113 2947 1122 2960 '¹
1140 2949 1209 2977 Epist.
1225 2949 1241 2971 Ι.
1258 2948 1309 2972 Cor.
1321 2949 1347 2976 7,
1366 2949 1402 2972 40.
1414 2961 1445 2966 ——
1457 2950 1510 2978 seq.
1527 2950 1590 2972 locus
1601 2952 1635 2972 est
1652 2950 1675 2971 11.
1692 2949 1744 2971 Cor.
1756 2949 1780 2977 8,
1798 2949 1820 2970 9.
1836 2947 1893 2970 lbid.

1050 2993 1073 3009 v.
1092 2987 1131 3008 1οῑ
1149 2987 1175 3009 Et
1191 2987 1312 3010 consitium
1324 2988 1347 3010 in
1359 2988 1403 3010 hoc
1415 2988 1454 3010 do.
1464 2988 1535 3016 Epist.
1551 2988 1566 3010 1.
1583 2987 1634 3010 Cor.
1651 2987 1677 3015 7,
1694 2987 1736 3009 25:
1754 2986 1785 3008 De
1797 2984 1893 3012 virgini-

1051 3024 1095 3048 bus
1111 3028 1188 3048 autem
1200 3020 1348 3054 praeceptum
1361 3027 1452 3049 Domini
1468 3033 1515 3049 non
1526 3025 1613 3055 habeo,
1630 3026 1749 3048 consilium
1766 3027 1842 3047 autem
1854 3023 1893 3045 do.
