2285 3398
27 374 79 395 Item,
95 373 113 391 in
130 373 156 392 al-

47 397 134 420 legorieo.

31 1075 83 1096 Item,
93 1075 111 1093 iu
123 1077 159 1093 tro-

49 1099 140 1122 pologico.

51 1452 160 1476 Exemplum

32 1475 97 1517 {ieorum
104 1476 123 1494 in
133 1481 161 1495 so-

33 1546 99 1565 Facies
108 1547 118 1573 lq
127 1552 164 1566 sec.

42 1575 156 1594 anagogiam.

61 1640 88 1659 De
101 1641 160 1668 prima

63 1669 159 1689 anagogia.

45 2016 160 2041 Exemplum.

771 145 801 173 IN
824 137 1042 173 I-IEXAEMERON
1063 144 1224 173 COLLATIO
1247 145 1309 174 XIII.

167 233 234 262 ergo
264 224 406 261 Scriptura,
439 223 561 260 loquitur
589 224 621 252 tle
652 224 729 258 istis,
756 224 807 252 hoc
836 223 955 260 pertinet
982 223 1015 251 ad

169 271 337 308 anagogiam.

248 320 293 347 20.
316 318 344 346 ln
366 318 520 355 alleyorico
542 326 624 347 sensu
647 312 772 347 similiter
799 321 864 347 sunt
895 320 1015 355 quatuor

170 366 263 399 facies,
285 365 388 394 scilicet
408 365 566 394 humanitas
591 369 715 394 assumta
736 357 871 403 quantum
892 364 926 393 ad
948 364 1016 393 nati-

171 413 280 442 vitatem
302 416 329 441 ct
350 413 518 450 passionom,
540 422 611 450 quac
640 416 705 442 sunt
730 413 895 450 principales
916 412 1016 449 allego-

170 460 234 489 riae.
257 477 295 481 ——
317 460 441 489 Secunda
471 463 513 488 cst
541 463 628 489 mater
662 460 708 488 Dei
740 460 839 494 illaria,
860 460 926 497 quia
946 459 1016 488 mira

169 507 300 536 dicuutur
321 507 355 535 de
376 507 434 544 ipsa
457 507 483 536 iu
504 507 666 544 scripturis,
682 508 747 544 quia
756 507 788 536 in
803 506 1016 536 omnihusScri-

170 554 259 591 pturis
282 555 402 583 refertur
424 555 449 582 in
483 555 614 583 relatione
646 555 679 583 ad
702 555 806 583 Filium.
831 555 861 583 Et
882 554 955 591 quod
976 554 1016 583 di-

170 604 236 629 cunt
257 601 357 637 aliqui:
380 610 467 638 quare
489 602 526 629 ita
547 610 635 637 pauca
656 602 787 630 dicuntur
808 602 935 630 debeata
956 601 1016 630 Vir-

171 646 253 683 gine?
275 647 342 675 nihil
364 650 420 681 est;
439 647 508 683 ‘quia
540 648 627 675 multa
657 648 804 682 dicuntur,
827 648 893 685 quia
913 648 1017 685 ubique

169 693 203 722 de
225 694 299 730 ipsa,
322 697 348 722 ct
370 694 433 730 plus
454 697 495 721 est
516 694 575 722 dici
595 695 628 723 tle
650 694 716 731 ipsa
747 695 867 733 ubique,
889 702 972 732 quam
994 694 1016 723 si

171 748 244 768 unus
260 742 393 768 tractatus
408 740 513 768 liei-ow.
532 756 567 760 ——
583 740 675 769 Tertia
696 745 737 770 est
758 742 876 770 Ecclesia
898 741 1017 770 militans

171 788 213 815 vel
235 790 323 815 mater
346 786 479 820 Ecclesia,
495 795 566 823 quae
588 788 673 816 miras
695 788 789 817 laudes
806 788 889 817 habet
904 788 930 816 in
946 788 1017 817 Scri-

171 837 261 870 ptura.
286 850 320 853 -
344 834 448 869 Quarta
475 836 516 861 est
544 841 620 861 sacra
649 834 807 870 scriptura,
832 843 902 871 quae
927 835 960 863 de
989 842 1017 863 se

173 881 258 909 multa
279 880 413 915 dicit,ut
434 882 508 916 patet
528 880 562 908 de
584 881 672 914 rotis,
694 884 768 917 patet
782 882 815 910 de
833 890 947 916 mensa,
970 890 1017 918 pa-

172 930 210 956 tet
231 927 264 956 de
288 927 459 961 Cherubim„
482 928 529 964 qui
555 928 738 965 respiciebant
759 937 787 957 se
808 932 921 963 mutuo,
944 931 1017 965 patet

171 974 204 1003 ‹le
226 974 400 1003 candelabro
413 975 431 1002 2.

251 1023 296 1050 2l.
320 1022 347 1050 ln
369 1030 451 1051 sensu
477 1022 651 1060 tropoloyico
669 1023 803 1051 ‘similiter
831 1025 951 1059 quatuor
979 1022 1016 1050 sa-

172 1068 227 1097 cies
252 1069 342 1098 hahet.
366 1069 454 1097 Prima
481 1072 522 1098 est
550 1070 701 1106 spiritualis
725 1070 812 1107 gratia
832 1072 859 1097 et
880 1069 970 1097 virtus
991 1072 1017 1097 et

171 1116 261 1144 omnis
289 1116 350 1144 talis
378 1116 528 1145 influentia.
552 1134 588 1137 —
611 1118 749 1151 Secunda,
772 1116 922 1154 spiritualis
946 1116 1016 1149 vita,

172 1167 204 1191 ut
224 1163 320 1191 actii-a
342 1166 369 1192 et
390 1164 611 1201 contemplativa
633 1168 659 1193 ot
680 1164 769 1193 omnis
786 1163 884 1192 modus
899 1162 1016 1191 vivendi.

174 1226 209 1230 -
226 1209 332 1244 Tertia,
350 1210 500 1247 spiritualis
518 1211 665 1246 cathedra,
681 1215 712 1240 ut
727 1209 918 1248 ›alapiam-alis,
930 1218 1017 1246 prae-

172 1257 306 1291 lationis,
326 1257 512 1295 pontificalis.
536 1275 572 1279 —
594 1259 713 1295 Quarta,
735 1257 885 1295 spiritualis
910 1265 1017 1294 pugna,

172 1304 309 1340 quomodo
330 1305 510 1342 pugnandum
532 1308 627 1334 contra
648 1306 808 1339 daemones,
830 1304 966 1333 mundum
992 1307 1018 1332 et

172 1359 291 1393 carnem.

252 1400 297 1428 22.
321 1399 388 1428 Istae
409 1403 474 1428 sunt
495 1403 615 1437 quatuor
636 1400 718 1428 facies
743 1399 970 1436 quadruplicatae
991 1398 1019 1427 in

173 1446 296 1483 quolibet
317 1454 407 1475 seusu.
430 1464 468 1467 —
490 1447 626 1475 Ponamus
657 1446 817 1483 exemplum
847 1446 874 1474 in
896 1454 952 1474 uno
973 1453 1018 1474 ve-

174 1493 253 1531 stigio
274 1494 306 1522 de
328 1494 456 1523 omnihus
477 1494 533 1527 his,
549 1494 576 1522 in
597 1493 654 1522 sote
668 1493 786 1527 scilicet,
802 1501 851 1530 per
872 1500 956 1530 quem
970 1492 1019 1533 ali5

174 1541 285 1578 quando
314 1541 456 1575 Trinitas,
478 1540 625 1577 aliquando
652 1540 798 1577 sapientia
826 1540 1018 1577 ememplarte,

174 1588 320 1625 aliquando
351 1587 484 1625 anyclz‘ca
514 1587 679 1624 dispositio,
711 1586 859 1624 aliquando
892 1587 1020 1615 Ecclesia

175 1633 362 1671 triumphans
383 1634 561 1671 significatur.
579 1650 615 1654 —
636 1634 675 1662 De
704 1634 858 1667 Trinitate,
879 1633 907 1662 in
929 1633 1019 1661 Eccle-

173 1681 319 1710 siastico³:
341 1681 391 1710 Sol
414 1681 587 1709 illaiiiinans
614 1689 669 1717 pei·
700 1681 799 1709 onmia
832 1680 972 1717 respexit,
995 1683 1020 1707 et

172 1728 270 1766 yloria
292 1728 410 1756 Domini
426 1728 544 1765 plenam
567 1731 607 1756 est
621 1736 695 1765 opus
709 1728 780 1756 eiua.
796 1727 840 1756 Sol
856 1727 938 1755 habet
952 1726 1019 1755 sab-

172 1775 328 1809 stamiam,
343 1775 533 1812 splendorem,
549 1775 675 1804 calorem
681 1786 690 1808 ,·
706 1775 744 1804 sic
759 1775 833 1803 Deus
848 1774 930 1803 habet
945 1774 1020 1811 prin-

173 1822 275 1859 cipium
297 1822 468 1860 oriyinans,
491 1823 613 1857 Patrem;
634 1822 831 1860 splendorem,
846 1822 957 1856 Filium;
973 1830 1021 1849 ca-

173 1868 273 1903 lorem,
296 1869 428 1906 Spiritum
451 1872 593 1903 sanctum3
616 1872 642 1898 et
664 1872 755 1898 tamen
777 1871 819 1897 est
839 1869 910 1897 idem
932 1869 971 1898 sol
994 1868 1020 1897 in

174 1916 250 1945 caelo
272 1920 407 1954 quantum
429 1916 463 1945 ad
485 1916 680 1950 substantiam,
702 1916 773 1945 idem
795 1916 822 1944 in
838 1916 919 1944 oculo
934 1924 1021 1953 quan-

174 1967 233 1992 tum
248 1964 282 1993 ad
298 1964 406 1998 lumen,
422 1963 493 1992 idem
508 1964 535 1992 iu
553 1972 674 2000 corpore
694 1966 829 2000 quantum
844 1963 878 1991 ad
893 1962 1020 1991 calorem.

175 2027 211 2031 —-
234 2012 275 2040 Sic
302 2011 522 2048 persuadebatur
549 2010 657 2039 cuidam
686 2018 781 2044 caeco,
803 2010 849 2047 qui
872 2009 1022 2047 aliquando

177 2059 284 2087 viderat
305 2058 390 2087 solem
411 2061 438 2086 et
459 2057 548 2086 stabat
569 2057 601 2086 ad
624 2057 722 2091 solem,
737 2060 764 2086 et
785 2065 838 2085 non
860 2060 967 2093 poterat
981 2057 1022 2085 in-

175 2106 298 2143 telligere
319 2105 352 2134 de
375 2105 431 2133 Deo
453 2104 611 2133 trinitatem.

1856 147 1907 176 391

1151 223 1196 251 23.
1219 223 1257 252 De
1278 224 1397 252 sei-unda
1417 224 1560 261 anagogia,
1583 225 1606 252 iil
1629 228 1669 253 est
1694 225 1727 253 de
1755 225 1914 263 exemplari

1071 270 1231 307 sapientia,
1254 271 1405 307 Sapientiae
1427 272 1573 308 septimo⁴2
1596 273 1644 300 Est
1661 273 1736 301 cm'm
1757 273 1914 310 speciosior

1072 317 1128 345 sole
1149 320 1173 345 et
1193 326 1281 354 super
1302 326 1413 347 omnem
1441 319 1655 356 dispositionem
1683 319 1835 348 stellarum
1857 320 1916 349 luci

1072 368 1246 401 comparata.
1268 365 1414 393 inuenitur
1432 366 1526 402 prior.
1557 366 1601 395 Est
1632 367 1705 395 enim
1730 367 1852 404 speciosa
1874 374 1915 395 sa-

1073 410 1189 448 pientia,
1211 411 1276 448 quia
1298 412 1363 445 lux,
1384 412 1430 440 sed
1452 413 1600 449 speciosior
1621 414 1690 448 sole,
1704 413 1770 451 quia
1790 414 1830 441 sol
1844 413 1916 441 intra

1073 466 1101 486 se
1133 457 1239 486 radium
1269 467 1350 486 suum
1381 467 1514 495 generare
1545 469 1598 489 nou
1628 463 1730 497 potost;
1753 460 1792 489 sol
1823 463 1914 488 autem

1072 507 1202 535 aetelaius
1216 505 1288 533 intra
1309 513 1337 534 se
1353 505 1461 535 radium
1477 510 1589 543 perierat
1603 507 1831 544 pulcherrimum.
1851 507 1916 543 Qui-

1072 552 1135 581 dam
1155 555 1247 581 autem
1269 552 1362 581 fatuus
1382 553 1469 587 dixit,
1491 554 1565 591 quod
1589 555 1628 583 sol
1649 557 1708 583 erat
1729 554 1822 583 radius
1843 554 1914 583 solis

1074 599 1174 628 Dicunt
1189 602 1286 635 autem
1307 600 1418 637 quidam
1433 601 1562 638 astrologi
1574 601 1594 635 ⁵,
1609 602 1682 638 quod
1697 610 1792 630 omnes
1807 602 1915 635 stellae,

1074 650 1105 675 ut
1127 647 1207 681 luna,
1229 647 1367 684 recipiunt
1398 647 1489 676 lumen
1518 656 1600 676 suum
1621 656 1637 676 a
1658 648 1721 677 sole.
1745 649 1795 677 Se'd
1817 648 1916 677 verita-

1074 697 1129 723 tem
1151 694 1230 723 istius
1251 695 1419 731 quaestionis
1441 695 1534 723 nullus
1556 695 1621 729 scit;
1643 698 1833 724 verumtamen
1862 697 1916 724 tam

1074 741 1168 770 stellae
1189 749 1273 778 quam
1296 741 1362 769 luna
1382 741 1492 779 aliquod
1514 742 1606 770 lumen
1636 742 1753 776 liabent;
1775 746 1802 771 et
1823 743 1916 771 stellae

1074 787 1184 824 quidem
1197 796 1267 816 ..non
1299 788 1337 817 sic
1368 788 1583 822 obumbrantur,
1606 792 1636 817 ut
1666 789 1745 824 luna,
1771 789 1835 826 quia
1867 790 1918 818 hoc

1074 835 1157 863 habet
1182 835 1246 863 luna
1267 843 1317 872 per
1338 835 1505 864 vicinitatem
1526 836 1559 864 ad
1581 844 1630 865 nos
1651 839 1678 865 et
1699 839 1803 865 motum
1825 844 1916 865 suum.

1074 881 1116 909 Sic
1147 881 1174 909 in
1205 881 1296 910 omnia
1327 882 1418 910 inssuit
1449 885 1560 923 aeterna
1581 883 1721 920 sapientia.
1752 883 1918 912 Ecclesiastis

1074 928 1259 957 undecimo⁶:
1288 929 1375 957 Dulce
1396 929 1492 957 lamen
1521 933 1545 957 ct
1572 930 1732 958 delectabile
1760 934 1800 958 cst
1827 930 1918 958 oculis

1073 974 1169 1002 videre
1189 974 1284 1003 solem.

1153 1022 1198 1050 24.
1221 1022 1312 1050 Tertia
1332 1022 1479 1059 anagogia,
1495 1022 1558 1059 quia
1580 1031 1630 1059 per
1651 1023 1734 1051 solem
1757 1023 1918 1059 intelligitur

1074 1068 1206 1105 aoiyelt'ca
1234 1068 1407 1097 sublimitas.
1440 1068 1468 1097 In
1502 1069 1726 1097 Ecclesiastico⁷:
1755 1069 1918 1106 Tripliciter

1074 1115 1116 1143 sol
1143 1124 1267 1144 exim-ens
1298 1119 1415 1148 montes,
1441 1116 1543 1144 ‘radios
1575 1116 1671 1153 iyneos
1702 1116 1864 1153 exsufflans
1894 1120 1918 1145 et

1076 1161 1221 1199 refulyens
1242 1163 1338 1191 radiis
1358 1163 1422 1191 Sttt‘s
1450 1162 1583 1191 obcaecat
1603 1162 1717 1196 ocutos;
1739 1163 1804 1200 quia
1825 1163 1919 1192 radius¹

1074 1209 1185 1238 divinus
1207 1217 1279 1238 unus
1310 1212 1337 1238 et
1368 1209 1455 1243 idem,
1488 1209 1649 1238 triformiter
1680 1213 1841 1247 susceptus,
1864 1213 1920 1239 tres

1076 1256 1247 1285 hierarchias
1268 1256 1339 1285 facit.

1155 1305 1200 1332 25.
1230 1304 1334 1340 Quarta
1364 1303 1496 1341 anagogia
1526 1307 1567 1332 est
1598 1304 1631 1333 de
1660 1304 1787 1333 Ecclesia
1816 1305 1920 1333 triam-

1072 1350 1197 1388 pltante,
1213 1359 1284 1388 quae
1299 1351 1381 1380 etiam
1402 1351 1565 1388 intelligitur
1580 1359 1629 1388 per
1644 1352 1744 1386 solem;
1761 1352 1885 1381 Habacuc
1897 1351 1920 1379 S:

1077 1397 1169 1427 Solet
1201 1398 1273 1426 luna
1302 1401 1441 1429 steterunt
1471 1398 1502 1427 in
1533 1397 1699 1427 habitaculo
1719 1407 1790 1433 suo,
1812 1398 1922 1436 quando

1076 1445 1167 1473 anima
1187 1448 1215 1474 et
1245 1453 1348 1482 corpus
1378 1445 1584 1482 glorificantur3
1607 1448 1634 1474 et
1665 1449 1730 1474 tunc
1758 1446 1870 1474 vadunt
1891 1446 1922 1473 iit

1077 1492 1138 1521 luce
1156 1492 1337 1529 >sapittarum
1358 1492 1538 1526 multarum,
1560 1495 1674 1528 propter
1695 1492 1801 1521 subitas
1825 1500 1921 1529 opera—

1077 1539 1164 1568 tiones
1185 1545 1249 1568 suas
1270 1539 1297 1567 in
1320 1539 1422 1569 virtute
1444 1539 1490 1567 Dei
1513 1538 1616 1575 fulgida
1636 1541 1663 1567 et
1684 1539 1782 1567 subita.

1156 1587 1201 1614 26.
1224 1585 1251 1613 In
1273 1585 1415 1622 alleyoria
1436 1585 1561 1614 similiter
1582 1593 1632 1622 per
1651 1585 1737 1614 solem
1760 1585 1920 1622 intelligitur

1079 1632 1228 1661 Christus:
1253 1632 1356 1660 Oritur
1376 1632 1420 1660 sol
1439 1636 1464 1660 et
1484 1632 1627 1666 oectdtc⁹‚·
1648 1633 1738 1661 oritur
1765 1633 1793 1661 in
1814 1632 1920 1661 nativi-

1077 1682 1146 1713 tate,
1172 1678 1270 1707 occidit
1302 1679 1328 1706 Ἦ
1359 1682 1467 1712 morte;
1497 1682 1587 1717 yyrat
1614 1687 1668 1716 per
1698 1679 1863 1713 meridiem,
1892 1679 1919 1707 in

1078 1725 1261 1758 ascensionm
1275 1724 1400 1762 flectitur
1414 1726 1454 1754 all
1468 1726 1642 1764 aquilonem,
1658 1726 1685 1754 in
1703 1726 1819 1755 iudicio.
1834 1742 1869 1746 ——
1881 1725 1920 1754 De

1077 1773 1181 1810 primo⁷
1203 1773 1363 1802 Malachias:
1387 1773 1504 1801 Orietur
1532 1772 1611 1801 vobis
1633 1772 1797 1802 timentibus
1817 1781 1921 1801 nomen

1077 1829 1173 1849 meum
1193 1819 1236 1848 sol
1256 1820 1395 1854 iustitiae,
1416 1823 1441 1848 et
1460 1821 1575 1849 sanitas
1602 1821 1633 1849 in
1661 1821 1766 1858 pertne's
1790 1820 1860 1849 eius.
1883 1836 1920 1842 —

1078 1868 1117 1897 De
1142 1868 1262 1897 secundo
1290 1867 1406 1897 dicitur:
1432 1868 1543 1897 Occidet
1568 1868 1607 1897 eis
1628 1868 1670 1897 sol
1691 1868 1722 1897 in
1743 1868 1869 1897 meridie.
1893 1868 1922 1896 In

1078 1915 1192 1945 meridie
1216 1916 1256 1944 sol
1277 1915 1375 1944 occidit
1405 1915 1517 1944 Iudaeis.
1540 1916 1654 1952 Quando
1675 1916 1802 1945 Christus
1822 1916 1874 1944 fuit
1894 1915 1922 1944 in

1079 1963 1176 1991 malori
1204 1970 1255 1991 sua
1279 1962 1396 1996 virtute,
1418 1962 1521 1991 scilicet
1548 1966 1609 1999 post
1636 1963 1868 1992 resurrectionem
1895 1965 1922 1992 et

1078 2009 1281 2043 ascensionem;
1300 2009 1390 2038 Iudaei
1412 2009 1526 2038 fuerunt
1547 2010 1694 2038 excaecati.
1711 2026 1747 2030 -
1763 2010 1801 2038 De
1822 2009 1922 2039 iudicio

1078 2056 1143 2085 dicit
1163 2056 1292 2085 Iacobus:
1308 2057 1436 2085 Exortus
1457 2060 1497 2085 est
1517 2056 1560 2084 sol
1580 2065 1646 2085 cum
1667 2056 1784 2090 ardore,
1806 2060 1831 2085 et
1852 2058 1923 2086 ccci-

1079 2104 1120 2132 dit
1141 2103 1203 2141 flos,
1225 2107 1250 2132 et
1269 2102 1389 2141 foenum
1411 2104 1500 2132 aruit.

240 2359 247 2372 ¹
265 2359 311 2383 Ch:
330 2360 352 2382 S.
378 2360 462 2381 Thom.
479 2359 550 2387 episc.
572 2358 657 2382 Concio
675 2360 697 2381 2.
719 2359 749 2382 de
770 2359 819 2382 Nat.
839 2360 863 2381 Β.
885 2360 913 2381 lii.
936 2360 964 2382 V.
984 2359 1021 2389 (in

177 2401 233 2422 festo
251 2400 276 2421 13.
295 2400 322 2421 M.
341 2399 369 2421 V.
385 2399 414 2420 de
431 2399 495 2420 Bono
512 2397 625 2425 Consilio,
642 2398 674 2420 lll.
691 2398 773 2427 Noct.).
791 2410 823 2415 --
842 2399 911 2421 Paulo
928 2398 1022 2421 inferius

177 2445 219 2467 pro
236 2438 311 2461 miras
329 2438 345 2460 B
356 2438 400 2459 DE
416 2436 506 2460 varias.

239 2477 248 2490 '³
266 2479 346 2500 Ezech.
368 2478 391 2504 l,
413 2477 446 2499 16.
464 2477 503 2505 (de
520 2477 590 2503 1·otis;
607 2477 648 2499 cfr.
666 2483 735 2505 supra
748 2484 769 2500 n.
782 2478 825 2506 9.).
836 2490 867 2494 —
878 2478 946 2501 Prov.
961 2478 987 2505 9,
1001 2478 1021 2500 l.

177 2524 241 2546 seq.:
268 2524 278 2536 ιι
296 2516 435 2544 Sapientia...
462 2519 485 2538 et
508 2516 630 2544 proposuit
655 2518 758 2538 mensam·
783 2522 849 2538 suam
866 2525 888 2538 ι».
913 2517 1022 2544 Gregor„

178 2556 280 2579 xxxiii.
298 2556 374 2577 Mon-al.
393 2561 412 2577 c.
434 2556 467 2578 16,
485 2561 509 2577 n.
526 2556 567 2582 32,
586 2556 647 2577 hunc
659 2556 736 2578 locum
748 2555 864 2583 explicans
882 2555 948 2578 dicit:
961 2556 1022 2579 Men-

177 2603 230 2619 sam
246 2601 341 2624 quoque
358 2595 480 2623 proposuit
497 2594 632 2624 [Ecclesia],
644 2595 698 2624 quia
715 2595 846 2623 Scripturae
863 2601 941 2618 sacrae
956 2595 1023 2618 nobis

178 2634 263 2663 pabula
281 2634 406 2662 aperiendo
425 2634 578 2662 praeparavit.
595 2633 641 2657 Csr.
658 2633 714 2656 ibid.
734 2635 802 2657 XVII.
820 2641 840 2657 c.
857 2635 894 2657 29.
911 2641 934 2657 n.
953 2635 989 2657 43.
1001 2637 1023 2657 et

178 2675 257 2697 Glossa
275 2672 401 2696 ordinaria
419 2673 439 2695 in
458 2674 493 2695 ΡΞ.
511 2674 553 2700 68,
571 2673 608 2695 23.
625 2685 656 2689 -
672 2673 743 2695 Exod.
761 2673 803 2701 25,
821 2674 863 2700 20,
875 2673 914 2696 ubi
927 2674 956 2696 de
968 2674 1023 2697 duo-

178 2713 223 2736 bus
240 2711 378 2739 Cherubim,
395 2712 435 2741 qui
453 2712 582 2735 secundum
600 2713 710 2740 August.,
734 2713 776 2741 Qq.
799 2713 820 2734 in
838 2713 908 2735 Exod.
925 2719 949 2741 q.
967 2713 1023 2740 ⁴05,

178 2755 200 2774 et
217 2752 317 2781 Bedamn,
335 2751 350 2773 1.
368 2751 398 2773 de
415 2750 576 2773 Tabernaculo
593 2752 635 2773 etc.
654 2756 673 2773 e.
691 2751 717 2778 5,
737 2750 867 2779 significant
888 2751 935 2774 duo
959 2754 1023 2774 testa-

178 2793 264 2813 menta.
281 2789 325 2813 Cl'r.
343 2796 414 2818 supra
432 2791 505 2812 collat.
524 2790 545 2812 3.
557 2795 581 2811 n.
594 2790 630 2812 11.
641 2802 672 2806 -
684 2789 755 2812 Exod.
769 2790 810 2818 25,
824 2791 847 2813 31
859 2808 865 2817 ,
877 2791 943 2813 cuius
956 2797 1023 2819 expo-

178 2831 284 2853 sitionem
302 2829 356 2851 vide
374 2829 395 2851 in
412 2829 487 2856 Beda,
505 2829 548 2851 loc.
565 2829 602 2851 cit.
619 2835 639 2851 c.
657 2830 678 2851 8.

241 2867 251 2881 ³
267 2869 324 2896 Cap.
341 2868 383 2895 42,
401 2869 438 2890 ie.

242 2908 252 2920 ⁴
269 2908 335 2930 Vers.
355 2908 392 2930 29.

242 2946 252 2959 Β
269 2948 311 2969 Pro
329 2948 371 2969 hac
388 2947 499 2969 sententia
516 2953 528 2969 a
541 2947 566 2970 B.
577 2946 683 2974 Alberto,
696 2947 718 2970 in
731 2949 754 2970 ΙΙ.
766 2948 795 2971 de
807 2947 875 2971 Caelo
887 2952 909 2971 et
921 2949 1010 2971 mundo
1019 2967 1024 2976 ,

1079 2363 1106 2382 tr.
1124 2360 1144 2382 3.
1163 2366 1183 2382 c.
1201 2360 1221 2381 6.
1240 2362 1262 2382 et
1284 2359 1305 2381 in
1330 2360 1352 2381 11.
1370 2359 1399 2381 de
1421 2360 1527 2381 (ienerat.
1544 2361 1565 2380 et
1586 2361 1687 2386 corrupt.
1705 2360 1732 2380 tr.
1752 2359 1772 2380 3.
1791 2365 1810 2380 ‹·.
1828 2358 1854 2385 5,
1872 2359 1922 2380 alle<

1080 2401 1163 2426 gantur
1180 2398 1323 2425 Aristoteles,
1340 2398 1470 2425 Axicenna,
1487 2397 1630 2419 Ptolemaeus
1647 2399 1669 2419 et
1684 2397 1807 2419 lllessalach
1832 2397 1868 2423 (in
1890 2390 1922 2419 se'-

1079 2438 1155 2460 cundo
1173 2438 1223 2460 loco
1240 2438 1276 2460 cit.
1293 2437 1425 2460 nominatur
1445 2437 1613 2466 Megelaphus).
1629 2437 1653 2459 ln
1670 2437 1745 2465 primo
1763 2437 1812 2459 loco
1830 2436 1866 2458 eil.
1884 2442 1923 2459 vo-

1080 2480 1115 2499 cat
1134 2477 1272 2499 contrariam
1293 2476 1426 2504 opinionem
1444 2481 1593 2498 communem
1614 2478 1636 2497 et
1659 2475 1789 2505 culparem.
1806 2488 1837 2492 —
1853 2476 1922 2497 Paulo

1079 2516 1186 2544 superius
1203 2522 1245 2544 pro
1262 2515 1344 2545 fatuus
1362 2516 1379 2537 Α
1396 2515 1461 2542 ponit
1478 2514 1631 2541 Anastasius,
1649 2517 1671 2536 et
1688 2520 1730 2542 pro
1748 2514 1810 2544 quod
1825 2514 1861 2537 sol
1871 2517 1924 2537 erat

1079 2554 1163 2578 radius
1180 2554 1237 2578 solis
1255 2556 1270 2577 E
1286 2553 1403 2577 substituit
1414 2553 1477 2583 quod
1492 2554 1576 2577 similis
1590 2554 1621 2582 (D
1633 2557 1666 2581 et,
1679 2557 1703 2576 ut
1715 2554 1813 2581 videtur,
1825 2554 1893 2576 etiam
1906 2555 1923 2576 Α

1079 2593 1225 2623 simillimus)
1243 2595 1294 2616 erat
1311 2592 1379 2616 radio
1396 2593 1461 2616 solis.

1142 2632 1152 2645 ⁶
1169 2633 1234 2655 Vers.
1251 2633 1272 2655 7Δ

1142 2670 1150 2683 ⁷
1168 2671 1224 2700 Cap.
1248 2671 1289 2700 43,
1312 2672 1333 2694 li.
1350 2684 1382 2689 —
1399 2672 1431 2694 De
1449 2672 1529 2700 triplici
1556 2672 1694 2699 hierarchia,
1720 2672 1768 2694 scil.
1792 2671 1923 2699 superiore,

1080 2710 1156 2733 inedia
1174 2713 1196 2732 et
1212 2710 1303 2737 infima,
1321 2712 1362 2733 cfr.
1380 2714 1435 2733 tom.
1453 2712 1475 2734 ll.
1494 2711 1621 2739 pagsaio,
1639 2714 1690 2733 nota
1712 2711 1730 2733 l.

1143 2749 1152 2761 Β
1169 2749 1224 2778 Cap.
1242 2751 1268 2778 3,
1287 2751 1323 2773 11.
1341 2750 1412 2773 Ibid.:
1436 2752 1459 2774 ln
1488 2756 1529 2773 uce
1546 2750 1680 2778 sagittarum
1699 2753 1801 2776 tuarum,
1819 2749 1883 2771 ibunt
1901 2750 1922 2771 iu

1080 2790 1204 2818 splendore
1222 2790 1358 2818 fulgurantis
1375 2792 1453 2813 hastae
1470 2794 1528 2813 tuae.

1143 2828 1152 2841 ⁹
1169 2830 1241 2852 Eccle.
1260 2830 1286 2858 11,
1303 2830 1324 2853 5.
1343 2833 1365 2853 et
1382 2831 1404 2853 6.
1420 2842 1451 2847 —-
1469 2829 1570 2852 Subinde
1588 2830 1716 2857 allegantur
1738 2830 1832 2851 ltlalach.
1850 2828 1875 2855 4,
1894 2829 1922 2855 2,

1081 2870 1151 2892 Amos
1169 2869 1195 2895 8,
1213 2869 1242 2891 9:
1260 2869 1354 2892 Occidet
1376 2870 1409 2892 sol
1433 2870 1455 2892 in
1477 2869 1585 2896 merIdie;
1605 2870 1648 2891 lac.
1666 2869 1674 2891 ¹1
1686 2886 1691 2895 ,
1710 2869 1753 2891 ll:
1772 2869 1866 2890 Exortus
1890 2871 1923 2890 est

1081 2909 1142 2931 enim
1160 2909 1193 2931 sol
1211 2915 1263 2932 cum
1282 2910 1365 2932 ardore
1381 2912 1403 2932 et
1420 2909 1512 2932 arefecit
1530 2911 1636 2936 foenum,
1654 2912 1675 2930 et
1692 2910 1734 2931 ilos
1751 2908 1799 2930 eius
1817 2907 1909 2930 decidit.

1928 231 1954 251 De
1966 233 2055 252 iocunda.

1932 1029 1959 1047 De
1973 1029 2034 1047 tertia.

1934 1309 1960 1328 De
1974 1311 2047 1333 quarta.

1934 1591 2028 1617 ΑΗΘ-(ζωὴ

1947 1619 2013 1637 prima.
