2285 3398
219 1489 249 1508 Ad
262 1489 337 1512 opposi-

353 101 406 129 17⁹2

347 186 413 215 ergo
435 178 486 206 hoc
508 178 673 214 proponitur
701 177 791 206 viduis
818 177 960 206 omnibus:
987 185 1054 215 ergo
1081 177 1194 206 cuilibet

347 228 388 254 est
399 224 504 253 licitum
520 232 619 253 vovere
634 224 829 253 continentiam
843 224 995 253 secundum
1010 224 1097 261 legem
1111 231 1193 252 evan-

347 271 469 307 gelicanf.

428 318 452 344 ti.
476 316 558 350 Item,
584 316 685 345 ibidem
702 317 732 345 ¹:<
759 316 841 351 Volo,
863 325 960 346 omnes
981 316 1108 345 liomiraes
1135 324 1194 344 csse

347 364 424 392 sicut
444 372 488 391 mc
509 363 624 400 ipsam,·
645 363 692 392 sed
713 363 771 403 ipse
791 367 852 392 erat
871 364 985 393 omnino
1004 363 1146 392 continens
1167 365 1194 391 et

347 410 381 439 ad
403 410 597 439 continentiam
618 410 764 440 astrictus:
786 419 853 448 ergo
866 411 990 445 volebat,
1012 410 1085 447 quod
1099 417 1194 438 omnes

347 456 380 485 ad
401 456 598 485 continentiam
613 460 704 486 essent
724 457 838 486 astricti.
854 457 905 486 Sed
921 457 972 485 hoc
987 457 1017 485 fit
1035 463 1084 493 per
1100 458 1194 484 votum

346 502 542 532 continentiae:
563 511 630 541 ergo
650 506 702 532 etc.

426 550 452 577 7.
476 549 542 578 ltcm
553 573 560 584 ,
575 550 609 579 ad
630 551 766 580 Romanos
779 550 942 579 duodecimo
954 550 980 578 2:
998 549 1120 578 Obsecro
1136 557 1194 582 cos,

345 599 379 625 ut
408 595 566 625 eaeltibeatis
596 605 724 634 corpora
754 601 851 626 vestra
882 596 1008 625 llos-tiam
1041 595 1194 629 viventem,

345 646 494 678 sanctam,
512 643 567 672 Deo
581 643 757 680 placentem,-
768 644 816 673 sed
830 644 882 672 hoc
897 644 928 672 sit
941 643 1072 676 maxime,
1085 641 1196 679 quando

347 697 411 719 caro
431 690 574 719 dedicatur
594 691 651 719 Deo
672 699 721 728 per
742 694 838 720 votum
853 690 1049 720 continentiae:
1065 697 1132 726 ergo
1148 697 1195 717 vo-

348 744 414 766 vere
434 737 629 765 continentiam
650 740 692 766 est
711 738 767 766 Deo
789 738 928 774 placitum.

413 783 508 817 ‘ltem,
530 783 582 812 hoc
603 783 694 820 ipsum
714 784 870 813 ostenditur
890 784 1003 812 ratione
1024 783 1071 812 sic.

426 829 452 857 8.
474 829 553 865 Quod
573 826 682 866 elongat
701 838 718 858 a
737 830 960 867 concupiscentia
980 830 1072 859 carnis
1091 832 1134 859 est
1148 829 1196 857 bo-

347 883 415 905 num
436 878 463 904 et
490 875 642 909 laudabile;
668 875 715 904 sed
742 879 837 904 votum
864 876 1048 905 continentiae
1078 875 1196 905 vidualis

348 922 599 959 maximeelongat
619 930 635 950 a
656 922 877 959 concupiscentia
891 922 996 951 carnis:
1012 930 1078 959 ergo
1092 925 1134 951 est
1148 922 1196 951 bo-

347 977 414 998 num
436 971 463 997 et
484 968 627 997 laudabile.

427 1017 452 1044 9.
482 1016 559 1049 ltem,
588 1016 635 1053 qui
664 1015 757 1044 domat
786 1023 898 1044 carnem
913 1015 1100 1044 laudabiliter
1125 1015 1196 1052 agit,

348 1062 414 1100 quia
434 1070 499 1091 caro
523 1070 574 1099 per
601 1062 851 1099 concupiscentiam
879 1056 1018 1099 pertrahit
1040 1061 1075 1090 ad
1102 1069 1197 1098 pecca-

348 1113 407 1139 tum
419 1110 445 1144 ³;
468 1109 515 1138 sed
530 1110 582 1138 hoc
596 1110 628 1138 fit
643 1118 692 1147 per
713 1113 876 1147 perpetuam
898 1108 1109 1138 continentiam:
1131 1117 1197 1145 ergo

347 1160 482 1194 perpetuo
503 1156 643 1185 continere
664 1159 706 1185 est
738 1156 889 1185 laudabile:
911 1164 978 1193 ergo
994 1155 1081 1185 'licite
1103 1155 1196 1184 voveri

348 1205 446 1240 potest.
1083 1226 1085 1229 Α

429 1250 473 1278 10.
487 1249 568 1283 ltcm,
583 1252 624 1278 est
638 1250 742 1278 bonum
757 1250 880 1284 consilii,
895 1254 923 1279 ct
936 1254 978 1279 est
992 1251 1095 1279 bonum
1109 1258 1197 1287 prae-

348 1295 435 1332 cepti,-
449 1295 497 1324 sed
511 1296 697 1325 continentia⁴
712 1290 822 1325 non‘es't
837 1297 939 1325 bonum
951 1297 1116 1334 praecepti,
1132 1296 1197 1334 quia

349 1342 388 1371 sic
408 1349 503 1373 omnes
522 1345 684 1379 peccarent,
709 1343 756 1380 qui
786 1343 908 1372 nubunt:
930 1352 997 1380 ergo
1024 1346 1065 1372 est
1092 1344 1196 1372 bonum

349 1381 470 1417 consilii.
485 1388 537 1418 Sed
551 1389 664 1418 consilia
678 1389 801 1422 vovenda
814 1392 891 1418 sunt:
906 1398 973 1427 ergo
986 1392 1038 1419 etc.

427 1436 480 1464 San
498 1444 622 1464 courum:
642 1437 665 1464 12
682 1436 788 1465 Primae
808 1436 842 1465 ad
862 1436 1019 1465 Corinthios
1038 1433 1195 1474 septimo-²⁵:

353 1483 475 1520 propter
502 1482 728 1520 fornicationem
756 1483 956 1522 unusquisque
983 1482 1086 1512 habeat
1108 1485 1197 1512 suam

350 1538 488 1563 amorem,
510 1532 535 1558 ct
555 1538 748 1568 unaquaeque
760 1538 857 1558 saum
872 1530 988 1564 vii·um,·
999 1530 1045 1558 sed
1060 1530 1127 1559 illud
1142 1538 1197 1558 non

333 1579 389 1605 *est
410 1576 570 1610 consilium,
585 1584 650 1605 cum
672 1584 726 1605 non
748 1576 783 1605 sit
801 1584 872 1613 opus
892 1577 1068 1613 perfectionis
1086 1585 1136 1606 nec
1151 1585 1198 1606 su-

347 1623 564 1660 pererogationis
574 1634 582 1661 3
597 1631 663 1660 ergo
677 1625 720 1652 est
733 1625 912 1660 praeceptum
925 1634 931 1651 :
947 1631 1013 1661 ergo
1027 1623 1199 1660 quicumque

344 1672 429 1698 vovet
459 1669 654 1698 continentiam
687 1669 751 1698 facit
781 1673 878 1698 contra
909 1670 961 1698 hoc
996 1672 1175 1707 praeceptum
1191 1680 1197 1697 ε

349 1723 416 1752 ergo
436 1718 487 1744 etc.

428 1763 455 1791 2.
478 1762 560 1796 ltem,
582 1761 687 1798 primae
707 1762 741 1791 ad
762 1762 938 1791 Timotheum
959 1762 1094 1799 quinto⁶:
1124 1761 1198 1793 Volo,

350 1809 481 1837 iuniores
501 1808 618 1842 nabere,
639 1808 715 1845 lilios
733 1808 971 1845 procreareffied
986 1808 1051 1837 huic
1072 1812 1114 1837 est
1134 1816 1200 1837 con—

351 1854 469 1883 trarium
490 1857 585 1883 votum
606 1854 804 1884 continentiae:
826 1862 892 1892 ergo
919 1855 1064 1892 Apostolus
1091 1854 1199 1883 volebat

352 1901 523 1930 contrarium
554 1904 618 1930 voto
648 1901 842 1930 continentiae:
865 1909 931 1939 ergo
952 1901 1119 1931 continentia
1144 1910 1198 1931 non

352 1952 393 1977 est
415 1948 544 1977 vovenda.
1036 1945 1038 1947 ’

431 1995 457 2024 3.
481 1996 562 2029 Item,
584 1995 690 2033 primae
704 1996 738 2025 ad
753 1996 928 2026 Timotheum
942 1996 1041 2034 quinto
1052 1996 1062 2013 ⁷
1075 2007 1082 2024 :
1105 1996 1199 2025 Vidua

353 2042 479 2080 eliyatar
499 2052 558 2072 non
578 2043 679 2072 minus
692 2044 847 2081 scxaqinta
861 2052 1028 2078 annorum;
1042 2047 1070 2074 et
1084 2044 1198 2073 ibidem:

354 2090 587 2119 Aclolescentalas
613 2090 723 2119 viduas
752 2091 864 2119 devita.-
896 2099 963 2129 ergo
990 2099 1046 2130 non
1073 2091 1198 2126 videtur,

352 2137 427 2175 quod
447 2137 557 2166 castitas
578 2137 695 2167 vidualis
723 2138 881 2175 accipienda
904 2138 940 2167 sit
956 2138 1012 2167 nisi
1034 2138 1061 2167 in
1083 2138 1199 2173 vetulis,

353 2193 404 2214 nec
426 2185 478 2213 hoc
498 2185 534 2214 ob
554 2185 629 2214 aliud
650 2185 701 2214 nisi
723 2186 836 2222 propter
857 2186 1032 2223 periculum:
1054 2194 1121 2223 ergo
1145 2194 1200 2215 non

352 2231 462 2260 videtur
484 2234 576 2260 tutum
597 2231 723 2260 emittere
744 2232 927 2261 continentiae
947 2234 1051 2261 votum.

431 2278 458 2306 4.
475 2278 540 2307 Item
551 2301 558 2312 ,
572 2286 670 2312 omne,
685 2278 759 2315 quod
775 2282 911 2315 repugnat
925 2279 1025 2307 divino
1035 2282 1200 2315 praecepto,

354 2327 396 2354 est
416 2318 649 2361 vituperandum;
665 2324 712 2353 sed
727 2332 827 2353 vovere
848 2325 1047 2353 continentiam*
1065 2326 1202 2360 repugnat

354 2370 446 2399 divino
466 2374 629 2408 praecepto,
644 2371 747 2399 scilicet
761 2371 877 2400 Genesis¹
887 2371 976 2407 primo
987 2370 1017 2398 8:
1039 2371 1160 2399 Crescite
1178 2373 1203 2398 ct

354 2416 610 2454 multiplicamini:
631 2425 698 2454 ergo
718 2420 769 2445 etc.

445 2602 496 2622 ocii.
514 2600 530 2622 l.
547 2599 599 2622 Cor.
615 2599 643 2627 7,
660 2599 690 2621 7:
709 2599 768 2622 Volo
786 2600 861 2626 enim,
878 2606 960 2623 omnes
978 2608 1019 2624 vos
1036 2608 1087 2624 csse
1103 2604 1147 2624 etc.

417 2637 427 2651 ⁹
446 2639 512 2661 Vei-s.
530 2639 555 2661 t:
573 2638 675 2661 Obsecro
693 2639 769 2667 imque
786 2644 836 2665 vos,
855 2640 941 2667 fratres,
961 2646 1002 2668 per
1020 2641 1202 2664 misericordiam
1244 2649 1250 2652 ‘

355 2678 407 2705 Dei,
425 2680 449 2700 ut
466 2677 591 2700 exhibeatis
607 2680 650 2700 etc.
666 2689 698 2694 —-
713 2677 758 2700 DE
775 2680 828 2705 post
844 2678 900 2701 leem
917 2678 1006 2702 addunt
1022 2679 1065 2704 hoc
1081 2680 1122 2704 sic.

417 2716 427 2730 ⁸
444 2717 490 2741 Csr.
507 2718 556 2740 Gal.
573 2717 601 2744 5,
620 2717 657 2740 47.
674 2723 741 2746 seqq.

416 2755 426 2768 ⁴
443 2757 461 2779 Α
478 2756 597 2780 continere
614 2755 644 2779 ab
661 2755 734 2779 omni.

416 2794 427 2808 ⁶
444 2796 510 2819 vers.
528 2796 565 2818 44.

417 2833 426 2847 ⁷
444 2835 510 2858 Vers.
527 2836 550 2857 9.
566 2838 589 2858 et
607 2835 648 2863 tl,
666 2834 706 2858 ubi
724 2835 823 2864 Vulgata
840 2835 1048 2861 Adolescentiores.

417 2873 427 2887 ³
444 2875 510 2898 Vers.
527 2875 565 2897 28.

1067 2757 1077 2771 ⁸
1095 2759 1162 2781 Vesta.
1179 2760 1201 2782 2.

1021 99 1245 142 QUAESTIONES
1266 98 1467 127 DlSPUTATAE

1330 176 1356 203 5.
1380 175 1461 209 ltem,
1483 184 1578 210 omne,
1600 177 1674 213 quod
1695 181 1831 214 repugnat
1851 178 1986 207 naturali
2006 178 2099 207 dicta-

1250 221 1341 255 mini,
1363 224 1404 250 est
1426 221 1639 258 vituperandum
1653 233 1659 256 ;
1675 223 1722 251 sed
1736 226 1832 252 votum
1853 224 2036 254 continentiae
2054 232 2098 253 re-

1251 271 1356 304 pugnat
1376 267 1561 296 coniunctioni
1582 268 1792 303 matrimoniali,
1814 277 1885 306 quae
1906 274 2037 300 consonat
2050 279 2099 299 na-

1251 314 1333 343 turali
1355 314 1494 343 dictamini
1507 315 1537 342 ⁰:
1559 322 1626 351 ergo
1646 317 1697 343 etc.

1330 362 1355 389 6.
1379 361 1461 395 Item,
1483 369 1579 394 omne,
1601 360 1675 398 quod
1697 364 1833 398 repugnat
1853 363 2002 390 communi
2021 363 2100 392 utili-

1251 407 1322 441 tati,
1343 411 1385 436 cst
1406 408 1639 445 vituperandum3
1662 407 1709 436 sed
1731 411 1825 436 votum
1850 408 2033 437 continentiae
2056 417 2100 438 re-

1251 458 1356 491 pugnat
1376 455 1515 483 communi
1538 454 1664 488 utilitati,
1684 454 1788 483 scilicet
1802 455 1988 491 generationi,
2003 455 2030 483 in
2045 463 2101 492 qua

1251 504 1293 529 est
1313 502 1485 530 conservatio
1506 501 1624 538 speciei:
1646 509 1713 538 ergo
1734 504 1776 530 est
1796 501 2020 538 vituperandum.

1332 550 1357 576 7.
1381 548 1461 582 ltem,
1489 549 1673 587 quicumque
1689 556 1718 577 se
1739 548 1830 584 privat
1851 548 1911 577 utili
1933 551 1960 577 et
1981 549 2101 578 rationa-

1253 593 1299 622 bili
1322 594 1455 628 remedio‚
1476 594 1608 624 divinitus
1630 595 1756 624 instituto
1768 595 1791 611 ¹⁰
1806 594 1876 623 male
1890 594 1972 628 sacit;
1991 594 2038 623 sed
2053 595 2101 632 qui

1253 643 1334 669 vovet
1354 641 1547 670 continentiam
1578 642 1667 678 privat
1689 649 1718 670 se
1740 641 1932 676 matrimonio,
1961 641 2035 679 quod
2059 645 2101 670 est

1253 687 1452 716 sacramentale
1466 688 1628 722 remedium,
1643 688 1775 717 divinitus
1786 688 1959 717 institutum:
1971 696 2038 726 ergo
2048 691 2099 717 etc.

1332 735 1359 762 8.
1383 734 1464 767 ltem,
1490 734 1537 771 qui
1566 731 1711 763 committit
1736 743 1765 764 se
1785 735 1910 772 periculo
1930 736 2002 764 male
2026 735 2099 772 agit;

1253 780 1301 809 sed
1332 773 1379 817 qui
1409 783 1488 809 vovet
1517 781 1713 810 continentiam
1747 781 1894 810 committit
1921 790 1950 811 se
1976 782 2101 819 periculo

1235 859 1240 863 ,
1252 829 1369 864 propter
1391 827 1530 855 lubricum
1551 828 1662 856 carnis:
1683 836 1750 865 ergo
1771 831 1822 856 etc.

1333 875 1360 902 9.
1383 874 1465 908 Item,
1487 874 1562 911 quod
1583 874 1686 903 recedit
1700 882 1717 903 a
1730 874 1820 903 medio
1835 875 1938 904 recedit
1952 883 1968 903 a
1982 875 2101 909 virtute,

1253 920 1319 958 quia
1340 920 1430 949 virtus
1451 920 1576 949 consistit
1596 921 1624 950 in
1650 921 1739 950 medio
1751 922 1792 955 ¹¹;
1815 921 1863 950 sed
1883 921 1957 950 omni
1979 925 2103 967 tempore

1253 967 1395 996 continere
1417 967 1520 997 recedit
1540 976 1556 997 a
1576 968 1684 998 medio:
1714 976 1781 1006 ergo
1809 968 1912 998 recedit
1939 977 1955 997 a
1979 968 2102 997 virtute:

1253 1021 1320 1051 ergo
1341 1017 1392 1043 etc.

1569 1117 1780 1138 CONCLUSlo.

1261 1201 1393 1229 Vitlualis
1414 1202 1536 1230 castitas*
1557 1202 1588 1230 in
1609 1206 1732 1241 utroque
1758 1212 1830 1231 semu
1858 1207 1898 1232 est
1919 1203 2014 1232 (ticini
2037 1212 2103 1232 con-

1333 1247 1394 1276 silii
1405 1258 1414 1281 ;
1436 1247 1583 1277 laudabile
1600 1253 1641 1277 est
1663 1249 1760 1286 ipsam
1780 1258 1899 1284 amare,
1922 1249 2103 1282 laudabilius

1333 1304 1397 1323 cam
1418 1304 1546 1329 servare,
1568 1299 1593 1324 et
1614 1295 1883 1325 laudabilissimam
1909 1296 2029 1325 candem
2055 1304 2104 1324 vo-

1335 1350 1398 1370 vere
1417 1345 1442 1370 ct
1460 1346 1599 1379 perpetuo
1620 1342 1773 1371 custodire.

1334 1436 1515 1464 Respounun:
1536 1436 1700 1471 dicendum,
1719 1436 1793 1474 quod
1808 1437 1925 1466 vidualis
1940 1437 2050 1466 castitas
2063 1439 2105 1466 est
2118 1443 2226 1463 conclusio.

1254 1482 1339 1511 divini
1364 1482 1469 1511 consilii
1492 1485 1547 1511 tam
1563 1482 1589 1511 in
1605 1483 1770 1512 mulieribus
1791 1492 1875 1521 quam
1890 1484 1917 1512 in
1933 1484 2015 1518 viris;
2032 1483 2105 1513 unde

1254 1532 1282 1558 et
1297 1529 1433 1558 laudabile
1453 1533 1495 1558 est
1516 1530 1603 1566 ipsam
1625 1538 1744 1564 amare,
1760 1534 1787 1559 et
1802 1531 1968 1560 laudabilius
1989 1534 2030 1560 est
2044 1539 2105 1566 eam

1236 1579 1389 1610 'servat-e,
1412 1580 1439 1605 et
1461 1576 1707 1605 laudabilissimam
1729 1580 1771 1606 est
1791 1586 1851 1606 eam
1875 1587 1974 1621 novem
1994 1581 2022 1607 et
2042 1586 2113 1615 per-·

1255 1626 1340 1659 petuo
1361 1623 1514 1651 castodirc.

1336 1669 1413 1698 Ratio
1433 1672 1541 1703 autem,
1570 1677 1658 1706 quare
1679 1670 1814 1699 Dominus
1836 1667 1980 1699 consulere
2002 1671 2104 1705 voluit,
2119 1677 2218 1697 Probatur.

1256 1716 1324 1744 haec
1346 1718 1406 1744 est:
1428 1715 1509 1752 quia,
1525 1715 1587 1744 licet
1608 1716 1777 1744 continentia
1797 1717 1948 1753 coniugalis
1962 1717 2044 1753 plura
2058 1717 2106 1745 ha-

1256 1762 1319 1791 beat
1340 1762 1367 1790 in
1389 1769 1418 1790 se
1439 1761 1526 1796 bona,
1541 1761 1645 1791 scilicet
1665 1762 1764 1796 fidem,
1786 1763 1891 1799 prolem
1906 1766 1933 1791 et
1947 1764 2106 1792 Sacramen-

1257 1812 1332 1843 tum,
1355 1817 1386 1837 ac
1408 1816 1461 1845 per
1479 1809 1531 1837 hoc
1546 1808 1704 1846 coniugium
1720 1809 1755 1837 sit
1777 1808 1884 1837 bonum
1905 1808 2105 1845 hornestumw,

1256 1854 1408 1893 conferens
1419 1859 1446 1884 et
1458 1854 1635 1889 delectabile;
1657 1858 1748 1884 tamen
1759 1858 1821 1892 post
1834 1859 1977 1893 peccatum
1989 1856 2048 1894 ipsa
2059 1855 2106 1885 Ιιο-
2120 1865 2164 1884 Tria
2176 1865 2224 1884 bona

1256 1906 1353 1930 nestas
1367 1897 1535 1930 matrimonii
1546 1910 1684 1931 annexam
1700 1902 1783 1931 habet
1798 1902 1961 1938 libidinem,
1973 1911 2044 1941 quae
2058 1903 2107 1932 ali-
2125 1891 2224 1932 {ffiissssi³

1234 1988 1237 1995 Ι
1256 1949 1323 1986 quid
1334 1948 1399 1977 «licit
1410 1948 1603 1983 inhonestatis,
1615 1949 1721 1978 ratione
1735 1949 1815 1978 cuius
1828 1950 1909 1978 etiam
1922 1954 2014 1979 actum
2029 1950 2107 1979 illum

1257 1996 1387 2033 coniuges
1402 1996 1580 2025 erubescunt.
1601 1996 1716 2025 Utilitas
1729 2000 1822 2026 autem
1836 1998 2021 2032 matrimonii,
2036 2005 2108 2035 quae

1256 2043 1380 2072 consistit
1402 2043 1429 2072 in
1451 2043 1642 2080 procreatione
1656 2044 1778 2078 filiorum
1800 2044 1833 2072 ad
1854 2044 1903 2073 Dei
1925 2045 2046 2079 cultum,
2060 2044 2108 2073 ad-

1257 2091 1383 2120 iunctum
1405 2091 1488 2120 habet
1508 2091 1670 2132 damnum,
1691 2091 1756 2128 quia
1776 2090 1941 2119 distrahitur
1956 2091 2039 2119 homo
2053 2090 2108 2118 sre-

1257 2141 1391 2176 quenter,
1418 2146 1451 2167 ne
1479 2138 1596 2166 orationi
1624 2138 1733 2167 divinae
1765 2137 1885 2165 totaliter
1913 2137 1948 2165 sit
1976 2137 2106 2165 intentus.

1257 2184 1470 2214 Delectabilitas
1491 2184 1589 2218 etiam,
1611 2192 1684 2222 quae
1704 2187 1746 2213 est
1760 2184 1787 2212 in
1801 2183 1994 2218 matrimonio,
2010 2183 2108 2212 adiun-

1257 2234 1329 2260 ctam
1352 2230 1435 2259 liabet
1457 2230 1690 2264 tribulationem,
1706 2230 1786 2259 iuxta
1806 2229 1879 2267 quod
1901 2230 2046 2267 Apostolus
2065 2230 2107 2259 di-

1258 2277 1313 2306 cit:
1352 2276 1579 2304 Tribalationem
1610 2277 1712 2305 carnis
1743 2275 1887 2305 habebunt
1917 2275 2088 2306 huiusmodi
2094 2271 2107 2312 ζ

1258 2323 1364 2361 primae
1385 2323 1419 2351 ad
1439 2323 1596 2351 Corinthios
1617 2323 1733 2360 septimo
1745 2322 1776 2354 13³.
1793 2340 1829 2344 —
1844 2324 1914 2361 Quia
1928 2324 1994 2362 er‘go
2012 2325 2107 2354 matri·
2121 2331 2232 2351 eoronaria.

1259 2370 1384 2398 monium
1405 2370 1509 2398 bonum
1530 2373 1586 2404 est,
1608 2370 1705 2399 nullus
1723 2370 1758 2399 ab
1772 2378 1804 2400 eo
1818 2371 1998 2408 prohibetur,
2013 2372 2108 2402 nullus

1260 2416 1420 2453 repcllitur;
1446 2416 1511 2453 quia
1532 2424 1598 2445 vero
1618 2425 1759 2446 annexum
1781 2418 1863 2447 habct
1883 2418 2004 2456 aliquid,
2032 2419 2107 2456 quod

1322 2600 1332 2613 ⁹
1348 2601 1394 2625 Csr.
1411 2606 1501 2632 quaest.
1518 2604 1639 2632 praeced„
1658 2603 1697 2626 ubi
1714 2606 1737 2626 et
1753 2603 1783 2626 de
1799 2609 1866 2630 argg.
1883 2608 1949 2631 seqq.

1322 2639 1341 2653 ¹⁰
1358 2642 1402 2664 DE
1418 2642 1527 2665 omittunt
1543 2642 1659 2666 instituto.

1322 2679 1340 2693 ¹¹
1357 2680 1404 2704 Clr.
1420 2688 1490 2710 supra
1508 2688 1564 2710 pag.
1581 2682 1639 2709 t67,
1656 2684 1709 2704 nota
1728 2681 1765 2703 42.
1778 2692 1810 2697 —
1826 2680 1876 2703 Mox
1893 2686 1936 2708 pro
1953 2680 2072 2704 continere
2089 2680 2107 2703 A

1259 2719 1389 2744 continens.

1322 2757 1341 2772 ¹¹¹
1358 2760 1382 2782 ln
1399 2760 1469 2783 codd.
1486 2760 1571 2783 excidit
1587 2760 1731 2788 hamestum,·
1752 2758 1816 2788 quod
1834 2761 1896 2787 patet
1912 2765 1940 2781 ex
1957 2758 2068 2781 subnexis
2085 2761 2108 2781 et

1258 2804 1285 2822 ex
1302 2798 1408 2822 doctrina
1424 2800 1463 2822 lv.
1480 2800 1541 2823 sent.
1559 2800 1583 2822 d.
1600 2799 1638 2822 3⁴.
1655 2805 1677 2821 a.
1694 2799 1716 2821 4.
1732 2805 1756 2828 q.
1773 2798 1795 2821 ⁴.
1812 2798 1835 2821 in
1851 2804 1917 2826 corp.
1933 2798 2046 2827 exposita.

1320 2836 1340 2850 ¹⁸
1357 2839 1423 2861 Vers.
1448 2839 1486 2861 28.
1501 2850 1534 2855 —
1550 2838 1646 2860 lnferius
1670 2844 1713 2866 pro
1734 2838 1843 2861 arctatur
1862 2836 2014 2866 (astringitur)
2036 2837 2106 2860 codd.

1257 2877 1362 2901 scribunt
1378 2878 1485 2906 artetur,
1505 2878 1542 2900 vel
1558 2879 1664 2901 arcetur.
