2285 3398
347 142 387 170 86

349 222 391 249 est
410 226 513 256 ponere
533 219 620 249 Deum
641 219 806 248 immensum
825 222 852 247 et
866 219 979 248 trinum.
995 219 1071 248 Sicut
1084 222 1193 253 autem,

349 266 371 295 si
392 266 486 303 plures
506 268 597 294 essent
617 264 669 299 dii,
691 268 790 294 neuter
811 265 926 294 haberet
945 266 973 294 in
995 274 1024 295 se
1045 266 1130 294 totius
1143 266 1193 294 im-

348 312 519 341 mensitatem
540 311 704 345 divinitatis,
720 311 805 341 immo
818 315 925 349 partem
939 312 1153 349 omnipotentiae
1166 313 1194 340 et

347 358 514 393 nobilitatis;
536 358 574 387 ita
593 358 616 387 si
637 358 733 395 plures
753 361 861 396 patres,
873 362 981 396 <neuter
1003 358 1118 387 haberet
1142 358 1193 386 im-

347 405 519 434 mensitatem
538 405 729 445 paternitatis;
744 405 767 446 si
780 406 876 443 plures
890 406 954 440 filii,
969 406 1063 434 nullus
1077 405 1192 433 immen-

347 452 454 481 sitatem
472 444 626 486 filiationis,
641 452 688 481 sed
703 452 855 481 secundum
870 456 985 490 partem.
1001 452 1027 481 Si
1043 452 1116 481 enim
1131 451 1193 488 qui-

346 498 412 527 libet
432 497 547 527 haberet
568 500 653 527 totam
674 499 847 535 paternitatis
867 498 1066 536 plenitudinem
1093 500 1121 526 et
1141 497 1192 526 im-

345 545 534 580 mensitatem,
555 553 610 574 non
630 549 722 582 posset
742 553 801 575 esse
821 546 850 574 in
870 546 910 574 eis
924 545 976 574 nisi
997 553 1053 573 una
1073 544 1193 581 paterni-

345 595 402 626 tas,
424 592 496 621 sicut
515 592 544 621 in
564 592 693 629 pluribus
713 592 838 630 personis
865 600 920 621 non
941 593 1037 629 'potest
1061 599 1121 620 esse
1141 591 1193 620 nisi

345 647 401 668 una
421 639 516 668 deitas.
538 639 630 668 Restat
650 639 749 677 igitur,
771 639 869 676 quodsi
887 639 916 668 in
936 639 1029 667 divino
1049 646 1107 666 esse
1128 646 1194 666 vera

345 689 387 715 est
407 686 527 715 infinitas
547 688 574 715 et
595 694 661 715 vera
681 686 841 723 pluralitas,
862 689 894 714 ut
913 685 1057 723 pluralitas
1081 692 1131 722 per
1152 685 1193 713 in-

345 733 480 762 finitatem
499 733 625 770 protendi
646 741 700 761 non
722 733 811 762 valeat
824 733 900 761 ultra
913 732 1084 766 trinitatem,
1095 739 1193 760 secun-

345 780 412 810 dum
432 780 506 817 quod
526 780 624 809 asserit
644 780 690 817 pia·
709 779 786 808 fides.

425 827 589 861 Postremo,
612 826 678 864 quia
698 826 745 855 illa
765 826 886 855 infinitas
903 826 969 855 dicit
983 826 1203 864 completionem-

245 873 546 907 11111113.01111111110(13111,
568 873 633 902 hinc
654 876 711 907 est,
733 873 807 910 quod
827 881 883 901 non
904 873 1028 902 excludit
1048 873 1193 910 perfectio-

344 929 408 950 nem
429 920 556 954 virtutis,
577 919 696 954 ordinis,
718 918 913 954 connexionis,
934 920 1126 954 beatitudinis,
1148 927 1191 949 re-

344 966 572 1004 praesentationis
602 970 629 995 et
659 966 872 995 inhabitationis.
904 966 936 995 Et
966 967 1096 1004 quoniam
1124 966 1191 995 haec

344 1013 436 1042 omnia
458 1013 607 1042 trinitatem
629 1013 784 1042 necessario
811 1013 877 1042 dant
904 1013 1017 1051 intelligi
1046 1014 1073 1042 in
1102 1014 1192 1043 tribus

345 1060 485 1098 personis,
508 1060 579 1089 sicut
599 1063 674 1097 patet
694 1068 730 1089 ex
745 1060 824 1097 prius
838 1060 951 1089 obiectis
963 1061 991 1095 ¹;
1015 1061 1190 1090 manifestum

345 1109 401 1141 est,
422 1107 497 1143 quod
517 1115 626 1136 summa
647 1107 817 1136 immensitas
837 1107 865 1135 in
879 1107 957 1136 nullo
970 1110 1122 1144 repugnat,
1144 1107 1192 1136 sed

344 1156 474 1183 consonat
488 1162 552 1182 cuni
566 1154 688 1183 trinitate
702 1157 822 1183 aeterna.
835 1170 871 1175 -—
884 1154 915 1182 Et
929 1154 989 1183 ideo
1003 1153 1191 1183 concedendae

345 1203 410 1229 sunt
430 1201 550 1229 rationes
571 1200 605 1229 ad
625 1203 732 1237 partem
754 1201 842 1229 istam.

426 1249 449 1276 1.
472 1247 510 1276 Ad
530 1247 599 1276 illud
620 1247 695 1284 quod
715 1246 844 1275 obiicitur
865 1247 892 1275 in
914 1248 1098 1281 contrarium,
1118 1247 1192 1284 quod

215 1303 288 1331 soiqtio
300 1308 333 1328 op-
345 1294 416 1323 sicut
436 1294 464 1322 in
486 1296 629 1327 creatura,
651 1293 717 1330 quia
736 1293 829 1327 finita,
857 1293 991 1330 quidquid
1018 1296 1060 1322 est
1086 1293 1123 1322 ibi
1151 1296 1192 1322 est

221 1328 332 1351 pomorum.
345 1341 471 1374 finitum,
493 1340 531 1368 ita
551 1339 632 1368 debet
652 1347 711 1368 esse
733 1340 760 1368 in
781 1340 852 1374 Deo,
872 1340 945 1377 quod
961 1340 1095 1377 quidquid
1109 1343 1150 1369 est
1164 1340 1192 1368 in

344 1387 404 1423 ipso
424 1387 530 1414 ratione
551 1386 693 1414 infinitatis
720 1386 800 1415 debet
828 1394 887 1415 esse
914 1386 1071 1421 infinitum;
1100 1387 1191 1415 dicen-

343 1433 427 1468 dum,
449 1433 534 1470 quod,
557 1432 628 1461 sicut
649 1433 702 1461 iam
724 1435 828 1462 tactum
849 1436 903 1467 est,
924 1433 1017 1462 divino
1038 1442 1096 1462 esse
1117 1432 1191 1462 com-

344 1480 412 1517 petit
432 1480 552 1508 infinitas
573 1479 692 1512 virtutis
712 1482 739 1508 et
760 1480 929 1518 dignitatis,
950 1488 1005 1509 non
1029 1481 1113 1509 molis
1141 1489 1190 1510 seu

342 1527 560 1556 numerositatis
567 1537 577 1560 ,·
598 1530 625 1556 et
645 1527 707 1555 talis
727 1527 848 1555 infinitas
868 1527 1008 1564 reperitur
1029 1530 1085 1556 tam
1106 1528 1134 1556 in
1148 1536 1190 1557 es-

344 1574 431 1603 sentia
459 1582 542 1610 quam
570 1573 598 1602 in
627 1573 766 1610 personis,
795 1573 852 1602 sive
879 1573 1112 1610 producentibus,
1133 1574 1190 1603 sive

344 1620 500 1658 productis,
528 1621 585 1659 sive
612 1620 640 1649 in
669 1628 697 1649 se
724 1620 805 1657 ipsis,
834 1621 891 1649 sive
919 1620 946 1649 in
970 1620 1191 1650 emanationibus

344 1667 421 1702 suis;
449 1667 523 1704 quod
551 1670 640 1696 totum
668 1667 807 1704 reperitur
835 1667 955 1704 perfecte
981 1670 1008 1696 et
1029 1667 1135 1704 integre
1162 1667 1190 1696 in

346 1714 435 1743 tribus
455 1714 595 1751 personis:
618 1716 644 1742 et
665 1714 725 1742 ideo
746 1722 800 1742 non
821 1717 942 1751 oportet,
957 1722 1003 1743 eas
1017 1714 1051 1742 ad
1071 1714 1190 1743 infinita-

345 1763 400 1789 tem
431 1760 637 1789 numerositatis
668 1760 793 1796 protendi
824 1761 929 1789 ratione
959 1760 1102 1792 infinitatis
1133 1769 1191 1789 esse

345 1807 429 1836 divini
441 1807 460 1835 2.

425 1856 450 1884 Ξ.
473 1855 510 1883 Ad
530 1854 599 1883 illud
619 1854 694 1891 quod
713 1853 859 1888 obiicitur,
880 1853 955 1890 quod
975 1853 1049 1882 Deus
1063 1862 1124 1892 ‘non
1143 1861 1190 1890 po-

346 1905 398 1932 test
419 1909 513 1931 carere
534 1901 668 1930 infinitate
696 1901 807 1929 virtutis
835 1903 904 1935 etc.;
934 1900 1095 1934 dicendum,
1117 1901 1191 1937 quod

220 1956 287 1988 nrm->4T
300 1956 400 1978 <in-non
421 1951 462 1978 est
483 1948 570 1977 simile
590 1948 623 1977 de
645 1948 696 1976 hac
717 1947 851 1976 infinitate
865 1950 892 1976 et
906 1947 939 1976 de
954 1947 1015 1976 illa:
1030 1947 1110 1985 quia,
1126 1955 1190 1977 cum

204 1980 248 2023 212¹
273 1980 334 1998 ³¹³¹*
345 1995 504 2033 magnitudo
524 1995 641 2024 virtutis
662 1995 734 2024 dicat
755 1995 846 2032 potius
870 2002 1011 2024 accessum
1032 1994 1066 2023 ad
1086 1995 1190 2032 simpli-

341 2042 454 2071 citatem
475 2050 558 2079 quam
580 2049 735 2076 recessum,
763 2041 911 2070 multitudo
938 2049 1005 2070 vero
1028 2041 1190 2070 numerosi-

346 2089 414 2118 tants
428 2088 499 2117 dicat
514 2096 653 2117 recessum
668 2088 702 2117 ab
717 2097 772 2117 uno
787 2091 819 2125 et¹
828 2088 961 2125 simplici;
976 2091 1004 2117 et
1017 2088 1091 2117 Deus
1105 2092 1132 2117 et
1149 2088 1189 2117 dj-

346 2135 441 2164 vinum
461 2143 519 2163 esse
539 2135 578 2163 sic
599 2135 633 2163 sit
653 2135 834 2169 immensum,
856 2135 930 2172 quod
950 2135 1033 2164 simul
1053 2143 1117 2164 cum
1137 2136 1190 2164 hoc

347 2184 388 2210 est
409 2181 527 2218 simplex
547 2184 574 2209 et
595 2189 703 2209 summe
730 2189 836 2210 unum:
858 2181 923 2210 hinc
944 2184 1000 2215 est,
1022 2181 1096 2218 quod
1116 2189 1189 2210 com-

346 2228 415 2265 petit
434 2227 486 2256 sibi
506 2226 626 2255 infinitas
652 2227 786 2261 virtutis,
808 2235 862 2256 non
883 2230 976 2257 autem
996 2228 1190 2256 numerosita-

347 2274 405 2304 tis⁸
426 2273 586 2311 personalis.

424 2321 450 2351 3.
472 2320 511 2349 Ad
531 2319 599 2349 illud
619 2320 693 2357 quod
713 2320 857 2355 obiicitur,
880 2320 953 2357 quod
974 2321 1064 2349 virtus
1078 2322 1191 2350 omnino

345 2368 467 2403 infinita,
496 2375 560 2396 cum
587 2366 739 2396 secundum
766 2375 875 2396 omnem
906 2367 1019 2396 modum
1050 2368 1191 2404 potestatis

346 2418 455 2444 emanat
475 2414 595 2448 infinite,
617 2421 667 2451 per
687 2421 795 2442 omnem
816 2414 929 2442 modum
951 2421 980 2443 se
993 2413 1135 2448 diffundit3
1150 2414 1191 2442 di-

346 2462 479 2496 cendum,
500 2461 575 2499 quod
594 2468 659 2489 cum
680 2460 761 2489 simul
789 2464 898 2489 maneat
924 2461 952 2489 in
979 2460 1036 2489 Deo
1060 2460 1191 2497 perfectio

347 2515 410 2536 cum
430 2507 579 2541 infinitate,
600 2507 668 2536 illud
689 2507 833 2536 veritatem
858 2507 941 2535 habet
960 2506 994 2535 de
1015 2506 1088 2535 omni
1110 2506 1191 2534 modo

346 2554 525 2583 emanationis
552 2557 579 2583 et
605 2553 773 2588 diffusionis,
801 2554 849 2591 (1111
876 2554 1006 2591 competit
1030 2553 1191 2591 perfectioni

347 2608 489 2635 summae;
511 2601 563 2630 hoc
583 2604 675 2629 autem
697 2603 738 2629 est
758 2601 910 2629 secundum
924 2601 1061 2638 duplicem
1076 2600 1190 2629 modum

1003 142 1226 178 QUAESTIONES
1246 141 1446 170 DISPUTATAE

1239 212 1420 255 'producendi
1441 218 1611 255 perfectum,
1636 219 1739 248 scilicet
1765 223 1882 250 naturae
1902 224 1929 250 et
1950 222 2097 251 liberalita-

1250 265 1300 298 tis,
1321 272 1443 302 quorum
1464 268 1617 306 utrumque
1637 273 1749 295 necesse
1771 270 1813 295 est
1839 275 1898 296 esse
1925 269 2039 298 unicum
2067 270 2094 299 in

1250 318 1278 339 se
1307 310 1382 347 ipso,
1408 319 1463 339 non
1490 311 1659 348 geminatum
1686 319 1737 340 nec
1763 311 1806 341 bis
1833 316 1961 348 nectar,
1992 315 2093 344 nedum

1249 357 1379 393 procedat
1392 357 1421 386 in
1439 357 1593 393 infinitum,
1615 358 1704 395 quia4
1724 359 1777 388 hoc
1797 359 1941 389 induceret
1961 362 2093 398 superab-

1249 403 1409 432 undantiam
1430 407 1458 433 et
1475 404 1627 437 defectum,
1652 405 1724 434 sicut
1745 406 1772 434 in
1792 407 2021 443 praecedentibus
2042 408 2095 437 fuit

1247 453 1397 479 ostensum.
2039 472 2042 475 -

1326 497 1353 526 [ι.
1375 497 1413 526 Ad
1433 498 1501 527 illud
1528 499 1602 536 quod
1622 499 1767 534 obiicitur,
1789 500 1863 536 quod
1884 508 2002 537 persona
2028 509 2093 538 pro-

1248 543 1353 572 ducens
1373 543 1454 578 duas,
1475 547 1523 573 aut
1544 548 1633 582 potest
1654 546 1749 583 plures
1762 546 1933 582 producere,
1954 550 2003 575 aut
2023 555 2093 581 non;

1249 589 1413 624 dicendum,
1434 591 1508 628 quod
1528 600 1586 620 mm
1603 601 1688 630 posse
1707 592 1788 621 ultra
1808 592 1876 621 illota¹
1893 593 1971 622 duas
1981 594 2093 631 produ·
2107 601 2225 622 nonnam.

1249 645 1311 665 cere
1331 645 1386 666 non
1407 637 1472 666 dicit
1492 639 1628 675 potentiae
1647 639 1800 674 defectum,
1829 640 1876 669 sed
1903 641 1995 677 potius
2019 648 2093 670 com-

1249 684 1434 720 plementum:
1456 686 1521 722 quia
1540 686 1568 715 in
1588 687 1642 715 illis
1662 686 1771 715 duabus
1791 687 2020 723 productionibus
2037 688 2094 716 vir-

1230 739 1233 741 ·
1249 733 1295 759 tus
1315 731 1479 768 productiva
1491 733 1688 769 perfectissime
1707 736 1735 762 et
1755 733 1937 763 infinitissime
1958 742 1987 763 se
2006 735 2094 763 mani-

1249 777 1330 806 festat
1360 781 1419 806 tum
1440 781 1576 815 quantum
1606 780 1639 808 ad
1667 780 1878 816 immensitatem
1908 788 2091 818 personarum

1248 824 1461 861 productarum,
1484 828 1542 854 tum
1557 830 1692 863 quantum
1713 826 1747 855 ad
1760 827 1946 856 actualitatem
1966 828 2091 865 ipsarum

1248 870 1477 906 productionum;
1500 872 1565 909 quia
1584 873 1679 902 eodem
1706 873 1787 902 modo
1807 876 1835 902 et
1862 882 1917 903 non
1937 875 2016 903 aliter
2035 874 2091 903 vir-

1248 919 1293 946 tus
1313 918 1472 955 generativa
1493 921 1519 947 et
1540 919 1671 956 spirativa
1688 920 1716 948 in
1737 920 1816 949 Patre
1836 921 2021 950 actualitatem
2042 921 2092 950 ha—

1247 965 1293 993 bet
1314 965 1341 993 in
1363 965 1519 1002 generando
1540 969 1567 994 et
1587 967 1729 1003 spirando,
1747 975 1797 1003 per
1811 975 1895 1004 quem
1915 967 2028 996 modum
2042 968 2091 996 ha-

1247 1012 1307 1041 buit
1327 1012 1362 1041 ab
1379 1015 1499 1041 aeterno.
1522 1013 1596 1042 Sicut
1610 1014 1683 1044 enim
1705 1014 1834 1050 splendor
1848 1015 1977 1043 continue
1998 1018 2090 1043 manat

1247 1067 1263 1087 a
1283 1059 1352 1094 sole,
1374 1060 1413 1088 sic
1440 1060 1535 1095 Filius,
1556 1061 1603 1098 qui
1625 1064 1666 1089 est
1686 1061 1821 1098 splendor
1842 1061 1985 1096 Pam-225⁵,
2007 1062 2090 1091 immo

1246 1106 1334 1134 multo
1354 1107 1536 1136 excellentius
1556 1108 1685 1137 continue
1705 1111 1798 1136 manat
1818 1116 1834 1137 a
1855 1108 1942 1137 Patre.

1327 1154 1352 1181 ὃ.
1377 1154 1401 1181 6.
1424 1153 1461 1181 Ad
1482 1154 1550 1182 illud
1570 1155 1644 1191 quod
1664 1155 1802 1189 obiicitur,
1824 1155 1898 1192 quod
1918 1155 1941 1184 si
1962 1155 2012 1184 lux
2027 1156 2091 1184 solis

1248 1202 1319 1227 esset
1339 1199 1484 1233 immensa,
1506 1204 1650 1237 generaret
1670 1209 1706 1229 ex
1728 1209 1757 1230 se
1774 1202 1895 1230 infinitos
1915 1202 2089 1238 splendores;

1240 1245 1409 1280 «dicendum,
1431 1246 1505 1284 quod
1527 1254 1582 1274 non
1603 1249 1644 1275 est
1672 1247 1772 1275 simile:
1794 1248 1860 1284 (11113
1886 1248 2014 1284 splendor
2034 1257 2091 1277 ma-

1248 1300 1316 1320 nans
1336 1300 1352 1320 a
1373 1292 1429 1321 sole
1450 1300 1500 1321 nec
1521 1295 1562 1321 est
1588 1293 1699 1334 omnino
1720 1293 1858 1329 perfectus
1885 1301 1935 1322 nec
1955 1298 2091 1331 aequatur

1247 1347 1313 1367 suae
1335 1339 1448 1376 origini3
1481 1343 1508 1368 et
1529 1339 1589 1368 ideo
1619 1348 1673 1368 non
1698 1340 1770 1377 capit
1801 1340 1874 1368 intra
1894 1348 1923 1369 se
1953 1348 1989 1369 ex
2010 1341 2092 1369 unica

1247 1386 1427 1434 productionp
1448 1389 1533 1415 totam
1553 1387 1685 1415 virtut-em
1706 1390 1733 1416 et
1754 1387 1907 1416 claritatem
1928 1387 1997 1416 lucis
2021 1388 2092 1425 irra—

1246 1432 1378 1467 diativae,
1400 1433 1483 1461 immo
1504 1433 1656 1462 secundum
1677 1433 1780 1471 gradus
1800 1434 2047 1471 approximationis
2064 1438 2091 1463 et

1246 1479 1424 1516 elongationis
1451 1480 1602 1508 secundum
1630 1481 1693 1517 plus
1717 1483 1744 1509 et
1768 1481 1860 1510 minus
1881 1481 1952 1518 sapit
1971 1484 1999 1510 et
2019 1481 2091 1518 capit

1246 1526 1279 1554 de
1300 1526 1470 1563 plenitudine
1485 1527 1554 1556 lucis
1574 1527 1691 1556 fontalis.
1707 1528 1791 1556 Secus
1805 1531 1897 1556 autem
1912 1531 1953 1557 est
1970 1529 1998 1557 in
2012 1528 2090 1562 Filio,

1246 1572 1294 1609 (1111
1325 1576 1366 1601 651
1396 1573 1513 1602 verbum
1545 1574 1631 1602 Patris
1661 1577 1688 1602 et
1709 1574 1838 1611 splendor
1858 1574 2090 1611 perfectissimus,

1246 1627 1295 1656 per
1316 1620 1408 1648 omnia
1435 1620 1507 1648 Patri
1527 1621 1662 1657 aequalis,
1690 1621 1826 1658 accipiens
1846 1630 1863 1650 a
1888 1623 1967 1651 Patre
1988 1625 2089 1656 totum,

1246 1666 1320 1703 quod
1341 1667 1420 1695 Pater
1434 1666 1518 1695 habet
1538 1667 1611 1695 intra
1632 1675 1675 1696 se:
1691 1671 1718 1697 61
1732 1668 1804 1702 ideo,
1820 1669 1892 1697 sicut
1913 1668 2034 1697 infinitas
2048 1668 2090 1696 lu-

1246 1713 1285 1742 cis
1305 1716 1434 1742 aeternae
1454 1721 1508 1742 non
1531 1713 1599 1742 tollit
1619 1714 1844 1751 adaequationem
1862 1723 1925 1745 cum
1946 1714 2091 1752 splendore

1246 1763 1359 1789 aeterno
1379 1760 1414 1787 ab
1434 1759 1493 1796 ipsa
1518 1763 1676 1794 emanante,
1697 1761 1735 1789 sic
1756 1769 1810 1789 non
1829 1761 1979 1790 introducit
1999 1760 2090 1789 infini-

1247 1809 1302 1835 tam
1323 1806 1502 1843 splendorum
1522 1806 1786 1844 multiplicationem,
1801 1816 1865 1837 cum
1886 1808 1985 1837 unicus
1999 1807 2089 1844 splen-

1246 1852 1296 1881 dor
1318 1855 1402 1881 totam
1423 1852 1497 1881 illam
1518 1853 1728 1882 immensitatem
1749 1854 1837 1891 capiat
1857 1855 1931 1883 intra
1951 1863 1979 1884 se
1990 1854 2010 1882 ⁶.

1327 1900 1352 1927 7.
1374 1899 1411 1927 Ad
1432 1899 1500 1928 illud
1521 1900 1594 1936 qued
1614 1900 1756 1934 obiicitur,
1777 1901 1875 1938 quodsi
1889 1901 1981 1930 divina
2000 1901 2090 1930 virtus

1247 1948 1318 1975 esset
1338 1946 1366 1974 in
1387 1946 1543 1974 omnimoda
1570 1954 1620 1975 sua
1644 1947 1800 1976 actualitate
1828 1940 1956 1984 respectu
1980 1950 2089 1977 creatu-

1247 2001 1355 2027 rarum,
1387 1993 1461 2030 quod
1490 1991 1807 2030 11101136616111111111135
1837 1997 1904 2029 etc.;
1926 1995 2087 2029 dicendum,

1246 2040 1320 2078 quod
1341 2048 1395 2069 non
1416 2043 1457 2069 est
1471 2040 1571 2075 simile,
1585 2040 1687 2078 duplici
1708 2041 1828 2070 ratione:
1850 2044 1911 2071 tum
1928 2043 1994 2079 quia
2012 2049 2089 2071 crea—
2102 2048 2156 2068 nano
2169 2048 2204 2067 au-

1247 2090 1310 2116 tura
1330 2087 1408 2116 finita
1424 2090 1480 2121 est,
1496 2091 1524 2116 et
1544 2087 1604 2116 ideo
1618 2088 1694 2116 nulla
1714 2095 1750 2117 ex
1764 2096 1853 2125 aequo
1874 2089 2020 2126 respondet
2033 2088 2089 2117 vir-
2108 2070 2173 2101 ’ψει

1247 2134 1298 2162 11111
1319 2133 1497 2171 111οᾶ11661111;
1520 2137 1579 2163 111111
1600 2134 1666 2171 (11113
1692 2137 1820 2163 creatura
1841 2136 2022 2164 essentialiter
2048 2134 2088 2163 di-

1246 2181 1396 2218 stinguitur
1417 2189 1433 2208 a
1457 2181 1641 2217 producente,
1662 2183 1689 2209 et
1709 2181 1791 2209 etiam
1811 2181 1846 2210 ab
1866 2182 1927 2211 aliis
1954 2180 2089 2211 creaturis

1247 2227 1398 2256 secundum
1419 2227 1620 2256 distinctionem
1641 2228 1669 2256 in
1690 2227 1747 2256 suis
1767 2228 1909 2265 principiis
1932 2227 2088 2257 intrinsecis

1247 2277 1274 2303 et
1294 2274 1481 2302 accidentibus
1502 2273 1640 2308 coaffixis3
1662 2282 1716 2303 non
1737 2274 1774 2303 sic
1795 2278 1888 2304 autem
1908 2279 1950 2304 est
1970 2276 1997 2304 in
2018 2273 2086 2303 divi—

1247 2320 1289 2349 nis
1310 2320 1449 2357 personis,
1471 2323 1530 2348 tum
1558 2321 1623 2357 quia
1642 2321 1776 2357 producta
1800 2324 1841 2350 est
1867 2322 1988 2356 infinita,
2016 2321 2087 2350 sicut

1246 2366 1417 2403 producens,
1440 2370 1498 2395 tum
1513 2367 1578 2404 quia
1598 2376 1652 2396 non
1666 2367 1874 2405 distinguuntur
1895 2368 2025 2403 essentia,
2039 2367 2087 2397 sed

1247 2413 1387 2450 origine⁷:
1409 2416 1436 2441 et
1456 2413 1529 2448 ideo,
1561 2422 1624 2442 cum
1644 2414 1715 2443 duae
1745 2417 1852 2443 tantum
1883 2415 1937 2444 sint
1966 2405 2101 2451 origines.

1246 2459 1389 2488 distinctae
1409 2463 1436 2488 et
1463 2460 1645 2496 distinctivae,
1673 2462 1743 2490 duae
1770 2464 1877 2490 tantum
1902 2464 1967 2490 sunt
1994 2463 2021 2489 et
2045 2460 2086 2489 in-

1247 2506 1330 2542 telligi
1351 2509 1466 2542 possunt
1486 2515 1618 2543 personae
1645 2511 1810 2542 emanantes,
1831 2508 1859 2536 in
1879 2507 1982 2544 quibus
2009 2506 2086 2535 suffi-

1247 2552 1411 2581 cientissime
1432 2553 1536 2583 relucet
1561 2554 1729 2584 immensitas
1754 2554 1864 2583 virtutis
1889 2553 1998 2581 fontalis
2021 2560 2085 2588 pro-

1246 2598 1380 2628 ductivae.

2104 1258 2219 1279 Nomadum.

410 2763 417 2775 ¹
437 2764 525 2786 Scilicet
541 2765 563 2786 in
581 2765 743 2787 fundamentis.

409 2801 418 2814 ²
436 2802 481 2825 Cfr.
498 2806 586 2831 quaest.
607 2804 714 2831 praeced.
730 2807 753 2826 et
769 2804 784 2826 l.
802 2804 861 2826 Sent.
879 2804 902 2825 d.
920 2805 942 2826 2.
958 2811 982 2833 q.
1003 2806 1024 2827 3.
1047 2806 1076 2828 ad
1099 2807 1107 2828 vl
1119 2823 1125 2834 ‚
1148 2805 1187 2829 ubi

348 2842 416 2864 etiam
434 2841 466 2870 (in
484 2847 547 2869 corp.
564 2844 586 2864 et
602 2842 631 2864 ad
649 2843 670 2864 3.
689 2842 718 2871 4.)
738 2845 782 2864 tres
798 2848 864 2870 seqq.
881 2843 1005 2865 solutiones
1022 2844 1171 2868 insinuantur.

408 2879 417 2892 ⁵
435 2881 465 2903 lta
481 2881 538 2907 AB,
556 2881 591 2902 alii
608 2881 775 2904 numeros-Me.

409 2917 418 2930 ¹
435 2920 479 2940 AB
496 2920 602 2942 omittunt
618 2920 682 2949 quw.

1305 2764 1315 2777 ⁶
1331 2765 1378 2789 (ΠΡ.
1395 2773 1465 2795 supra
1478 2774 1533 2796 pag.
1546 2768 1587 2796 84,
1605 2767 1692 2804 nota45.
1703 2778 1734 2783 —
1745 2765 1778 2788 De
1790 2764 1839 2792 ipsa
1851 2763 1917 2786 solut.
1930 2764 1983 2787 vide
1995 2765 2009 2787 l.
2022 2765 2085 2787 Sent.

1243 2805 1267 2828 d.
1283 2804 1306 2826 7.
1323 2811 1346 2834 (1.
1363 2806 1385 2828 2.
1401 2809 1423 2828 et
1439 2807 1462 2829 d.
1479 2807 1501 2829 9.
1517 2813 1541 2836 q.
1558 2807 1579 2829 4.
1884 2798 1886 2802 .

1305 2842 1315 2855 θ
1331 2843 1376 2866 Cfr.
1394 2845 1409 2867 l.
1427 2846 1487 2868 Sent.
1505 2846 1528 2868 d.
1544 2845 1567 2868 7.
1584 2852 1607 2874 q.
1625 2846 1646 2867 2.
1663 2844 1693 2867 ad
1711 2843 1731 2865 4.

1305 2881 1313 2894 ⁷
1331 2883 1359 2905 Ut
1377 2884 1463 2906 dictum
1480 2887 1514 2907 est
1538 2891 1608 2915 supra
1633 2889 1687 2912 pag.
1703 2882 1733 2904 75
1747 2899 1754 2909 ‚
1772 2884 1824 2903 nota
1841 2881 1863 2904 7.
1881 2887 1907 2904 ex
1930 2882 2044 2905 Richardo
2069 2888 2083 2904 ἃ

1244 2923 1266 2945 S.
1284 2922 1341 2945 Vict.
