<?xml version="1.0" encoding="UTF-8"?>
<!DOCTYPE html PUBLIC "-//W3C//DTD XHTML 1.0 Transitional//EN"
    "http://www.w3.org/TR/xhtml1/DTD/xhtml1-transitional.dtd">
<html xmlns="http://www.w3.org/1999/xhtml" xml:lang="en" lang="en">
 <head>
  <title>
</title>
<meta http-equiv="Content-Type" content="text/html;charset=utf-8" />
  <meta name='ocr-system' content='tesseract 3.04.00' />
  <meta name='ocr-capabilities' content='ocr_page ocr_carea ocr_par ocr_line ocrx_word'/>
</head>
<body>
  <div class='ocr_page' id='page_1' title='image "./doctorisseraphic05bona_0384.png"; bbox 0 0 2285 3398; ppageno 0'>
   <div class='ocr_carea' id='block_1_1' title="bbox 179 795 283 815">
    <p class='ocr_par' dir='ltr' id='par_1_1' title="bbox 179 795 283 815">
     <span class='ocr_line' id='line_1_1' title="bbox 179 795 283 815; baseline -0.019 0"><span class='ocrx_word' id='word_1_1' title='bbox 179 796 253 815; x_wconf 77' lang='lat' dir='ltr'>Gradus</span> <span class='ocrx_word' id='word_1_2' title='bbox 266 795 283 813; x_wconf 65' lang='lat' dir='ltr'>t.</span> 
     </span>
    </p>
   </div>
   <div class='ocr_carea' id='block_1_2' title="bbox 175 1030 285 1072">
    <p class='ocr_par' dir='ltr' id='par_1_2' title="bbox 175 1030 285 1072">
     <span class='ocr_line' id='line_1_2' title="bbox 175 1030 285 1050; baseline -0.018 0"><span class='ocrx_word' id='word_1_3' title='bbox 175 1030 285 1050; x_wconf 77' lang='lat' dir='ltr'>observatio</span> 
     </span>
     <span class='ocr_line' id='line_1_3' title="bbox 185 1053 273 1072; baseline 0 0"><span class='ocrx_word' id='word_1_4' title='bbox 185 1053 273 1072; x_wconf 79' lang='lat' dir='ltr'>notanda.</span> 
     </span>
    </p>
   </div>
   <div class='ocr_carea' id='block_1_3' title="bbox 172 1497 287 1547">
    <p class='ocr_par' dir='ltr' id='par_1_3' title="bbox 172 1497 287 1547">
     <span class='ocr_line' id='line_1_4' title="bbox 179 1497 287 1516; baseline -0.009 0"><span class='ocrx_word' id='word_1_5' title='bbox 179 1497 287 1516; x_wconf 68' lang='lat' dir='ltr'>Necessitas</span> 
     </span>
     <span class='ocr_line' id='line_1_5' title="bbox 172 1521 287 1547; baseline -0.009 -7"><span class='ocrx_word' id='word_1_6' title='bbox 172 1521 287 1547; x_wconf 75' lang='lat' dir='ltr'>redemptio-</span> 
     </span>
    </p>
   </div>
   <div class='ocr_carea' id='block_1_4' title="bbox 158 1824 287 1866">
    <p class='ocr_par' dir='ltr' id='par_1_4' title="bbox 158 1824 287 1866">
     <span class='ocr_line' id='line_1_6' title="bbox 158 1824 287 1843; baseline -0.008 0"><span class='ocrx_word' id='word_1_7' title='bbox 158 1824 243 1843; x_wconf 73' lang='lat' dir='ltr'>chi-isius</span> <span class='ocrx_word' id='word_1_8' title='bbox 259 1829 287 1843; x_wconf 80' lang='lat' dir='ltr'>so-</span> 
     </span>
     <span class='ocr_line' id='line_1_7' title="bbox 163 1847 280 1866; baseline 0 0"><span class='ocrx_word' id='word_1_9' title='bbox 163 1847 193 1866; x_wconf 82' lang='lat' dir='ltr'>lus</span> <span class='ocrx_word' id='word_1_10' title='bbox 204 1848 280 1866; x_wconf 77' lang='lat' dir='ltr'>ostium.</span> 
     </span>
    </p>
   </div>
   <div class='ocr_carea' id='block_1_5' title="bbox 165 2058 289 2123">
    <p class='ocr_par' dir='ltr' id='par_1_5' title="bbox 165 2058 289 2123">
     <span class='ocr_line' id='line_1_8' title="bbox 165 2058 289 2077; baseline -0.008 0"><span class='ocrx_word' id='word_1_11' title='bbox 165 2058 289 2077; x_wconf 78' lang='lat' dir='ltr'>Necessariae</span> 
     </span>
     <span class='ocr_line' id='line_1_9' title="bbox 172 2081 288 2107; baseline 0 -7"><span class='ocrx_word' id='word_1_12' title='bbox 172 2081 225 2107; x_wconf 79' lang='lat' dir='ltr'>fides,</span> <span class='ocrx_word' id='word_1_13' title='bbox 239 2086 288 2105; x_wconf 82' lang='lat' dir='ltr'>spes,</span> 
     </span>
     <span class='ocr_line' id='line_1_10' title="bbox 172 2107 247 2123; baseline 0 0"><span class='ocrx_word' id='word_1_14' title='bbox 172 2107 247 2123; x_wconf 65' lang='lat' dir='ltr'>caritas.</span> 
     </span>
    </p>
   </div>
   <div class='ocr_carea' id='block_1_6' title="bbox 300 198 355 226">
    <p class='ocr_par' dir='ltr' id='par_1_6' title="bbox 300 198 355 226">
     <span class='ocr_line' id='line_1_11' title="bbox 300 198 355 226; baseline -0.018 0"><span class='ocrx_word' id='word_1_15' title='bbox 300 198 355 226; x_wconf 80' lang='lat'>306</span> 
     </span>
    </p>
   </div>
   <div class='ocr_carea' id='block_1_7' title="bbox 298 274 1146 452">
    <p class='ocr_par' dir='ltr' id='par_1_7' title="bbox 298 274 1146 452">
     <span class='ocr_line' id='line_1_12' title="bbox 300 274 1146 312; baseline -0.002 -8"><span class='ocrx_word' id='word_1_16' title='bbox 300 275 431 309; x_wconf 87' lang='lat' dir='ltr'>credunt,</span> <span class='ocrx_word' id='word_1_17' title='bbox 454 278 485 304; x_wconf 88' lang='lat' dir='ltr'>ut</span> <span class='ocrx_word' id='word_1_18' title='bbox 506 274 674 312; x_wconf 76' lang='lat' dir='ltr'>intelligant,</span> <span class='ocrx_word' id='word_1_19' title='bbox 695 274 772 303; x_wconf 87' lang='lat' dir='ltr'>ducit</span> <span class='ocrx_word' id='word_1_20' title='bbox 793 274 820 302; x_wconf 91' lang='lat' dir='ltr'>in</span> <span class='ocrx_word' id='word_1_21' title='bbox 840 274 1093 311; x_wconf 70' lang='lat' dir='ltr'>perturbationem,</span> <span class='ocrx_word' id='word_1_22' title='bbox 1114 277 1146 303; x_wconf 91' lang='lat' dir='ltr'>ut</span> 
     </span>
     <span class='ocr_line' id='line_1_13' title="bbox 300 321 1146 359; baseline -0.001 -9"><span class='ocrx_word' id='word_1_23' title='bbox 300 322 446 359; x_wconf 73' lang='lat' dir='ltr'>impleatur</span> <span class='ocrx_word' id='word_1_24' title='bbox 467 321 535 350; x_wconf 89' lang='lat' dir='ltr'>illud</span> <span class='ocrx_word' id='word_1_25' title='bbox 556 321 748 358; x_wconf 86' lang='lat' dir='ltr'>propheticum</span> <span class='ocrx_word' id='word_1_26' title='bbox 762 322 787 349; x_wconf 88' lang='lat'>¹:</span> <span class='ocrx_word' id='word_1_27' title='bbox 803 321 980 350; x_wconf 72' lang='lat' dir='ltr'>Illuminam</span> <span class='ocrx_word' id='word_1_28' title='bbox 1000 325 1032 349; x_wconf 80' lang='lat' dir='ltr'>tu</span> <span class='ocrx_word' id='word_1_29' title='bbox 1053 322 1146 350; x_wconf 75' lang='lat' dir='ltr'>mira-</span> 
     </span>
     <span class='ocr_line' id='line_1_14' title="bbox 300 367 1145 401; baseline -0.001 -4"><span class='ocrx_word' id='word_1_30' title='bbox 300 369 392 397; x_wconf 71' lang='lat' dir='ltr'>biliter</span> <span class='ocrx_word' id='word_1_31' title='bbox 413 378 432 396; x_wconf 81' lang='lat' dir='ltr'>(t</span> <span class='ocrx_word' id='word_1_32' title='bbox 454 368 599 397; x_wconf 77' lang='lat' dir='ltr'>montibus</span> <span class='ocrx_word' id='word_1_33' title='bbox 612 367 747 401; x_wconf 65' lang='lat' dir='ltr'>aeternis,</span> <span class='ocrx_word' id='word_1_34' title='bbox 763 367 876 396; x_wconf 79' lang='lat' dir='ltr'>turbati</span> <span class='ocrx_word' id='word_1_35' title='bbox 894 371 964 396; x_wconf 72' lang='lat' dir='ltr'>sunt</span> <span class='ocrx_word' id='word_1_36' title='bbox 983 377 1081 396; x_wconf 71' lang='lat' dir='ltr'>(mim-5</span> <span class='ocrx_word' id='word_1_37' title='bbox 1102 368 1145 396; x_wconf 72' lang='grc' dir='ltr'>ἱπ-</span> 
     </span>
     <span class='ocr_line' id='line_1_15' title="bbox 298 415 544 452; baseline -0.008 -9"><span class='ocrx_word' id='word_1_38' title='bbox 298 415 431 452; x_wconf 72' lang='lat' dir='ltr'>sipiences</span> <span class='ocrx_word' id='word_1_39' title='bbox 452 415 544 443; x_wconf 77' lang='lat' dir='ltr'>corde.</span> 
     </span>
    </p>
   </div>
   <div class='ocr_carea' id='block_1_8' title="bbox 656 508 786 536">
    <p class='ocr_par' dir='ltr' id='par_1_8' title="bbox 656 508 786 536">
     <span class='ocr_line' id='line_1_16' title="bbox 656 508 786 536; baseline 0 0"><span class='ocrx_word' id='word_1_40' title='bbox 656 508 721 536; x_wconf 75' lang='lat' dir='ltr'>CAP.</span> <span class='ocrx_word' id='word_1_41' title='bbox 745 508 786 536; x_wconf 90' lang='lat' dir='ltr'>lV.</span> 
     </span>
    </p>
   </div>
   <div class='ocr_carea' id='block_1_9' title="bbox 378 601 1068 687">
    <p class='ocr_par' dir='ltr' id='par_1_9' title="bbox 378 601 1068 687">
     <span class='ocr_line' id='line_1_17' title="bbox 378 601 1068 639; baseline -0.001 -9"><span class='ocrx_word' id='word_1_42' title='bbox 378 603 417 630; x_wconf 83' lang='lat' dir='ltr'>De</span> <span class='ocrx_word' id='word_1_43' title='bbox 437 602 631 639; x_wconf 68' lang='lat' dir='ltr'>‚speculatione</span> <span class='ocrx_word' id='word_1_44' title='bbox 646 602 699 631; x_wconf 82' lang='lat' dir='ltr'>Dei</span> <span class='ocrx_word' id='word_1_45' title='bbox 712 602 743 630; x_wconf 80' lang='lat' dir='ltr'>in</span> <span class='ocrx_word' id='word_1_46' title='bbox 763 610 821 630; x_wconf 80' lang='lat' dir='ltr'>sua</span> <span class='ocrx_word' id='word_1_47' title='bbox 836 603 963 639; x_wconf 72' lang='lat' dir='ltr'>inzttyme</span> <span class='ocrx_word' id='word_1_48' title='bbox 983 601 1068 629; x_wconf 70' lang='lat' dir='ltr'>(tortis</span> 
     </span>
     <span class='ocr_line' id='line_1_18' title="bbox 553 649 891 687; baseline -0.003 -9"><span class='ocrx_word' id='word_1_49' title='bbox 553 650 694 687; x_wconf 72' lang='lat' dir='ltr'>gyrucuz&#39;cis</span> <span class='ocrx_word' id='word_1_50' title='bbox 719 649 891 687; x_wconf 69' lang='lat' dir='ltr'>reformata.</span> 
     </span>
    </p>
   </div>
   <div class='ocr_carea' id='block_1_10' title="bbox 297 742 1147 1063">
    <p class='ocr_par' dir='ltr' id='par_1_10' title="bbox 297 742 1147 1063">
     <span class='ocr_line' id='line_1_19' title="bbox 380 742 1145 781; baseline -0.003 -9"><span class='ocrx_word' id='word_1_51' title='bbox 380 745 403 772; x_wconf 86' lang='lat' dir='ltr'>l.</span> <span class='ocrx_word' id='word_1_52' title='bbox 426 744 477 773; x_wconf 85' lang='lat' dir='ltr'>Sed</span> <span class='ocrx_word' id='word_1_53' title='bbox 491 744 622 781; x_wconf 86' lang='lat' dir='ltr'>quoniam</span> <span class='ocrx_word' id='word_1_54' title='bbox 643 752 698 772; x_wconf 89' lang='lat' dir='ltr'>non</span> <span class='ocrx_word' id='word_1_55' title='bbox 714 744 802 772; x_wconf 90' lang='lat' dir='ltr'>solum</span> <span class='ocrx_word' id='word_1_56' title='bbox 821 752 875 781; x_wconf 80' lang='lat' dir='ltr'>per</span> <span class='ocrx_word' id='word_1_57' title='bbox 889 752 942 771; x_wconf 78' lang='lat' dir='ltr'>nos</span> <span class='ocrx_word' id='word_1_58' title='bbox 964 742 1145 775; x_wconf 85' lang='lat' dir='ltr'>transeundo,</span> 
     </span>
     <span class='ocr_line' id='line_1_20' title="bbox 300 786 1146 828; baseline -0.004 -8"><span class='ocrx_word' id='word_1_59' title='bbox 300 799 396 820; x_wconf 82' lang='lat' dir='ltr'>verum</span> <span class='ocrx_word' id='word_1_60' title='bbox 417 791 499 819; x_wconf 87' lang='lat' dir='ltr'>etiam</span> <span class='ocrx_word' id='word_1_61' title='bbox 522 791 553 819; x_wconf 77' lang='lat' dir='ltr'>in</span> <span class='ocrx_word' id='word_1_62' title='bbox 573 791 655 820; x_wconf 78' lang='lat' dir='ltr'>nobis</span> <span class='ocrx_word' id='word_1_63' title='bbox 675 791 808 828; x_wconf 79' lang='lat' dir='ltr'>contingit</span> <span class='ocrx_word' id='word_1_64' title='bbox 823 790 1002 827; x_wconf 82' lang='lat' dir='ltr'>contemplari</span> <span class='ocrx_word' id='word_1_65' title='bbox 1019 786 1146 826; x_wconf 39' lang='lat' dir='ltr'>*primum</span> 
     </span>
     <span class='ocr_line' id='line_1_21' title="bbox 297 836 1147 875; baseline -0.002 -9"><span class='ocrx_word' id='word_1_66' title='bbox 297 837 481 875; x_wconf 85' lang='lat' dir='ltr'>principium;</span> <span class='ocrx_word' id='word_1_67' title='bbox 503 840 529 866; x_wconf 89' lang='lat' dir='ltr'>et</span> <span class='ocrx_word' id='word_1_68' title='bbox 545 838 596 866; x_wconf 90' lang='lat' dir='ltr'>hoc</span> <span class='ocrx_word' id='word_1_69' title='bbox 617 837 707 866; x_wconf 85' lang='lat' dir='ltr'>maius</span> <span class='ocrx_word' id='word_1_70' title='bbox 721 840 763 866; x_wconf 87' lang='lat' dir='ltr'>est</span> <span class='ocrx_word' id='word_1_71' title='bbox 776 845 861 874; x_wconf 88' lang='lat' dir='ltr'>quam</span> <span class='ocrx_word' id='word_1_72' title='bbox 881 836 1065 874; x_wconf 87' lang='lat' dir='ltr'>praecedens:</span> <span class='ocrx_word' id='word_1_73' title='bbox 1087 836 1147 864; x_wconf 87' lang='lat' dir='ltr'>ideo</span> 
     </span>
     <span class='ocr_line' id='line_1_22' title="bbox 298 883 1147 921; baseline -0.004 -7"><span class='ocrx_word' id='word_1_74' title='bbox 298 886 343 914; x_wconf 86' lang='lat' dir='ltr'>hic</span> <span class='ocrx_word' id='word_1_75' title='bbox 364 885 462 914; x_wconf 87' lang='lat' dir='ltr'>modus</span> <span class='ocrx_word' id='word_1_76' title='bbox 483 884 671 913; x_wconf 83' lang='lat' dir='ltr'>considerandi</span> <span class='ocrx_word' id='word_1_77' title='bbox 693 887 825 921; x_wconf 85' lang='lat' dir='ltr'>quartum</span> <span class='ocrx_word' id='word_1_78' title='bbox 846 884 951 913; x_wconf 86' lang='lat' dir='ltr'>obtinet</span> <span class='ocrx_word' id='word_1_79' title='bbox 979 883 1147 920; x_wconf 85' lang='lat' dir='ltr'>contempla-</span> 
     </span>
     <span class='ocr_line' id='line_1_23' title="bbox 297 931 1146 969; baseline -0.002 -9"><span class='ocrx_word' id='word_1_80' title='bbox 297 932 378 960; x_wconf 79' lang='lat' dir='ltr'>tionis</span> <span class='ocrx_word' id='word_1_81' title='bbox 399 932 524 969; x_wconf 81' lang='lat' dir='ltr'>gradum.</span> <span class='ocrx_word' id='word_1_82' title='bbox 547 931 646 960; x_wconf 86' lang='lat' dir='ltr'>Mirum</span> <span class='ocrx_word' id='word_1_83' title='bbox 667 933 759 960; x_wconf 79' lang='lat' dir='ltr'>autem</span> <span class='ocrx_word' id='word_1_84' title='bbox 782 931 901 965; x_wconf 86' lang='lat' dir='ltr'>videtur,</span> <span class='ocrx_word' id='word_1_85' title='bbox 919 938 984 959; x_wconf 87' lang='lat' dir='ltr'>cum</span> <span class='ocrx_word' id='word_1_86' title='bbox 1004 933 1146 959; x_wconf 89' lang='lat' dir='ltr'>ostensum</span> 
     </span>
     <span class='ocr_line' id='line_1_24' title="bbox 297 977 1146 1016; baseline -0.002 -9"><span class='ocrx_word' id='word_1_87' title='bbox 297 978 333 1007; x_wconf 90' lang='lat' dir='ltr'>sit</span> <span class='ocrx_word' id='word_1_88' title='bbox 343 979 363 1012; x_wconf 83' lang='lat'>²,</span> <span class='ocrx_word' id='word_1_89' title='bbox 385 979 458 1016; x_wconf 88' lang='lat' dir='ltr'>quod</span> <span class='ocrx_word' id='word_1_90' title='bbox 480 979 554 1007; x_wconf 89' lang='lat' dir='ltr'>Deus</span> <span class='ocrx_word' id='word_1_91' title='bbox 568 979 603 1007; x_wconf 90' lang='lat' dir='ltr'>sit</span> <span class='ocrx_word' id='word_1_92' title='bbox 624 978 661 1007; x_wconf 88' lang='lat' dir='ltr'>ita</span> <span class='ocrx_word' id='word_1_93' title='bbox 682 978 857 1015; x_wconf 89' lang='lat' dir='ltr'>propinquus</span> <span class='ocrx_word' id='word_1_94' title='bbox 870 977 1010 1007; x_wconf 84' lang='lat' dir='ltr'>mentibus</span> <span class='ocrx_word' id='word_1_95' title='bbox 1032 977 1146 1010; x_wconf 87' lang='lat' dir='ltr'>nostris,</span> 
     </span>
     <span class='ocr_line' id='line_1_25' title="bbox 298 1024 1147 1063; baseline -0.002 -9"><span class='ocrx_word' id='word_1_96' title='bbox 298 1026 371 1063; x_wconf 90' lang='lat' dir='ltr'>quod</span> <span class='ocrx_word' id='word_1_97' title='bbox 394 1029 447 1054; x_wconf 81' lang='lat' dir='ltr'>tam</span> <span class='ocrx_word' id='word_1_98' title='bbox 470 1034 623 1063; x_wconf 83' lang='lat' dir='ltr'>paucorum</span> <span class='ocrx_word' id='word_1_99' title='bbox 645 1028 687 1054; x_wconf 89' lang='lat' dir='ltr'>est</span> <span class='ocrx_word' id='word_1_100' title='bbox 707 1025 735 1053; x_wconf 91' lang='lat' dir='ltr'>in</span> <span class='ocrx_word' id='word_1_101' title='bbox 757 1033 786 1054; x_wconf 87' lang='lat' dir='ltr'>se</span> <span class='ocrx_word' id='word_1_102' title='bbox 806 1024 873 1062; x_wconf 84' lang='lat' dir='ltr'>ipsis</span> <span class='ocrx_word' id='word_1_103' title='bbox 900 1025 1023 1062; x_wconf 89' lang='lat' dir='ltr'>primum</span> <span class='ocrx_word' id='word_1_104' title='bbox 1045 1024 1147 1061; x_wconf 87' lang='lat' dir='ltr'>princi-</span> 
     </span>
    </p>
   </div>
   <div class='ocr_carea' id='block_1_11' title="bbox 297 1070 1168 1110">
    <p class='ocr_par' dir='ltr' id='par_1_11' title="bbox 297 1070 1168 1110">
     <span class='ocr_line' id='line_1_26' title="bbox 297 1070 1168 1110; baseline -0.002 -9"><span class='ocrx_word' id='word_1_105' title='bbox 297 1073 373 1110; x_wconf 92' lang='lat' dir='ltr'>pium</span> <span class='ocrx_word' id='word_1_106' title='bbox 396 1072 540 1109; x_wconf 85' lang='lat' dir='ltr'>speculari.</span> <span class='ocrx_word' id='word_1_107' title='bbox 558 1072 609 1101; x_wconf 71' lang='lat' dir='ltr'>Sed</span> <span class='ocrx_word' id='word_1_108' title='bbox 631 1072 701 1100; x_wconf 85' lang='lat' dir='ltr'>ratio</span> <span class='ocrx_word' id='word_1_109' title='bbox 722 1072 804 1101; x_wconf 88' lang='lat' dir='ltr'>estin</span> <span class='ocrx_word' id='word_1_110' title='bbox 827 1074 974 1108; x_wconf 86' lang='lat' dir='ltr'>promptu,</span> <span class='ocrx_word' id='word_1_111' title='bbox 989 1071 1056 1109; x_wconf 84' lang='lat' dir='ltr'>quia</span> <span class='ocrx_word' id='word_1_112' title='bbox 1069 1070 1147 1100; x_wconf 86' lang='lat' dir='ltr'>mens</span> <span class='ocrx_word' id='word_1_113' title='bbox 1164 1082 1168 1084; x_wconf 53' lang='lat'>&gt;</span> 
     </span>
    </p>
   </div>
   <div class='ocr_carea' id='block_1_12' title="bbox 287 1117 1150 2182">
    <p class='ocr_par' dir='ltr' id='par_1_12' title="bbox 298 1117 1148 1436">
     <span class='ocr_line' id='line_1_27' title="bbox 298 1117 1148 1152; baseline -0.002 -5"><span class='ocrx_word' id='word_1_114' title='bbox 298 1119 428 1152; x_wconf 76' lang='lat' dir='ltr'>hiunana,</span> <span class='ocrx_word' id='word_1_115' title='bbox 451 1119 682 1147; x_wconf 76' lang='lat' dir='ltr'>sollicitudinibus</span> <span class='ocrx_word' id='word_1_116' title='bbox 703 1119 849 1152; x_wconf 83' lang='lat' dir='ltr'>distracta,</span> <span class='ocrx_word' id='word_1_117' title='bbox 872 1126 926 1147; x_wconf 89' lang='lat' dir='ltr'>non</span> <span class='ocrx_word' id='word_1_118' title='bbox 954 1117 1040 1146; x_wconf 78' lang='lat' dir='ltr'>intrat</span> <span class='ocrx_word' id='word_1_119' title='bbox 1060 1117 1148 1146; x_wconf 58' lang='lat' dir='ltr'>ad‘se</span> 
     </span>
     <span class='ocr_line' id='line_1_28' title="bbox 298 1165 1147 1202; baseline -0.002 -8"><span class='ocrx_word' id='word_1_120' title='bbox 298 1174 347 1202; x_wconf 90' lang='lat' dir='ltr'>per</span> <span class='ocrx_word' id='word_1_121' title='bbox 370 1165 559 1198; x_wconf 73' lang='lat' dir='ltr'>nzenioi·ium,·</span> <span class='ocrx_word' id='word_1_122' title='bbox 575 1165 818 1202; x_wconf 82' lang='lat' dir='ltr'>phantasmatibus</span> <span class='ocrx_word' id='word_1_123' title='bbox 828 1165 1004 1198; x_wconf 83' lang='lat' dir='ltr'>obnubilata,</span> <span class='ocrx_word' id='word_1_124' title='bbox 1026 1172 1081 1193; x_wconf 87' lang='lat' dir='ltr'>non</span> <span class='ocrx_word' id='word_1_125' title='bbox 1103 1172 1147 1192; x_wconf 90' lang='lat' dir='ltr'>re-</span> 
     </span>
     <span class='ocr_line' id='line_1_29' title="bbox 298 1211 1146 1249; baseline -0.001 -9"><span class='ocrx_word' id='word_1_126' title='bbox 298 1212 338 1241; x_wconf 87' lang='lat' dir='ltr'>dit</span> <span class='ocrx_word' id='word_1_127' title='bbox 357 1212 391 1240; x_wconf 91' lang='lat' dir='ltr'>ad</span> <span class='ocrx_word' id='word_1_128' title='bbox 413 1220 441 1241; x_wconf 89' lang='lat' dir='ltr'>se</span> <span class='ocrx_word' id='word_1_129' title='bbox 460 1221 508 1249; x_wconf 80' lang='lat' dir='ltr'>per</span> <span class='ocrx_word' id='word_1_130' title='bbox 530 1212 766 1249; x_wconf 63' lang='lat' dir='ltr'>intettiyentz‘aim</span> <span class='ocrx_word' id='word_1_131' title='bbox 790 1212 1020 1248; x_wconf 75' lang='lat' dir='ltr'>concupiscentiis</span> <span class='ocrx_word' id='word_1_132' title='bbox 1040 1211 1146 1245; x_wconf 86' lang='lat' dir='ltr'>illecta,</span> 
     </span>
     <span class='ocr_line' id='line_1_30' title="bbox 298 1257 1147 1295; baseline -0.001 -9"><span class='ocrx_word' id='word_1_133' title='bbox 298 1258 332 1286; x_wconf 85' lang='lat' dir='ltr'>ad</span> <span class='ocrx_word' id='word_1_134' title='bbox 353 1267 381 1287; x_wconf 85' lang='lat' dir='ltr'>se</span> <span class='ocrx_word' id='word_1_135' title='bbox 403 1258 489 1295; x_wconf 91' lang='lat' dir='ltr'>ipsam</span> <span class='ocrx_word' id='word_1_136' title='bbox 522 1266 698 1295; x_wconf 82' lang='lat' dir='ltr'>nequaquam</span> <span class='ocrx_word' id='word_1_137' title='bbox 720 1258 871 1286; x_wconf 86' lang='lat' dir='ltr'>revertitur</span> <span class='ocrx_word' id='word_1_138' title='bbox 898 1266 949 1294; x_wconf 87' lang='lat' dir='ltr'>per</span> <span class='ocrx_word' id='word_1_139' title='bbox 970 1257 1147 1286; x_wconf 75' lang='lat' dir='ltr'>(Iesiderium</span> 
     </span>
     <span class='ocr_line' id='line_1_31' title="bbox 299 1304 1147 1341; baseline -0.001 -8"><span class='ocrx_word' id='word_1_140' title='bbox 299 1305 441 1334; x_wconf 82' lang='lat' dir='ltr'>suavitatis</span> <span class='ocrx_word' id='word_1_141' title='bbox 463 1306 587 1334; x_wconf 83' lang='lat' dir='ltr'>internae</span> <span class='ocrx_word' id='word_1_142' title='bbox 607 1308 635 1334; x_wconf 88' lang='lat' dir='ltr'>et</span> <span class='ocrx_word' id='word_1_143' title='bbox 656 1305 772 1334; x_wconf 85' lang='lat' dir='ltr'>laetitiae</span> <span class='ocrx_word' id='word_1_144' title='bbox 793 1305 952 1341; x_wconf 85' lang='lat' dir='ltr'>spiritualis.</span> <span class='ocrx_word' id='word_1_145' title='bbox 976 1304 1037 1333; x_wconf 89' lang='lat' dir='ltr'>ldeo</span> <span class='ocrx_word' id='word_1_146' title='bbox 1058 1304 1147 1332; x_wconf 85' lang='lat' dir='ltr'>totali-</span> 
     </span>
     <span class='ocr_line' id='line_1_32' title="bbox 299 1351 1147 1388; baseline -0.004 -7"><span class='ocrx_word' id='word_1_147' title='bbox 299 1356 341 1381; x_wconf 85' lang='lat' dir='ltr'>ter</span> <span class='ocrx_word' id='word_1_148' title='bbox 362 1352 390 1381; x_wconf 91' lang='lat' dir='ltr'>in</span> <span class='ocrx_word' id='word_1_149' title='bbox 412 1353 454 1381; x_wconf 89' lang='lat' dir='ltr'>his</span> <span class='ocrx_word' id='word_1_150' title='bbox 476 1352 652 1384; x_wconf 71' lang='lat' dir='ltr'>sensibilibus</span> <span class='ocrx_word' id='word_1_151' title='bbox 672 1352 778 1386; x_wconf 80' lang='lat' dir='ltr'>iacens,</span> <span class='ocrx_word' id='word_1_152' title='bbox 800 1360 853 1380; x_wconf 92' lang='lat' dir='ltr'>non</span> <span class='ocrx_word' id='word_1_153' title='bbox 875 1353 965 1388; x_wconf 71' lang='lat' dir='ltr'>potest</span> <span class='ocrx_word' id='word_1_154' title='bbox 985 1351 1018 1379; x_wconf 89' lang='lat' dir='ltr'>ad</span> <span class='ocrx_word' id='word_1_155' title='bbox 1040 1359 1069 1379; x_wconf 87' lang='lat' dir='ltr'>se</span> <span class='ocrx_word' id='word_1_156' title='bbox 1088 1353 1147 1378; x_wconf 85' lang='lat' dir='ltr'>tan-</span> 
     </span>
     <span class='ocr_line' id='line_1_33' title="bbox 298 1399 840 1436; baseline 0 -9"><span class='ocrx_word' id='word_1_157' title='bbox 298 1399 437 1436; x_wconf 55' lang='lat' dir='ltr'>quamue</span> <span class='ocrx_word' id='word_1_158' title='bbox 458 1399 505 1428; x_wconf 85' lang='lat' dir='ltr'>Dei</span> <span class='ocrx_word' id='word_1_159' title='bbox 527 1399 673 1436; x_wconf 70' lang='lat' dir='ltr'>imaginem</span> <span class='ocrx_word' id='word_1_160' title='bbox 695 1399 840 1427; x_wconf 75' lang='lat' dir='ltr'>reintrare.</span> 
     </span>
    </p>

    <p class='ocr_par' dir='ltr' id='par_1_13' title="bbox 298 1445 1149 1764">
     <span class='ocr_line' id='line_1_34' title="bbox 377 1445 1147 1483; baseline -0.001 -9"><span class='ocrx_word' id='word_1_161' title='bbox 377 1448 403 1475; x_wconf 70' lang='lat'>2.</span> <span class='ocrx_word' id='word_1_162' title='bbox 427 1447 458 1474; x_wconf 86' lang='lat' dir='ltr'>Et</span> <span class='ocrx_word' id='word_1_163' title='bbox 479 1447 625 1483; x_wconf 88' lang='lat' dir='ltr'>quoniam,</span> <span class='ocrx_word' id='word_1_164' title='bbox 647 1445 694 1474; x_wconf 90' lang='lat' dir='ltr'>ubi</span> <span class='ocrx_word' id='word_1_165' title='bbox 717 1446 779 1482; x_wconf 91' lang='lat' dir='ltr'>quis</span> <span class='ocrx_word' id='word_1_166' title='bbox 800 1446 944 1479; x_wconf 82' lang='lat' dir='ltr'>ceciderit,</span> <span class='ocrx_word' id='word_1_167' title='bbox 966 1453 1077 1474; x_wconf 83' lang='lat' dir='ltr'>necesse</span> <span class='ocrx_word' id='word_1_168' title='bbox 1098 1445 1147 1473; x_wconf 85' lang='lat' dir='ltr'>ha-</span> 
     </span>
     <span class='ocr_line' id='line_1_35' title="bbox 299 1492 1146 1529; baseline -0.002 -7"><span class='ocrx_word' id='word_1_169' title='bbox 299 1493 346 1522; x_wconf 87' lang='lat' dir='ltr'>bet</span> <span class='ocrx_word' id='word_1_170' title='bbox 366 1492 468 1522; x_wconf 84' lang='lat' dir='ltr'>ibidem</span> <span class='ocrx_word' id='word_1_171' title='bbox 491 1493 666 1526; x_wconf 70' lang='lat' dir='ltr'>recumbere,</span> <span class='ocrx_word' id='word_1_172' title='bbox 689 1493 739 1521; x_wconf 92' lang='lat' dir='ltr'>nisi</span> <span class='ocrx_word' id='word_1_173' title='bbox 761 1496 880 1529; x_wconf 89' lang='lat' dir='ltr'>apponat</span> <span class='ocrx_word' id='word_1_174' title='bbox 895 1493 957 1529; x_wconf 88' lang='lat' dir='ltr'>quis</span> <span class='ocrx_word' id='word_1_175' title='bbox 972 1495 999 1520; x_wconf 84' lang='lat' dir='ltr'>et</span> <span class='ocrx_word' id='word_1_176' title='bbox 1013 1492 1146 1525; x_wconf 69' lang='lat' dir='ltr'>adiiciat,</span> 
     </span>
     <span class='ocr_line' id='line_1_36' title="bbox 298 1537 1148 1576; baseline -0.002 -8"><span class='ocrx_word' id='word_1_177' title='bbox 298 1543 332 1568; x_wconf 78' lang='lat' dir='ltr'>ut</span> <span class='ocrx_word' id='word_1_178' title='bbox 352 1540 531 1576; x_wconf 68' lang='lat' dir='ltr'>7·cs²ui&#39;9‹et³,·</span> <span class='ocrx_word' id='word_1_179' title='bbox 552 1548 605 1567; x_wconf 90' lang='lat' dir='ltr'>non</span> <span class='ocrx_word' id='word_1_180' title='bbox 627 1539 717 1575; x_wconf 86' lang='lat' dir='ltr'>potuit</span> <span class='ocrx_word' id='word_1_181' title='bbox 737 1539 830 1566; x_wconf 83' lang='lat' dir='ltr'>anima</span> <span class='ocrx_word' id='word_1_182' title='bbox 850 1541 945 1567; x_wconf 84' lang='lat' dir='ltr'>nostra</span> <span class='ocrx_word' id='word_1_183' title='bbox 972 1538 1092 1574; x_wconf 79' lang='lat' dir='ltr'>perfecte</span> <span class='ocrx_word' id='word_1_184' title='bbox 1113 1537 1148 1566; x_wconf 86' lang='lat' dir='ltr'>ab</span> 
     </span>
     <span class='ocr_line' id='line_1_37' title="bbox 299 1584 1147 1615; baseline -0.002 -1"><span class='ocrx_word' id='word_1_185' title='bbox 299 1586 343 1615; x_wconf 90' lang='lat' dir='ltr'>his</span> <span class='ocrx_word' id='word_1_186' title='bbox 364 1586 541 1614; x_wconf 78' lang='lat' dir='ltr'>sensibilibus</span> <span class='ocrx_word' id='word_1_187' title='bbox 563 1585 735 1615; x_wconf 75' lang='lat' dir='ltr'>relevariad</span> <span class='ocrx_word' id='word_1_188' title='bbox 763 1584 919 1613; x_wconf 76' lang='lat' dir='ltr'>contuitum</span> <span class='ocrx_word' id='word_1_189' title='bbox 941 1584 984 1613; x_wconf 89' lang='lat' dir='ltr'>sui</span> <span class='ocrx_word' id='word_1_190' title='bbox 1011 1586 1039 1612; x_wconf 88' lang='lat' dir='ltr'>et</span> <span class='ocrx_word' id='word_1_191' title='bbox 1059 1586 1147 1612; x_wconf 86' lang='lat' dir='ltr'>aeter-</span> 
     </span>
     <span class='ocr_line' id='line_1_38' title="bbox 298 1630 1149 1668; baseline -0.002 -8"><span class='ocrx_word' id='word_1_192' title='bbox 298 1640 349 1661; x_wconf 84' lang='lat' dir='ltr'>nae</span> <span class='ocrx_word' id='word_1_193' title='bbox 364 1632 493 1661; x_wconf 77' lang='lat' dir='ltr'>Veritatis</span> <span class='ocrx_word' id='word_1_194' title='bbox 515 1632 541 1660; x_wconf 93' lang='lat' dir='ltr'>in</span> <span class='ocrx_word' id='word_1_195' title='bbox 564 1640 592 1660; x_wconf 87' lang='lat' dir='ltr'>se</span> <span class='ocrx_word' id='word_1_196' title='bbox 614 1632 687 1668; x_wconf 87' lang='lat' dir='ltr'>ipsa,</span> <span class='ocrx_word' id='word_1_197' title='bbox 706 1631 757 1660; x_wconf 91' lang='lat' dir='ltr'>nisi</span> <span class='ocrx_word' id='word_1_198' title='bbox 779 1631 902 1664; x_wconf 81' lang='lat' dir='ltr'>Veritas,</span> <span class='ocrx_word' id='word_1_199' title='bbox 917 1632 1040 1659; x_wconf 89' lang='lat' dir='ltr'>assumta</span> <span class='ocrx_word' id='word_1_200' title='bbox 1060 1630 1149 1658; x_wconf 82' lang='lat' dir='ltr'>torma</span> 
     </span>
     <span class='ocr_line' id='line_1_39' title="bbox 299 1676 1147 1713; baseline -0.004 -6"><span class='ocrx_word' id='word_1_201' title='bbox 299 1679 420 1707; x_wconf 84' lang='lat' dir='ltr'>humana</span> <span class='ocrx_word' id='word_1_202' title='bbox 435 1679 461 1707; x_wconf 90' lang='lat' dir='ltr'>in</span> <span class='ocrx_word' id='word_1_203' title='bbox 476 1679 601 1712; x_wconf 78' lang='lat' dir='ltr'>Christo,</span> <span class='ocrx_word' id='word_1_204' title='bbox 617 1679 696 1706; x_wconf 85' lang='lat' dir='ltr'>lieret</span> <span class='ocrx_word' id='word_1_205' title='bbox 710 1677 760 1706; x_wconf 90' lang='lat' dir='ltr'>sibi</span> <span class='ocrx_word' id='word_1_206' title='bbox 783 1677 856 1706; x_wconf 87' lang='lat' dir='ltr'>scala</span> <span class='ocrx_word' id='word_1_207' title='bbox 873 1685 1007 1713; x_wconf 79' lang='lat' dir='ltr'>reparans</span> <span class='ocrx_word' id='word_1_208' title='bbox 1027 1676 1147 1713; x_wconf 89' lang='lat' dir='ltr'>priorem</span> 
     </span>
     <span class='ocr_line' id='line_1_40' title="bbox 299 1725 892 1764; baseline -0.002 -10"><span class='ocrx_word' id='word_1_209' title='bbox 299 1726 418 1759; x_wconf 83' lang='lat' dir='ltr'>scalam,</span> <span class='ocrx_word' id='word_1_210' title='bbox 441 1733 512 1764; x_wconf 80' lang='lat' dir='ltr'>quae</span> <span class='ocrx_word' id='word_1_211' title='bbox 533 1725 620 1754; x_wconf 84' lang='lat' dir='ltr'>sraela</span> <span class='ocrx_word' id='word_1_212' title='bbox 640 1725 732 1754; x_wconf 88' lang='lat' dir='ltr'>suerat</span> <span class='ocrx_word' id='word_1_213' title='bbox 752 1725 779 1753; x_wconf 91' lang='lat' dir='ltr'>in</span> <span class='ocrx_word' id='word_1_214' title='bbox 801 1725 892 1753; x_wconf 79' lang='lat' dir='ltr'>Adam.</span> 
     </span>
    </p>

    <p class='ocr_par' dir='ltr' id='par_1_14' title="bbox 287 1770 1150 2182">
     <span class='ocr_line' id='line_1_41' title="bbox 378 1770 1148 1810; baseline -0.003 -10"><span class='ocrx_word' id='word_1_215' title='bbox 378 1772 454 1810; x_wconf 82' lang='lat' dir='ltr'>Ideo,</span> <span class='ocrx_word' id='word_1_216' title='bbox 476 1775 734 1809; x_wconf 77' lang='lat' dir='ltr'>qiuintunicumque</span> <span class='ocrx_word' id='word_1_217' title='bbox 763 1771 798 1800; x_wconf 90' lang='lat' dir='ltr'>sit</span> <span class='ocrx_word' id='word_1_218' title='bbox 818 1771 991 1801; x_wconf 78' lang='lat' dir='ltr'>illuminatus</span> <span class='ocrx_word' id='word_1_219' title='bbox 1016 1771 1079 1807; x_wconf 90' lang='lat' dir='ltr'>quis</span> <span class='ocrx_word' id='word_1_220' title='bbox 1104 1770 1148 1798; x_wconf 88' lang='lat' dir='ltr'>lu-</span> 
     </span>
     <span class='ocr_line' id='line_1_42' title="bbox 299 1817 1148 1855; baseline -0.002 -8"><span class='ocrx_word' id='word_1_221' title='bbox 299 1819 373 1847; x_wconf 89' lang='lat' dir='ltr'>mine</span> <span class='ocrx_word' id='word_1_222' title='bbox 393 1822 508 1847; x_wconf 83' lang='lat' dir='ltr'>naturae</span> <span class='ocrx_word' id='word_1_223' title='bbox 530 1822 557 1847; x_wconf 89' lang='lat' dir='ltr'>et</span> <span class='ocrx_word' id='word_1_224' title='bbox 577 1819 705 1847; x_wconf 73' lang='lat' dir='ltr'>scientiae</span> <span class='ocrx_word' id='word_1_225' title='bbox 726 1818 892 1855; x_wconf 80' lang='lat' dir='ltr'>acquisitae,</span> <span class='ocrx_word' id='word_1_226' title='bbox 914 1826 969 1846; x_wconf 87' lang='lat' dir='ltr'>non</span> <span class='ocrx_word' id='word_1_227' title='bbox 997 1819 1087 1854; x_wconf 88' lang='lat' dir='ltr'>potest</span> <span class='ocrx_word' id='word_1_228' title='bbox 1108 1817 1148 1845; x_wconf 90' lang='lat' dir='ltr'>in-</span> 
     </span>
     <span class='ocr_line' id='line_1_43' title="bbox 300 1864 1147 1902; baseline -0.002 -8"><span class='ocrx_word' id='word_1_229' title='bbox 300 1869 375 1895; x_wconf 86' lang='lat' dir='ltr'>trare</span> <span class='ocrx_word' id='word_1_230' title='bbox 397 1866 424 1894; x_wconf 88' lang='lat' dir='ltr'>in</span> <span class='ocrx_word' id='word_1_231' title='bbox 446 1874 489 1899; x_wconf 89' lang='lat' dir='ltr'>se,</span> <span class='ocrx_word' id='word_1_232' title='bbox 512 1869 543 1894; x_wconf 90' lang='lat' dir='ltr'>ut</span> <span class='ocrx_word' id='word_1_233' title='bbox 571 1866 598 1894; x_wconf 90' lang='lat' dir='ltr'>in</span> <span class='ocrx_word' id='word_1_234' title='bbox 626 1874 654 1894; x_wconf 88' lang='lat' dir='ltr'>se</span> <span class='ocrx_word' id='word_1_235' title='bbox 682 1866 742 1902; x_wconf 91' lang='lat' dir='ltr'>ipso</span> <span class='ocrx_word' id='word_1_236' title='bbox 772 1865 924 1894; x_wconf 74' lang='lat' dir='ltr'>delectetur</span> <span class='ocrx_word' id='word_1_237' title='bbox 955 1865 986 1892; x_wconf 79' lang='lat' dir='ltr'>in</span> <span class='ocrx_word' id='word_1_238' title='bbox 1010 1864 1147 1898; x_wconf 77' lang='lat' dir='ltr'>Domino,</span> 
     </span>
     <span class='ocr_line' id='line_1_44' title="bbox 287 1912 1147 1949; baseline -0.001 -8"><span class='ocrx_word' id='word_1_239' title='bbox 287 1913 352 1948; x_wconf 33' lang='lat' dir='ltr'>*nisi</span> <span class='ocrx_word' id='word_1_240' title='bbox 372 1913 508 1942; x_wconf 85' lang='lat' dir='ltr'>mediante</span> <span class='ocrx_word' id='word_1_241' title='bbox 529 1913 655 1946; x_wconf 84' lang='lat' dir='ltr'>Christo,</span> <span class='ocrx_word' id='word_1_242' title='bbox 677 1913 723 1949; x_wconf 89' lang='lat' dir='ltr'>qui</span> <span class='ocrx_word' id='word_1_243' title='bbox 746 1912 846 1941; x_wconf 75' lang='lat' dir='ltr'>dicit⁴t</span> <span class='ocrx_word' id='word_1_244' title='bbox 870 1913 929 1949; x_wconf 73' lang='lat' dir='ltr'>Eyo</span> <span class='ocrx_word' id='word_1_245' title='bbox 950 1921 1017 1940; x_wconf 76' lang='lat' dir='ltr'>sum</span> <span class='ocrx_word' id='word_1_246' title='bbox 1031 1912 1147 1940; x_wconf 74' lang='lat' dir='ltr'>ostium.</span> 
     </span>
     <span class='ocr_line' id='line_1_45' title="bbox 302 1958 1149 1997; baseline -0.001 -9"><span class='ocrx_word' id='word_1_247' title='bbox 302 1961 359 1988; x_wconf 82' lang='lat' dir='ltr'>Per</span> <span class='ocrx_word' id='word_1_248' title='bbox 385 1969 429 1988; x_wconf 78' lang='lat' dir='ltr'>mc</span> <span class='ocrx_word' id='word_1_249' title='bbox 444 1961 479 1988; x_wconf 55' lang='lat' dir='ltr'>st</span> <span class='ocrx_word' id='word_1_250' title='bbox 504 1960 569 1997; x_wconf 67' lang='lat' dir='ltr'>quis</span> <span class='ocrx_word' id='word_1_251' title='bbox 591 1958 752 1993; x_wconf 71' lang='lat' dir='ltr'>introierit,</span> <span class='ocrx_word' id='word_1_252' title='bbox 773 1959 939 1987; x_wconf 72' lang='lat' dir='ltr'>salvabitur</span> <span class='ocrx_word' id='word_1_253' title='bbox 960 1963 985 1987; x_wconf 82' lang='lat' dir='ltr'>et</span> <span class='ocrx_word' id='word_1_254' title='bbox 1006 1958 1149 1996; x_wconf 68' lang='lat' dir='ltr'>z&#39;nyredie-</span> 
     </span>
     <span class='ocr_line' id='line_1_46' title="bbox 303 2006 1148 2044; baseline 0 -10"><span class='ocrx_word' id='word_1_255' title='bbox 303 2010 353 2034; x_wconf 73' lang='lat' dir='ltr'>tur</span> <span class='ocrx_word' id='word_1_256' title='bbox 373 2011 398 2035; x_wconf 80' lang='lat' dir='ltr'>et</span> <span class='ocrx_word' id='word_1_257' title='bbox 419 2006 581 2044; x_wconf 69' lang='lat' dir='ltr'>cyretlietur</span> <span class='ocrx_word' id='word_1_258' title='bbox 602 2009 626 2034; x_wconf 80' lang='lat' dir='ltr'>ct</span> <span class='ocrx_word' id='word_1_259' title='bbox 644 2014 762 2043; x_wconf 75' lang='lat' dir='ltr'>pascua</span> <span class='ocrx_word' id='word_1_260' title='bbox 777 2006 906 2034; x_wconf 66' lang='lat' dir='ltr'>inveniet.</span> <span class='ocrx_word' id='word_1_261' title='bbox 929 2006 966 2034; x_wconf 66' lang='lat' dir='ltr'>Ad</span> <span class='ocrx_word' id='word_1_262' title='bbox 988 2006 1040 2034; x_wconf 83' lang='lat' dir='ltr'>hoc</span> <span class='ocrx_word' id='word_1_263' title='bbox 1055 2008 1148 2034; x_wconf 80' lang='lat' dir='ltr'>autem</span> 
     </span>
     <span class='ocr_line' id='line_1_47' title="bbox 303 2052 1149 2090; baseline -0.002 -8"><span class='ocrx_word' id='word_1_264' title='bbox 303 2054 407 2082; x_wconf 72' lang='lat' dir='ltr'>ostium</span> <span class='ocrx_word' id='word_1_265' title='bbox 430 2062 484 2081; x_wconf 85' lang='lat' dir='ltr'>non</span> <span class='ocrx_word' id='word_1_266' title='bbox 506 2053 778 2090; x_wconf 80' lang='lat' dir='ltr'>appropinquamus,</span> <span class='ocrx_word' id='word_1_267' title='bbox 800 2052 850 2081; x_wconf 91' lang='lat' dir='ltr'>nisi</span> <span class='ocrx_word' id='word_1_268' title='bbox 878 2052 905 2081; x_wconf 91' lang='lat' dir='ltr'>in</span> <span class='ocrx_word' id='word_1_269' title='bbox 934 2053 1025 2089; x_wconf 91' lang='lat' dir='ltr'>ipsum</span> <span class='ocrx_word' id='word_1_270' title='bbox 1048 2052 1149 2080; x_wconf 71' lang='lat' dir='ltr'>erecta-</span> 
     </span>
     <span class='ocr_line' id='line_1_48' title="bbox 301 2091 1149 2137; baseline -0.002 -8"><span class='ocrx_word' id='word_1_271' title='bbox 301 2109 379 2134; x_wconf 81' lang='lat' dir='ltr'>mus,</span> <span class='ocrx_word' id='word_1_272' title='bbox 400 2108 548 2137; x_wconf 70' lang='lat' dir='ltr'>speremus</span> <span class='ocrx_word' id='word_1_273' title='bbox 576 2103 603 2128; x_wconf 89' lang='lat' dir='ltr'>et</span> <span class='ocrx_word' id='word_1_274' title='bbox 635 2108 774 2127; x_wconf 73' lang='lat' dir='ltr'>amemus.</span> <span class='ocrx_word' id='word_1_275' title='bbox 798 2099 911 2129; x_wconf 84' lang='lat' dir='ltr'>Necesse</span> <span class='ocrx_word' id='word_1_276' title='bbox 942 2103 984 2128; x_wconf 87' lang='lat' dir='ltr'>est</span> <span class='ocrx_word' id='word_1_277' title='bbox 1011 2099 1105 2136; x_wconf 81' lang='lat' dir='ltr'>igitur,</span> <span class='ocrx_word' id='word_1_278' title='bbox 1127 2091 1149 2127; x_wconf 86' lang='lat' dir='ltr'>si</span> 
     </span>
     <span class='ocr_line' id='line_1_49' title="bbox 302 2139 1150 2182; baseline -0.002 -6"><span class='ocrx_word' id='word_1_279' title='bbox 302 2147 439 2176; x_wconf 79' lang='lat' dir='ltr'>reintrare</span> <span class='ocrx_word' id='word_1_280' title='bbox 468 2147 597 2175; x_wconf 77' lang='lat' dir='ltr'>volumus</span> <span class='ocrx_word' id='word_1_281' title='bbox 617 2146 650 2174; x_wconf 88' lang='lat' dir='ltr'>ad</span> <span class='ocrx_word' id='word_1_282' title='bbox 682 2139 840 2175; x_wconf 83' lang='lat' dir='ltr'>fruitionem</span> <span class='ocrx_word' id='word_1_283' title='bbox 863 2146 993 2175; x_wconf 74' lang='lat' dir='ltr'>Veritatis</span> <span class='ocrx_word' id='word_1_284' title='bbox 1018 2149 1150 2182; x_wconf 82' lang='lat' dir='ltr'>tanquam</span> 
     </span>
    </p>
   </div>
   <div class='ocr_carea' id='block_1_13' title="bbox 302 2318 1151 2504">
    <p class='ocr_par' dir='ltr' id='par_1_15' title="bbox 302 2318 1151 2504">
     <span class='ocr_line' id='line_1_50' title="bbox 351 2318 1151 2349; baseline 0.003 -8"><span class='ocrx_word' id='word_1_285' title='bbox 351 2318 373 2348; x_wconf 34' lang='lat'>&#39;¹</span> <span class='ocrx_word' id='word_1_286' title='bbox 391 2320 475 2342; x_wconf 76' lang='lat' dir='ltr'>l‘sahn.</span> <span class='ocrx_word' id='word_1_287' title='bbox 491 2319 534 2346; x_wconf 69' lang='lat'>755,</span> <span class='ocrx_word' id='word_1_288' title='bbox 552 2319 574 2341; x_wconf 94' lang='lat'>5.</span> <span class='ocrx_word' id='word_1_289' title='bbox 591 2326 683 2347; x_wconf 64' lang='grc' dir='ltr'>5οη.-</span> <span class='ocrx_word' id='word_1_290' title='bbox 695 2319 806 2346; x_wconf 74' lang='lat' dir='ltr'>Superius</span> <span class='ocrx_word' id='word_1_291' title='bbox 823 2326 865 2347; x_wconf 87' lang='lat' dir='ltr'>pro</span> <span class='ocrx_word' id='word_1_292' title='bbox 884 2321 909 2343; x_wconf 81' lang='lat' dir='ltr'>ut</span> <span class='ocrx_word' id='word_1_293' title='bbox 930 2319 1063 2349; x_wconf 67' lang='lat' dir='ltr'>intelliqant</span> <span class='ocrx_word' id='word_1_294' title='bbox 1079 2320 1097 2342; x_wconf 86' lang='grc' dir='ltr'>Α</span> <span class='ocrx_word' id='word_1_295' title='bbox 1114 2319 1151 2342; x_wconf 72' lang='lat' dir='ltr'>rel</span> 
     </span>
     <span class='ocr_line' id='line_1_51' title="bbox 302 2358 1149 2388; baseline -0.001 -6"><span class='ocrx_word' id='word_1_296' title='bbox 302 2366 350 2383; x_wconf 78' lang='lat' dir='ltr'>non</span> <span class='ocrx_word' id='word_1_297' title='bbox 368 2358 516 2388; x_wconf 73' lang='lat' dir='ltr'>iiztellislztiit,·</span> <span class='ocrx_word' id='word_1_298' title='bbox 535 2360 575 2380; x_wconf 85' lang='lat' dir='ltr'>ctr.</span> <span class='ocrx_word' id='word_1_299' title='bbox 593 2358 703 2386; x_wconf 61' lang='lat' dir='ltr'>August„</span> <span class='ocrx_word' id='word_1_300' title='bbox 722 2358 744 2380; x_wconf 89' lang='lat' dir='ltr'>in</span> <span class='ocrx_word' id='word_1_301' title='bbox 762 2359 823 2380; x_wconf 86' lang='lat' dir='ltr'>toan.</span> <span class='ocrx_word' id='word_1_302' title='bbox 841 2359 867 2380; x_wconf 66' lang='lat' dir='ltr'>Ex</span> <span class='ocrx_word' id='word_1_303' title='bbox 875 2365 929 2387; x_wconf 78' lang='lat' dir='ltr'>ang.</span> <span class='ocrx_word' id='word_1_304' title='bbox 946 2362 974 2381; x_wconf 88' lang='lat' dir='ltr'>tr.</span> <span class='ocrx_word' id='word_1_305' title='bbox 986 2360 1024 2381; x_wconf 86' lang='grc'>36.</span> <span class='ocrx_word' id='word_1_306' title='bbox 1036 2359 1097 2385; x_wconf 91' lang='lat' dir='ltr'>n.7,</span> <span class='ocrx_word' id='word_1_307' title='bbox 1110 2358 1149 2381; x_wconf 88' lang='lat' dir='ltr'>ubi</span> 
     </span>
     <span class='ocr_line' id='line_1_52' title="bbox 303 2397 1150 2426; baseline 0 -6"><span class='ocrx_word' id='word_1_308' title='bbox 303 2399 443 2425; x_wconf 82' lang='lat' dir='ltr'>ostenditur,</span> <span class='ocrx_word' id='word_1_309' title='bbox 456 2398 598 2420; x_wconf 75' lang='lat' dir='ltr'>credendum</span> <span class='ocrx_word' id='word_1_310' title='bbox 611 2404 674 2424; x_wconf 86' lang='lat' dir='ltr'>esse,</span> <span class='ocrx_word' id='word_1_311' title='bbox 685 2400 710 2419; x_wconf 89' lang='lat' dir='ltr'>ut</span> <span class='ocrx_word' id='word_1_312' title='bbox 722 2397 871 2425; x_wconf 80' lang='lat' dir='ltr'>intelligatur,</span> <span class='ocrx_word' id='word_1_313' title='bbox 884 2398 937 2426; x_wconf 84' lang='lat' dir='ltr'>quia</span> <span class='ocrx_word' id='word_1_314' title='bbox 950 2398 1067 2421; x_wconf 85' lang='lat' dir='ltr'>credendo</span> <span class='ocrx_word' id='word_1_315' title='bbox 1080 2399 1150 2420; x_wconf 88' lang='lat' dir='ltr'>horno</span> 
     </span>
     <span class='ocr_line' id='line_1_53' title="bbox 303 2436 1150 2465; baseline -0.002 -5"><span class='ocrx_word' id='word_1_316' title='bbox 303 2438 328 2460; x_wconf 87' lang='lat' dir='ltr'>tit</span> <span class='ocrx_word' id='word_1_317' title='bbox 344 2437 441 2460; x_wconf 77' lang='lat' dir='ltr'>idoneus</span> <span class='ocrx_word' id='word_1_318' title='bbox 458 2437 488 2459; x_wconf 89' lang='lat' dir='ltr'>ad</span> <span class='ocrx_word' id='word_1_319' title='bbox 506 2436 680 2464; x_wconf 78' lang='lat' dir='ltr'>intelligendum</span> <span class='ocrx_word' id='word_1_320' title='bbox 699 2436 758 2464; x_wconf 86' lang='lat' dir='ltr'>(lsai.</span> <span class='ocrx_word' id='word_1_321' title='bbox 774 2436 802 2463; x_wconf 85' lang='lat'>7,</span> <span class='ocrx_word' id='word_1_322' title='bbox 818 2437 839 2458; x_wconf 83' lang='grc'>9.</span> <span class='ocrx_word' id='word_1_323' title='bbox 856 2438 986 2459; x_wconf 83' lang='lat' dir='ltr'>secundum</span> <span class='ocrx_word' id='word_1_324' title='bbox 1003 2437 1150 2465; x_wconf 83' lang='lat' dir='ltr'>septuaginta</span> 
     </span>
     <span class='ocr_line' id='line_1_54' title="bbox 304 2474 914 2504; baseline -0.003 -6"><span class='ocrx_word' id='word_1_325' title='bbox 304 2476 450 2504; x_wconf 82' lang='lat' dir='ltr'>interpretes:</span> <span class='ocrx_word' id='word_1_326' title='bbox 468 2475 512 2497; x_wconf 75' lang='lat' dir='ltr'>Nisi</span> <span class='ocrx_word' id='word_1_327' title='bbox 531 2475 685 2501; x_wconf 73' lang='lat' dir='ltr'>credideritis,</span> <span class='ocrx_word' id='word_1_328' title='bbox 703 2480 750 2496; x_wconf 88' lang='lat' dir='ltr'>non</span> <span class='ocrx_word' id='word_1_329' title='bbox 767 2474 914 2502; x_wconf 78' lang='lat' dir='ltr'>intelligetis).</span> 
     </span>
    </p>
   </div>
   <div class='ocr_carea' id='block_1_14' title="bbox 366 2513 1200 2543">
    <p class='ocr_par' dir='ltr' id='par_1_16' title="bbox 366 2513 1200 2543">
     <span class='ocr_line' id='line_1_55' title="bbox 366 2513 1200 2543; baseline -0.001 -6"><span class='ocrx_word' id='word_1_330' title='bbox 366 2513 374 2526; x_wconf 83' lang='lat'><strong>²</strong></span> <span class='ocrx_word' id='word_1_331' title='bbox 392 2514 448 2543; x_wconf 84' lang='lat' dir='ltr'>Cap.</span> <span class='ocrx_word' id='word_1_332' title='bbox 466 2514 574 2542; x_wconf 81' lang='lat' dir='ltr'>praeced.</span> <span class='ocrx_word' id='word_1_333' title='bbox 590 2526 622 2530; x_wconf 97' lang='lat'><strong>—</strong></span> <span class='ocrx_word' id='word_1_334' title='bbox 639 2514 672 2535; x_wconf 88' lang='lat' dir='ltr'>De</span> <span class='ocrx_word' id='word_1_335' title='bbox 690 2513 845 2536; x_wconf 79' lang='lat' dir='ltr'>fundamentis</span> <span class='ocrx_word' id='word_1_336' title='bbox 863 2514 931 2536; x_wconf 86' lang='lat' dir='ltr'>huius</span> <span class='ocrx_word' id='word_1_337' title='bbox 948 2520 1000 2541; x_wconf 87' lang='lat' dir='ltr'>cap.</span> <span class='ocrx_word' id='word_1_338' title='bbox 1016 2515 1057 2536; x_wconf 80' lang='lat' dir='ltr'>cfr.</span> <span class='ocrx_word' id='word_1_339' title='bbox 1075 2513 1151 2536; x_wconf 68' lang='grc' dir='ltr'><strong>Β1·011-</strong></span> <span class='ocrx_word' id='word_1_340' title='bbox 1198 2524 1200 2527; x_wconf 93' lang='lat'>·</span> 
     </span>
    </p>
   </div>
   <div class='ocr_carea' id='block_1_15' title="bbox 303 2552 1152 3008">
    <p class='ocr_par' dir='ltr' id='par_1_17' title="bbox 303 2552 1151 2775">
     <span class='ocr_line' id='line_1_56' title="bbox 303 2552 1150 2583; baseline -0.002 -6"><span class='ocrx_word' id='word_1_341' title='bbox 303 2555 350 2583; x_wconf 88' lang='lat' dir='ltr'>loq.</span> <span class='ocrx_word' id='word_1_342' title='bbox 362 2561 385 2582; x_wconf 92' lang='lat' dir='ltr'>p.</span> <span class='ocrx_word' id='word_1_343' title='bbox 398 2555 421 2576; x_wconf 90' lang='lat' dir='ltr'>ll.</span> <span class='ocrx_word' id='word_1_344' title='bbox 433 2562 453 2576; x_wconf 82' lang='lat' dir='ltr'>c.</span> <span class='ocrx_word' id='word_1_345' title='bbox 470 2554 501 2576; x_wconf 86' lang='lat' dir='ltr'>lO.</span> <span class='ocrx_word' id='word_1_346' title='bbox 515 2556 537 2576; x_wconf 85' lang='lat' dir='ltr'>et</span> <span class='ocrx_word' id='word_1_347' title='bbox 552 2554 590 2580; x_wconf 71' lang='lat' dir='ltr'>ie,</span> <span class='ocrx_word' id='word_1_348' title='bbox 603 2553 642 2575; x_wconf 88' lang='lat' dir='ltr'>ubi</span> <span class='ocrx_word' id='word_1_349' title='bbox 655 2553 684 2575; x_wconf 78' lang='lat' dir='ltr'>de</span> <span class='ocrx_word' id='word_1_350' title='bbox 696 2552 784 2579; x_wconf 80' lang='lat' dir='ltr'>anima,</span> <span class='ocrx_word' id='word_1_351' title='bbox 797 2552 818 2574; x_wconf 90' lang='lat' dir='ltr'>in</span> <span class='ocrx_word' id='word_1_352' title='bbox 831 2556 943 2581; x_wconf 82' lang='lat' dir='ltr'>quantum</span> <span class='ocrx_word' id='word_1_353' title='bbox 956 2558 990 2576; x_wconf 84' lang='lat' dir='ltr'>est</span> <span class='ocrx_word' id='word_1_354' title='bbox 1002 2553 1042 2575; x_wconf 83' lang='lat' dir='ltr'>Dei</span> <span class='ocrx_word' id='word_1_355' title='bbox 1060 2553 1150 2581; x_wconf 79' lang='lat' dir='ltr'>imago;</span> 
     </span>
     <span class='ocr_line' id='line_1_57' title="bbox 305 2585 1151 2621; baseline -0.002 -6"><span class='ocrx_word' id='word_1_356' title='bbox 305 2600 328 2621; x_wconf 90' lang='lat' dir='ltr'>p.</span> <span class='ocrx_word' id='word_1_357' title='bbox 346 2594 374 2615; x_wconf 69' lang='grc' dir='ltr'>Υ.</span> <span class='ocrx_word' id='word_1_358' title='bbox 391 2600 411 2615; x_wconf 71' lang='lat' dir='ltr'>c.</span> <span class='ocrx_word' id='word_1_359' title='bbox 430 2593 454 2619; x_wconf 68' lang='lat'>4,</span> <span class='ocrx_word' id='word_1_360' title='bbox 473 2592 511 2615; x_wconf 90' lang='lat' dir='ltr'>ubi</span> <span class='ocrx_word' id='word_1_361' title='bbox 529 2593 558 2615; x_wconf 86' lang='lat' dir='ltr'>de</span> <span class='ocrx_word' id='word_1_362' title='bbox 577 2591 649 2614; x_wconf 84' lang='lat' dir='ltr'>tribus</span> <span class='ocrx_word' id='word_1_363' title='bbox 666 2591 790 2614; x_wconf 72' lang='lat' dir='ltr'>virtutihus</span> <span class='ocrx_word' id='word_1_364' title='bbox 807 2592 954 2619; x_wconf 74' lang='lat' dir='ltr'>theotogicis3</span> <span class='ocrx_word' id='word_1_365' title='bbox 972 2592 1028 2615; x_wconf 87' lang='lat' dir='ltr'>ibid.</span> <span class='ocrx_word' id='word_1_366' title='bbox 1045 2598 1065 2614; x_wconf 79' lang='lat' dir='ltr'>c.</span> <span class='ocrx_word' id='word_1_367' title='bbox 1082 2585 1104 2614; x_wconf 70' lang='grc'>6.</span> <span class='ocrx_word' id='word_1_368' title='bbox 1122 2592 1151 2614; x_wconf 88' lang='lat' dir='ltr'>de</span> 
     </span>
     <span class='ocr_line' id='line_1_58' title="bbox 305 2624 1151 2659; baseline -0.001 -6"><span class='ocrx_word' id='word_1_369' title='bbox 305 2631 411 2653; x_wconf 84' lang='lat' dir='ltr'>sensibus</span> <span class='ocrx_word' id='word_1_370' title='bbox 429 2631 598 2659; x_wconf 46' lang='lat' dir='ltr'>spiritualibus</span> <span class='ocrx_word' id='word_1_371' title='bbox 616 2637 639 2658; x_wconf 88' lang='lat' dir='ltr'>p.</span> <span class='ocrx_word' id='word_1_372' title='bbox 656 2631 680 2652; x_wconf 93' lang='lat' dir='ltr'>ll.</span> <span class='ocrx_word' id='word_1_373' title='bbox 698 2637 718 2652; x_wconf 82' lang='lat' dir='ltr'>c.</span> <span class='ocrx_word' id='word_1_374' title='bbox 735 2631 762 2656; x_wconf 87' lang='lat'>8,</span> <span class='ocrx_word' id='word_1_375' title='bbox 780 2629 818 2652; x_wconf 88' lang='lat' dir='ltr'>uhi</span> <span class='ocrx_word' id='word_1_376' title='bbox 837 2630 866 2652; x_wconf 88' lang='lat' dir='ltr'>de</span> <span class='ocrx_word' id='word_1_377' title='bbox 889 2630 969 2658; x_wconf 84' lang='lat' dir='ltr'>triplici</span> <span class='ocrx_word' id='word_1_378' title='bbox 993 2634 1044 2653; x_wconf 88' lang='lat' dir='ltr'>actu</span> <span class='ocrx_word' id='word_1_379' title='bbox 1061 2624 1151 2653; x_wconf 72' lang='lat' dir='ltr'>&#39;hierar-</span> 
     </span>
     <span class='ocr_line' id='line_1_59' title="bbox 305 2669 1151 2697; baseline -0.001 -5"><span class='ocrx_word' id='word_1_380' title='bbox 305 2670 370 2692; x_wconf 83' lang='lat' dir='ltr'>chico</span> <span class='ocrx_word' id='word_1_381' title='bbox 388 2674 409 2692; x_wconf 81' lang='lat' dir='ltr'>ct</span> <span class='ocrx_word' id='word_1_382' title='bbox 426 2676 510 2692; x_wconf 69' lang='lat' dir='ltr'>noveni</span> <span class='ocrx_word' id='word_1_383' title='bbox 528 2669 648 2692; x_wconf 80' lang='lat' dir='ltr'>ordinibus</span> <span class='ocrx_word' id='word_1_384' title='bbox 665 2670 819 2697; x_wconf 82' lang='lat' dir='ltr'>Angelorum3</span> <span class='ocrx_word' id='word_1_385' title='bbox 838 2670 928 2697; x_wconf 76' lang='lat' dir='ltr'>Prolog.</span> <span class='ocrx_word' id='word_1_386' title='bbox 944 2669 958 2697; x_wconf 61' lang='lat' dir='ltr'>S,</span> <span class='ocrx_word' id='word_1_387' title='bbox 975 2670 1000 2697; x_wconf 71' lang='grc'>4,</span> <span class='ocrx_word' id='word_1_388' title='bbox 1013 2670 1051 2692; x_wconf 86' lang='lat' dir='ltr'>ubi</span> <span class='ocrx_word' id='word_1_389' title='bbox 1069 2670 1099 2692; x_wconf 84' lang='lat' dir='ltr'>de</span> <span class='ocrx_word' id='word_1_390' title='bbox 1116 2669 1151 2692; x_wconf 87' lang='lat' dir='ltr'>tri-</span> 
     </span>
     <span class='ocr_line' id='line_1_60' title="bbox 306 2708 1151 2738; baseline 0.001 -7"><span class='ocrx_word' id='word_1_391' title='bbox 306 2709 358 2737; x_wconf 90' lang='lat' dir='ltr'>plici</span> <span class='ocrx_word' id='word_1_392' title='bbox 377 2709 524 2736; x_wconf 73' lang='lat' dir='ltr'>intelligentia</span> <span class='ocrx_word' id='word_1_393' title='bbox 542 2709 681 2736; x_wconf 71' lang='lat' dir='ltr'>scripturae.</span> <span class='ocrx_word' id='word_1_394' title='bbox 697 2719 728 2724; x_wconf 94' lang='lat'><strong>—</strong></span> <span class='ocrx_word' id='word_1_395' title='bbox 745 2708 795 2730; x_wconf 78' lang='lat' dir='ltr'>Mox</span> <span class='ocrx_word' id='word_1_396' title='bbox 813 2714 855 2735; x_wconf 86' lang='lat' dir='ltr'>pro</span> <span class='ocrx_word' id='word_1_397' title='bbox 873 2708 936 2737; x_wconf 80' lang='lat' dir='ltr'>quod</span> <span class='ocrx_word' id='word_1_398' title='bbox 952 2710 1001 2732; x_wconf 80' lang='lat' dir='ltr'>tam</span> <span class='ocrx_word' id='word_1_399' title='bbox 1014 2715 1151 2738; x_wconf 57' lang='lat' dir='ltr'>paucoiutm</span> 
     </span>
     <span class='ocr_line' id='line_1_61' title="bbox 305 2747 910 2775; baseline -0.005 -4"><span class='ocrx_word' id='word_1_400' title='bbox 305 2749 340 2771; x_wconf 80' lang='lat' dir='ltr'>est</span> <span class='ocrx_word' id='word_1_401' title='bbox 356 2754 402 2770; x_wconf 90' lang='lat' dir='ltr'>non</span> <span class='ocrx_word' id='word_1_402' title='bbox 420 2748 487 2775; x_wconf 82' lang='lat' dir='ltr'>pauci</span> <span class='ocrx_word' id='word_1_403' title='bbox 505 2747 644 2770; x_wconf 67' lang='lat' dir='ltr'>recentiores</span> <span class='ocrx_word' id='word_1_404' title='bbox 661 2747 730 2769; x_wconf 88' lang='lat' dir='ltr'>codd.</span> <span class='ocrx_word' id='word_1_405' title='bbox 745 2748 796 2769; x_wconf 78' lang='lat' dir='ltr'>tam</span> <span class='ocrx_word' id='word_1_406' title='bbox 809 2753 910 2775; x_wconf 78' lang='lat' dir='ltr'>paucos.</span> 
     </span>
    </p>

    <p class='ocr_par' dir='ltr' id='par_1_18' title="bbox 306 2785 1152 2891">
     <span class='ocr_line' id='line_1_62' title="bbox 368 2785 1152 2813; baseline 0 -4"><span class='ocrx_word' id='word_1_407' title='bbox 368 2785 377 2798; x_wconf 76' lang='lat'>³</span> <span class='ocrx_word' id='word_1_408' title='bbox 395 2787 443 2809; x_wconf 86' lang='lat' dir='ltr'>lsai.</span> <span class='ocrx_word' id='word_1_409' title='bbox 461 2786 503 2813; x_wconf 64' lang='lat'>24,</span> <span class='ocrx_word' id='word_1_410' title='bbox 521 2787 561 2808; x_wconf 73' lang='lat'>20:</span> <span class='ocrx_word' id='word_1_411' title='bbox 580 2787 606 2808; x_wconf 90' lang='lat' dir='ltr'>Et</span> <span class='ocrx_word' id='word_1_412' title='bbox 623 2788 714 2808; x_wconf 85' lang='lat' dir='ltr'>corruet</span> <span class='ocrx_word' id='word_1_413' title='bbox 726 2787 748 2807; x_wconf 86' lang='lat' dir='ltr'>et</span> <span class='ocrx_word' id='word_1_414' title='bbox 764 2791 809 2807; x_wconf 91' lang='lat' dir='ltr'>non</span> <span class='ocrx_word' id='word_1_415' title='bbox 827 2785 918 2807; x_wconf 80' lang='lat' dir='ltr'>adiiciet</span> <span class='ocrx_word' id='word_1_416' title='bbox 929 2789 972 2808; x_wconf 78' lang='lat' dir='ltr'>etc.</span> <span class='ocrx_word' id='word_1_417' title='bbox 989 2787 1058 2809; x_wconf 83' lang='lat' dir='ltr'>Maior</span> <span class='ocrx_word' id='word_1_418' title='bbox 1070 2789 1093 2809; x_wconf 87' lang='lat' dir='ltr'>et</span> <span class='ocrx_word' id='word_1_419' title='bbox 1103 2793 1152 2809; x_wconf 87' lang='lat' dir='ltr'>me-</span> 
     </span>
     <span class='ocr_line' id='line_1_63' title="bbox 306 2823 1151 2853; baseline 0 -5"><span class='ocrx_word' id='word_1_420' title='bbox 306 2826 348 2848; x_wconf 90' lang='lat' dir='ltr'>lior</span> <span class='ocrx_word' id='word_1_421' title='bbox 365 2832 419 2853; x_wconf 81' lang='lat' dir='ltr'>pars</span> <span class='ocrx_word' id='word_1_422' title='bbox 436 2826 504 2848; x_wconf 86' lang='lat' dir='ltr'>codd.</span> <span class='ocrx_word' id='word_1_423' title='bbox 522 2825 604 2848; x_wconf 79' lang='lat' dir='ltr'>ibidem</span> <span class='ocrx_word' id='word_1_424' title='bbox 624 2823 770 2851; x_wconf 77' lang='lat' dir='ltr'>incumbere,</span> <span class='ocrx_word' id='word_1_425' title='bbox 788 2825 814 2846; x_wconf 76' lang='lat' dir='ltr'>ut</span> <span class='ocrx_word' id='word_1_426' title='bbox 830 2826 943 2853; x_wconf 74' lang='lat' dir='ltr'>rcsurqut</span> <span class='ocrx_word' id='word_1_427' title='bbox 959 2831 1004 2847; x_wconf 88' lang='lat' dir='ltr'>non</span> <span class='ocrx_word' id='word_1_428' title='bbox 1023 2828 1068 2847; x_wconf 86' lang='lat' dir='ltr'>tam</span> <span class='ocrx_word' id='word_1_429' title='bbox 1087 2828 1151 2853; x_wconf 84' lang='lat' dir='ltr'>apte,</span> 
     </span>
     <span class='ocr_line' id='line_1_64' title="bbox 306 2861 1152 2891; baseline 0 -5"><span class='ocrx_word' id='word_1_430' title='bbox 306 2864 358 2886; x_wconf 88' lang='lat' dir='ltr'>licet</span> <span class='ocrx_word' id='word_1_431' title='bbox 374 2865 431 2886; x_wconf 80' lang='lat' dir='ltr'>haec</span> <span class='ocrx_word' id='word_1_432' title='bbox 447 2863 518 2886; x_wconf 74' lang='lat' dir='ltr'>verba</span> <span class='ocrx_word' id='word_1_433' title='bbox 538 2864 621 2886; x_wconf 85' lang='lat' dir='ltr'>habeat</span> <span class='ocrx_word' id='word_1_434' title='bbox 638 2863 747 2891; x_wconf 61' lang='lat' dir='ltr'>August„</span> <span class='ocrx_word' id='word_1_435' title='bbox 765 2861 794 2884; x_wconf 86' lang='lat' dir='ltr'>de</span> <span class='ocrx_word' id='word_1_436' title='bbox 812 2862 871 2884; x_wconf 78' lang='lat' dir='ltr'>Vera</span> <span class='ocrx_word' id='word_1_437' title='bbox 892 2862 965 2890; x_wconf 80' lang='lat' dir='ltr'>ueiig.</span> <span class='ocrx_word' id='word_1_438' title='bbox 982 2869 1002 2885; x_wconf 88' lang='lat' dir='ltr'>c.</span> <span class='ocrx_word' id='word_1_439' title='bbox 1019 2864 1057 2886; x_wconf 79' lang='lat'>42.</span> <span class='ocrx_word' id='word_1_440' title='bbox 1074 2871 1096 2886; x_wconf 91' lang='grc'>11.</span> <span class='ocrx_word' id='word_1_441' title='bbox 1112 2864 1152 2886; x_wconf 83' lang='grc'>79.</span> 
     </span>
    </p>

    <p class='ocr_par' dir='ltr' id='par_1_19' title="bbox 306 2901 1152 3008">
     <span class='ocr_line' id='line_1_65' title="bbox 368 2901 1152 2930; baseline 0 -5"><span class='ocrx_word' id='word_1_442' title='bbox 368 2902 377 2914; x_wconf 77' lang='lat'><strong>⁴</strong></span> <span class='ocrx_word' id='word_1_443' title='bbox 395 2904 455 2925; x_wconf 86' lang='lat' dir='ltr'>toan.</span> <span class='ocrx_word' id='word_1_444' title='bbox 474 2903 515 2930; x_wconf 74' lang='lat' dir='ltr'>to,</span> <span class='ocrx_word' id='word_1_445' title='bbox 533 2904 554 2925; x_wconf 81' lang='lat'>9.</span> <span class='ocrx_word' id='word_1_446' title='bbox 571 2915 603 2919; x_wconf 97' lang='lat'><strong>—</strong></span> <span class='ocrx_word' id='word_1_447' title='bbox 619 2903 655 2925; x_wconf 82' lang='lat' dir='ltr'>Ps.</span> <span class='ocrx_word' id='word_1_448' title='bbox 673 2903 715 2929; x_wconf 84' lang='lat'>36,</span> <span class='ocrx_word' id='word_1_449' title='bbox 733 2901 760 2924; x_wconf 71' lang='lat'>15:</span> <span class='ocrx_word' id='word_1_450' title='bbox 777 2901 894 2923; x_wconf 74' lang='lat' dir='ltr'>Delectare</span> <span class='ocrx_word' id='word_1_451' title='bbox 912 2901 934 2923; x_wconf 91' lang='lat' dir='ltr'>in</span> <span class='ocrx_word' id='word_1_452' title='bbox 951 2902 1049 2925; x_wconf 86' lang='lat' dir='ltr'>Domino</span> <span class='ocrx_word' id='word_1_453' title='bbox 1066 2906 1110 2925; x_wconf 85' lang='lat' dir='ltr'>etc.</span> <span class='ocrx_word' id='word_1_454' title='bbox 1121 2915 1152 2920; x_wconf 92' lang='lat'>—</span> 
     </span>
     <span class='ocr_line' id='line_1_66' title="bbox 306 2940 1152 2972; baseline 0.001 -9"><span class='ocrx_word' id='word_1_455' title='bbox 306 2942 401 2964; x_wconf 84' lang='lat' dir='ltr'>Interius</span> <span class='ocrx_word' id='word_1_456' title='bbox 419 2942 539 2969; x_wconf 81' lang='lat' dir='ltr'>respicitur</span> <span class='ocrx_word' id='word_1_457' title='bbox 556 2943 572 2964; x_wconf 91' lang='lat' dir='ltr'>l.</span> <span class='ocrx_word' id='word_1_458' title='bbox 589 2942 650 2964; x_wconf 90' lang='lat' dir='ltr'>Tim.</span> <span class='ocrx_word' id='word_1_459' title='bbox 667 2943 693 2968; x_wconf 80' lang='lat'>2,</span> <span class='ocrx_word' id='word_1_460' title='bbox 711 2941 736 2963; x_wconf 82' lang='lat'>5:</span> <span class='ocrx_word' id='word_1_461' title='bbox 754 2941 818 2963; x_wconf 69' lang='lat' dir='ltr'>Unus</span> <span class='ocrx_word' id='word_1_462' title='bbox 835 2944 856 2962; x_wconf 80' lang='lat' dir='ltr'>ct.</span> <span class='ocrx_word' id='word_1_463' title='bbox 874 2940 985 2963; x_wconf 79' lang='lat' dir='ltr'>mediator</span> <span class='ocrx_word' id='word_1_464' title='bbox 1006 2941 1046 2963; x_wconf 85' lang='lat' dir='ltr'>Dei</span> <span class='ocrx_word' id='word_1_465' title='bbox 1069 2944 1101 2972; x_wconf 40' lang='lat' dir='ltr'>et,</span> <span class='ocrx_word' id='word_1_466' title='bbox 1113 2944 1152 2964; x_wconf 85' lang='lat' dir='ltr'>ho-</span> 
     </span>
     <span class='ocr_line' id='line_1_67' title="bbox 306 2980 1152 3008; baseline 0.002 -6"><span class='ocrx_word' id='word_1_467' title='bbox 306 2981 395 3002; x_wconf 84' lang='lat' dir='ltr'>minum</span> <span class='ocrx_word' id='word_1_468' title='bbox 419 2982 488 3003; x_wconf 83' lang='lat' dir='ltr'>homo</span> <span class='ocrx_word' id='word_1_469' title='bbox 511 2981 614 3003; x_wconf 76' lang='lat' dir='ltr'>Christus</span> <span class='ocrx_word' id='word_1_470' title='bbox 637 2981 706 3003; x_wconf 84' lang='lat' dir='ltr'>lesus.</span> <span class='ocrx_word' id='word_1_471' title='bbox 729 2981 785 3002; x_wconf 78' lang='lat' dir='ltr'>Gen.</span> <span class='ocrx_word' id='word_1_472' title='bbox 803 2980 830 3006; x_wconf 70' lang='lat'>⁴2,</span> <span class='ocrx_word' id='word_1_473' title='bbox 848 2980 874 3006; x_wconf 77' lang='lat'>9,</span> <span class='ocrx_word' id='word_1_474' title='bbox 892 2980 956 3008; x_wconf 87' lang='lat' dir='ltr'>quod</span> <span class='ocrx_word' id='word_1_475' title='bbox 973 2986 1092 3008; x_wconf 79' lang='lat' dir='ltr'>exponens</span> <span class='ocrx_word' id='word_1_476' title='bbox 1109 2982 1152 3004; x_wconf 82' lang='lat' dir='ltr'>Au—</span> 
     </span>
    </p>
   </div>
   <div class='ocr_carea' id='block_1_16' title="bbox 1174 1237 1179 1894">
    <p class='ocr_par' dir='ltr' id='par_1_20' title="bbox 1174 1237 1179 1894">
     <span class='ocr_line' id='line_1_68' title="bbox 1174 1237 1179 1894; baseline 0 0"><span class='ocrx_word' id='word_1_477' title='bbox 1174 1237 1179 1894; x_wconf 95' lang='lat' dir='ltr'> </span> 
     </span>
    </p>
   </div>
   <div class='ocr_carea' id='block_1_17' title="bbox 1175 1237 1179 2173">
    <p class='ocr_par' dir='ltr' id='par_1_21' title="bbox 1175 1237 1179 2173">
     <span class='ocr_line' id='line_1_69' title="bbox 1175 1237 1179 2173; baseline 0 0"><span class='ocrx_word' id='word_1_478' title='bbox 1175 1237 1179 2173; x_wconf 95' lang='lat' dir='ltr'> </span> 
     </span>
    </p>
   </div>
   <div class='ocr_carea' id='block_1_18' title="bbox 1178 2327 1182 2878">
    <p class='ocr_par' dir='ltr' id='par_1_22' title="bbox 1178 2327 1182 2878">
     <span class='ocr_line' id='line_1_70' title="bbox 1178 2327 1182 2878; baseline 0 0"><span class='ocrx_word' id='word_1_479' title='bbox 1178 2327 1182 2878; x_wconf 95' lang='lat' dir='ltr'> </span> 
     </span>
    </p>
   </div>
   <div class='ocr_carea' id='block_1_19' title="bbox 876 195 1482 228">
    <p class='ocr_par' dir='ltr' id='par_1_23' title="bbox 876 195 1482 228">
     <span class='ocr_line' id='line_1_71' title="bbox 876 195 1482 228; baseline -0.002 -4"><span class='ocrx_word' id='word_1_480' title='bbox 876 196 1048 225; x_wconf 75' lang='lat' dir='ltr'>1T1NEuAuu</span> <span class='ocrx_word' id='word_1_481' title='bbox 1069 197 1189 226; x_wconf 89' lang='lat' dir='ltr'>MENTlS</span> <span class='ocrx_word' id='word_1_482' title='bbox 1211 197 1243 225; x_wconf 83' lang='lat' dir='ltr'>IN</span> <span class='ocrx_word' id='word_1_483' title='bbox 1264 196 1356 224; x_wconf 83' lang='lat' dir='ltr'><strong>DEUM</strong></span> <span class='ocrx_word' id='word_1_484' title='bbox 1378 195 1405 223; x_wconf 90' lang='lat' dir='ltr'>C.</span> <span class='ocrx_word' id='word_1_485' title='bbox 1429 196 1482 228; x_wconf 63' lang='lat' dir='ltr'>lv„</span> 
     </span>
    </p>
   </div>
   <div class='ocr_carea' id='block_1_20' title="bbox 1202 273 2051 404">
    <p class='ocr_par' dir='ltr' id='par_1_24' title="bbox 1202 273 2051 404">
     <span class='ocr_line' id='line_1_72' title="bbox 1202 273 2051 312; baseline 0.004 -11"><span class='ocrx_word' id='word_1_486' title='bbox 1202 274 1236 302; x_wconf 88' lang='lat' dir='ltr'>ad</span> <span class='ocrx_word' id='word_1_487' title='bbox 1252 273 1425 310; x_wconf 81' lang='lat' dir='ltr'>paradisum,</span> <span class='ocrx_word' id='word_1_488' title='bbox 1441 273 1515 310; x_wconf 88' lang='lat' dir='ltr'>quod</span> <span class='ocrx_word' id='word_1_489' title='bbox 1536 273 1724 310; x_wconf 78' lang='lat' dir='ltr'>ingrediamur</span> <span class='ocrx_word' id='word_1_490' title='bbox 1740 282 1789 310; x_wconf 89' lang='lat' dir='ltr'>per</span> <span class='ocrx_word' id='word_1_491' title='bbox 1809 274 1909 311; x_wconf 63' lang='lat' dir='ltr'>fidem„</span> <span class='ocrx_word' id='word_1_492' title='bbox 1930 284 2010 312; x_wconf 77' lang='lat' dir='ltr'>spem</span> <span class='ocrx_word' id='word_1_493' title='bbox 2024 278 2051 304; x_wconf 91' lang='lat' dir='ltr'>et</span> 
     </span>
     <span class='ocr_line' id='line_1_73' title="bbox 1203 319 2050 355; baseline 0.002 -7"><span class='ocrx_word' id='word_1_494' title='bbox 1203 320 1357 348; x_wconf 78' lang='lat' dir='ltr'>caritatem</span> <span class='ocrx_word' id='word_1_495' title='bbox 1378 319 1536 348; x_wconf 85' lang='lat' dir='ltr'>mediatoris</span> <span class='ocrx_word' id='word_1_496' title='bbox 1557 320 1605 348; x_wconf 84' lang='lat' dir='ltr'>Dei</span> <span class='ocrx_word' id='word_1_497' title='bbox 1633 323 1661 349; x_wconf 84' lang='lat' dir='ltr'>et</span> <span class='ocrx_word' id='word_1_498' title='bbox 1681 321 1824 349; x_wconf 88' lang='lat' dir='ltr'>hominum</span> <span class='ocrx_word' id='word_1_499' title='bbox 1854 322 1915 350; x_wconf 88' lang='lat' dir='ltr'>lesu</span> <span class='ocrx_word' id='word_1_500' title='bbox 1936 322 2050 355; x_wconf 85' lang='lat' dir='ltr'>Christi,</span> 
     </span>
     <span class='ocr_line' id='line_1_74' title="bbox 1203 366 2029 404; baseline 0.002 -10"><span class='ocrx_word' id='word_1_501' title='bbox 1203 366 1250 403; x_wconf 88' lang='lat' dir='ltr'>qui</span> <span class='ocrx_word' id='word_1_502' title='bbox 1273 369 1313 395; x_wconf 84' lang='lat' dir='ltr'>est</span> <span class='ocrx_word' id='word_1_503' title='bbox 1335 368 1466 403; x_wconf 80' lang='lat' dir='ltr'>tanquam</span> <span class='ocrx_word' id='word_1_504' title='bbox 1487 367 1600 404; x_wconf 69' lang='lat' dir='ltr'>tiquam</span> <span class='ocrx_word' id='word_1_505' title='bbox 1621 367 1697 395; x_wconf 78' lang='lat' dir='ltr'>vitae</span> <span class='ocrx_word' id='word_1_506' title='bbox 1718 367 1750 395; x_wconf 75' lang='lat' dir='ltr'>in</span> <span class='ocrx_word' id='word_1_507' title='bbox 1769 367 1863 396; x_wconf 67' lang='lat' dir='ltr'>mettio</span> <span class='ocrx_word' id='word_1_508' title='bbox 1881 369 2029 404; x_wconf 72' lang='lat' dir='ltr'>paradisi.</span> 
     </span>
    </p>
   </div>
   <div class='ocr_carea' id='block_1_21' title="bbox 1203 413 2194 497">
    <p class='ocr_par' dir='ltr' id='par_1_25' title="bbox 1203 413 2194 497">
     <span class='ocr_line' id='line_1_75' title="bbox 1255 413 2194 451; baseline -0.002 -10"><span class='ocrx_word' id='word_1_509' title='bbox 1255 414 1259 416; x_wconf 86' lang='lat'>&#39;</span> <span class='ocrx_word' id='word_1_510' title='bbox 1283 413 1308 441; x_wconf 83' lang='lat'>3.</span> <span class='ocrx_word' id='word_1_511' title='bbox 1331 413 1562 449; x_wconf 86' lang='lat' dir='ltr'>Supervestienda</span> <span class='ocrx_word' id='word_1_512' title='bbox 1589 417 1630 443; x_wconf 87' lang='lat' dir='ltr'>est</span> <span class='ocrx_word' id='word_1_513' title='bbox 1658 414 1743 451; x_wconf 85' lang='lat' dir='ltr'>igitur</span> <span class='ocrx_word' id='word_1_514' title='bbox 1764 415 1854 451; x_wconf 82' lang='lat' dir='ltr'>imago</span> <span class='ocrx_word' id='word_1_515' title='bbox 1883 415 1983 443; x_wconf 82' lang='lat' dir='ltr'>mentis</span> <span class='ocrx_word' id='word_1_516' title='bbox 2004 423 2052 443; x_wconf 88' lang='lat' dir='ltr'>no-</span> <span class='ocrx_word' id='word_1_517' title='bbox 2066 422 2194 441; x_wconf 58' lang='lat' dir='ltr'>ernamur-</span> 
     </span>
     <span class='ocr_line' id='line_1_76' title="bbox 1203 446 2194 497; baseline -0.001 -10"><span class='ocrx_word' id='word_1_518' title='bbox 1203 462 1276 488; x_wconf 87' lang='lat' dir='ltr'>strae</span> <span class='ocrx_word' id='word_1_519' title='bbox 1298 459 1388 488; x_wconf 90' lang='lat' dir='ltr'>tribus</span> <span class='ocrx_word' id='word_1_520' title='bbox 1408 459 1560 488; x_wconf 89' lang='lat' dir='ltr'>virtutibus</span> <span class='ocrx_word' id='word_1_521' title='bbox 1581 461 1755 497; x_wconf 80' lang='lat' dir='ltr'>theologicis,</span> <span class='ocrx_word' id='word_1_522' title='bbox 1771 461 1874 497; x_wconf 89' lang='lat' dir='ltr'>quibus</span> <span class='ocrx_word' id='word_1_523' title='bbox 1894 461 1986 489; x_wconf 85' lang='lat' dir='ltr'>anima</span> <span class='ocrx_word' id='word_1_524' title='bbox 1997 469 2053 497; x_wconf 77' lang='lat' dir='ltr'>pu-</span> <span class='ocrx_word' id='word_1_525' title='bbox 2070 446 2194 491; x_wconf 43' lang='lat' dir='ltr'>igssigrffif‘</span> 
     </span>
    </p>
   </div>
   <div class='ocr_carea' id='block_1_22' title="bbox 1203 506 2053 733">
    <p class='ocr_par' dir='ltr' id='par_1_26' title="bbox 1203 506 2053 733">
     <span class='ocr_line' id='line_1_77' title="bbox 1203 506 2053 544; baseline 0.002 -10"><span class='ocrx_word' id='word_1_526' title='bbox 1203 506 1352 542; x_wconf 79' lang='lat' dir='ltr'>rificatur,</span> <span class='ocrx_word' id='word_1_527' title='bbox 1374 506 1561 535; x_wconf 76' lang='lat' dir='ltr'>illuminatur</span> <span class='ocrx_word' id='word_1_528' title='bbox 1592 510 1619 535; x_wconf 90' lang='lat' dir='ltr'>et</span> <span class='ocrx_word' id='word_1_529' title='bbox 1643 507 1807 544; x_wconf 74' lang='lat' dir='ltr'>perficitur,</span> <span class='ocrx_word' id='word_1_530' title='bbox 1838 510 1866 536; x_wconf 85' lang='lat' dir='ltr'>et</span> <span class='ocrx_word' id='word_1_531' title='bbox 1894 508 1933 536; x_wconf 87' lang='lat' dir='ltr'>sic</span> <span class='ocrx_word' id='word_1_532' title='bbox 1964 508 2053 544; x_wconf 84' lang='lat' dir='ltr'>imago</span> 
     </span>
     <span class='ocr_line' id='line_1_78' title="bbox 1204 553 2052 591; baseline 0.001 -10"><span class='ocrx_word' id='word_1_533' title='bbox 1204 553 1372 582; x_wconf 82' lang='lat' dir='ltr'>reformatur</span> <span class='ocrx_word' id='word_1_534' title='bbox 1393 556 1420 581; x_wconf 89' lang='lat' dir='ltr'>et</span> <span class='ocrx_word' id='word_1_535' title='bbox 1441 553 1590 583; x_wconf 80' lang='lat' dir='ltr'>conformis</span> <span class='ocrx_word' id='word_1_536' title='bbox 1610 562 1747 591; x_wconf 85' lang='lat' dir='ltr'>supernae</span> <span class='ocrx_word' id='word_1_537' title='bbox 1763 555 1909 583; x_wconf 87' lang='lat' dir='ltr'>Ierusalem</span> <span class='ocrx_word' id='word_1_538' title='bbox 1933 554 2052 583; x_wconf 86' lang='lat' dir='ltr'>eflicitur</span> 
     </span>
     <span class='ocr_line' id='line_1_79' title="bbox 1203 599 2052 638; baseline 0.001 -10"><span class='ocrx_word' id='word_1_539' title='bbox 1203 602 1231 628; x_wconf 88' lang='lat' dir='ltr'>et</span> <span class='ocrx_word' id='word_1_540' title='bbox 1251 608 1316 636; x_wconf 89' lang='lat' dir='ltr'>pars</span> <span class='ocrx_word' id='word_1_541' title='bbox 1338 599 1472 629; x_wconf 82' lang='lat' dir='ltr'>Ecclesiae</span> <span class='ocrx_word' id='word_1_542' title='bbox 1493 600 1650 635; x_wconf 86' lang='lat' dir='ltr'>militantis,</span> <span class='ocrx_word' id='word_1_543' title='bbox 1672 610 1744 638; x_wconf 86' lang='lat' dir='ltr'>quae</span> <span class='ocrx_word' id='word_1_544' title='bbox 1765 604 1807 630; x_wconf 90' lang='lat' dir='ltr'>est</span> <span class='ocrx_word' id='word_1_545' title='bbox 1828 602 1932 638; x_wconf 87' lang='lat' dir='ltr'>proles,</span> <span class='ocrx_word' id='word_1_546' title='bbox 1954 609 2052 630; x_wconf 88' lang='lat' dir='ltr'>secun-</span> 
     </span>
     <span class='ocr_line' id='line_1_80' title="bbox 1203 642 2053 683; baseline 0.001 -8"><span class='ocrx_word' id='word_1_547' title='bbox 1203 646 1270 675; x_wconf 87' lang='lat' dir='ltr'>dum</span> <span class='ocrx_word' id='word_1_548' title='bbox 1291 642 1465 683; x_wconf 80' lang='lat' dir='ltr'>Apostolum,</span> <span class='ocrx_word' id='word_1_549' title='bbox 1488 647 1635 676; x_wconf 86' lang='lat' dir='ltr'>Ierusalem</span> <span class='ocrx_word' id='word_1_550' title='bbox 1649 648 1781 677; x_wconf 80' lang='lat' dir='ltr'>caelestis.</span> <span class='ocrx_word' id='word_1_551' title='bbox 1805 648 1846 676; x_wconf 77' lang='lat' dir='ltr'>Ait</span> <span class='ocrx_word' id='word_1_552' title='bbox 1866 648 1974 676; x_wconf 87' lang='lat' dir='ltr'>enim⁵:</span> <span class='ocrx_word' id='word_1_553' title='bbox 1997 648 2053 676; x_wconf 81' lang='lat' dir='ltr'>Illa</span> 
     </span>
     <span class='ocr_line' id='line_1_81' title="bbox 1203 695 2053 733; baseline 0.001 -11"><span class='ocrx_word' id='word_1_554' title='bbox 1203 703 1279 732; x_wconf 82' lang='lat' dir='ltr'>quae</span> <span class='ocrx_word' id='word_1_555' title='bbox 1302 703 1425 722; x_wconf 75' lang='lat' dir='ltr'>sursum</span> <span class='ocrx_word' id='word_1_556' title='bbox 1455 699 1496 722; x_wconf 74' lang='lat' dir='ltr'>est</span> <span class='ocrx_word' id='word_1_557' title='bbox 1518 695 1673 724; x_wconf 57' lang='lat' dir='ltr'>Ierusalem</span> <span class='ocrx_word' id='word_1_558' title='bbox 1707 695 1799 724; x_wconf 77' lang='lat' dir='ltr'>libera</span> <span class='ocrx_word' id='word_1_559' title='bbox 1829 698 1886 729; x_wconf 76' lang='lat' dir='ltr'>est,</span> <span class='ocrx_word' id='word_1_560' title='bbox 1908 704 1983 733; x_wconf 79' lang='lat' dir='ltr'>quae</span> <span class='ocrx_word' id='word_1_561' title='bbox 2013 698 2053 723; x_wconf 79' lang='lat' dir='ltr'>est</span> 
     </span>
    </p>
   </div>
   <div class='ocr_carea' id='block_1_23' title="bbox 1203 742 2196 792">
    <p class='ocr_par' dir='ltr' id='par_1_27' title="bbox 1203 742 2196 792">
     <span class='ocr_line' id='line_1_82' title="bbox 1203 742 2196 792; baseline -0.001 -23"><span class='ocrx_word' id='word_1_562' title='bbox 1203 745 1297 770; x_wconf 80' lang='lat' dir='ltr'>mater</span> <span class='ocrx_word' id='word_1_563' title='bbox 1318 745 1428 770; x_wconf 70' lang='lat' dir='ltr'>nostru.</span> <span class='ocrx_word' id='word_1_564' title='bbox 1455 757 1491 762; x_wconf 89' lang='lat'>—</span> <span class='ocrx_word' id='word_1_565' title='bbox 1517 742 1612 770; x_wconf 70' lang='lat' dir='ltr'>Anima</span> <span class='ocrx_word' id='word_1_566' title='bbox 1632 742 1717 779; x_wconf 80' lang='lat' dir='ltr'>igitur</span> <span class='ocrx_word' id='word_1_567' title='bbox 1738 743 1868 776; x_wconf 80' lang='lat' dir='ltr'>credens,</span> <span class='ocrx_word' id='word_1_568' title='bbox 1891 750 2006 779; x_wconf 86' lang='lat' dir='ltr'>sperans</span> <span class='ocrx_word' id='word_1_569' title='bbox 2026 744 2054 771; x_wconf 83' lang='lat' dir='ltr'>et</span> <span class='ocrx_word' id='word_1_570' title='bbox 2067 749 2196 792; x_wconf 51' lang='lat' dir='ltr'>tifliiiess‘ssss‘ii&#39;</span> 
     </span>
    </p>
   </div>
   <div class='ocr_carea' id='block_1_24' title="bbox 1203 788 2087 2183">
    <p class='ocr_par' dir='ltr' id='par_1_28' title="bbox 1203 788 2087 2183">
     <span class='ocr_line' id='line_1_83' title="bbox 1203 788 2087 826; baseline 0.001 -9"><span class='ocrx_word' id='word_1_571' title='bbox 1203 797 1300 817; x_wconf 84' lang='lat' dir='ltr'>amans</span> <span class='ocrx_word' id='word_1_572' title='bbox 1321 789 1410 817; x_wconf 88' lang='lat' dir='ltr'>lesum</span> <span class='ocrx_word' id='word_1_573' title='bbox 1438 788 1595 823; x_wconf 88' lang='lat' dir='ltr'>Christum,</span> <span class='ocrx_word' id='word_1_574' title='bbox 1623 790 1670 826; x_wconf 90' lang='lat' dir='ltr'>qui</span> <span class='ocrx_word' id='word_1_575' title='bbox 1699 792 1741 818; x_wconf 82' lang='lat' dir='ltr'>est</span> <span class='ocrx_word' id='word_1_576' title='bbox 1761 790 1884 818; x_wconf 81' lang='lat' dir='ltr'>Verbum</span> <span class='ocrx_word' id='word_1_577' title='bbox 1912 790 2087 818; x_wconf 67' lang='lat' dir='ltr'>incarne-su</span> 
     </span>
     <span class='ocr_line' id='line_1_84' title="bbox 1204 833 2052 873; baseline 0.001 -10"><span class='ocrx_word' id='word_1_578' title='bbox 1204 838 1283 869; x_wconf 73' lang='lat' dir='ltr'>tum,</span> <span class='ocrx_word' id='word_1_579' title='bbox 1306 836 1469 864; x_wconf 77' lang='lat' dir='ltr'>increatum</span> <span class='ocrx_word' id='word_1_580' title='bbox 1491 838 1519 864; x_wconf 91' lang='lat' dir='ltr'>et</span> <span class='ocrx_word' id='word_1_581' title='bbox 1540 836 1737 873; x_wconf 73' lang='lat' dir='ltr'>inspiratum,</span> <span class='ocrx_word' id='word_1_582' title='bbox 1760 836 1864 865; x_wconf 84' lang='lat' dir='ltr'>scilicet</span> <span class='ocrx_word' id='word_1_583' title='bbox 1883 833 1950 870; x_wconf 79' lang='grc' dir='ltr'>ὑίιι,</span> <span class='ocrx_word' id='word_1_584' title='bbox 1977 836 2052 864; x_wconf 76' lang='lat' dir='ltr'>veri-</span> 
     </span>
     <span class='ocr_line' id='line_1_85' title="bbox 1204 882 2052 919; baseline 0.001 -9"><span class='ocrx_word' id='word_1_585' title='bbox 1204 886 1250 910; x_wconf 72' lang='lat' dir='ltr'>tas</span> <span class='ocrx_word' id='word_1_586' title='bbox 1271 885 1298 911; x_wconf 87' lang='lat' dir='ltr'>et</span> <span class='ocrx_word' id='word_1_587' title='bbox 1311 882 1390 914; x_wconf 76' lang='lat' dir='ltr'>vita:</span> <span class='ocrx_word' id='word_1_588' title='bbox 1411 883 1478 911; x_wconf 88' lang='lat' dir='ltr'>dum</span> <span class='ocrx_word' id='word_1_589' title='bbox 1500 891 1549 919; x_wconf 85' lang='lat' dir='ltr'>per</span> <span class='ocrx_word' id='word_1_590' title='bbox 1569 883 1655 919; x_wconf 73' lang='lat' dir='ltr'>fidem</span> <span class='ocrx_word' id='word_1_591' title='bbox 1676 883 1764 912; x_wconf 83' lang='lat' dir='ltr'>credit</span> <span class='ocrx_word' id='word_1_592' title='bbox 1785 883 1811 911; x_wconf 90' lang='lat' dir='ltr'>in</span> <span class='ocrx_word' id='word_1_593' title='bbox 1833 883 1974 911; x_wconf 85' lang='lat' dir='ltr'>Christum</span> <span class='ocrx_word' id='word_1_594' title='bbox 1993 886 2052 911; x_wconf 87' lang='lat' dir='ltr'>tan-</span> 
     </span>
     <span class='ocr_line' id='line_1_86' title="bbox 1204 930 2053 967; baseline 0 -9"><span class='ocrx_word' id='word_1_595' title='bbox 1204 938 1289 966; x_wconf 85' lang='lat' dir='ltr'>quam</span> <span class='ocrx_word' id='word_1_596' title='bbox 1311 930 1338 958; x_wconf 92' lang='lat' dir='ltr'>in</span> <span class='ocrx_word' id='word_1_597' title='bbox 1360 930 1483 958; x_wconf 84' lang='lat' dir='ltr'>Verbum</span> <span class='ocrx_word' id='word_1_598' title='bbox 1505 930 1685 964; x_wconf 76' lang='lat' dir='ltr'>increatum,</span> <span class='ocrx_word' id='word_1_599' title='bbox 1707 930 1781 967; x_wconf 88' lang='lat' dir='ltr'>quod</span> <span class='ocrx_word' id='word_1_600' title='bbox 1809 933 1850 958; x_wconf 87' lang='lat' dir='ltr'>est</span> <span class='ocrx_word' id='word_1_601' title='bbox 1875 930 1998 958; x_wconf 85' lang='lat' dir='ltr'>Verbum</span> <span class='ocrx_word' id='word_1_602' title='bbox 2026 933 2053 958; x_wconf 90' lang='lat' dir='ltr'>et</span> 
     </span>
     <span class='ocr_line' id='line_1_87' title="bbox 1204 976 2053 1014; baseline -0.001 -9"><span class='ocrx_word' id='word_1_603' title='bbox 1204 977 1334 1013; x_wconf 87' lang='lat' dir='ltr'>splendor</span> <span class='ocrx_word' id='word_1_604' title='bbox 1355 976 1443 1005; x_wconf 84' lang='lat' dir='ltr'>Patris</span> <span class='ocrx_word' id='word_1_605' title='bbox 1454 977 1474 1010; x_wconf 81' lang='lat'>⁶,</span> <span class='ocrx_word' id='word_1_606' title='bbox 1497 980 1643 1014; x_wconf 86' lang='lat' dir='ltr'>recuperat</span> <span class='ocrx_word' id='word_1_607' title='bbox 1664 977 1835 1014; x_wconf 80' lang='lat' dir='ltr'>spiritualem</span> <span class='ocrx_word' id='word_1_608' title='bbox 1862 977 2000 1005; x_wconf 74' lang='lat' dir='ltr'>auditum</span> <span class='ocrx_word' id='word_1_609' title='bbox 2027 980 2053 1005; x_wconf 90' lang='lat' dir='ltr'>et</span> 
     </span>
     <span class='ocr_line' id='line_1_88' title="bbox 1206 1023 2053 1061; baseline 0.001 -10"><span class='ocrx_word' id='word_1_610' title='bbox 1206 1023 1317 1057; x_wconf 77' lang='lat' dir='ltr'>visum,</span> <span class='ocrx_word' id='word_1_611' title='bbox 1339 1023 1477 1052; x_wconf 69' lang='lat' dir='ltr'>austitum</span> <span class='ocrx_word' id='word_1_612' title='bbox 1497 1024 1530 1052; x_wconf 82' lang='lat' dir='ltr'>ad</span> <span class='ocrx_word' id='word_1_613' title='bbox 1552 1023 1757 1061; x_wconf 84' lang='lat' dir='ltr'>suscipiendum</span> <span class='ocrx_word' id='word_1_614' title='bbox 1773 1023 1874 1054; x_wconf 90' lang='lat' dir='ltr'>Christi</span> <span class='ocrx_word' id='word_1_615' title='bbox 1896 1031 2053 1057; x_wconf 88' lang='lat' dir='ltr'>sermones,</span> 
     </span>
     <span class='ocr_line' id='line_1_89' title="bbox 1206 1070 2053 1107; baseline 0.001 -10"><span class='ocrx_word' id='word_1_616' title='bbox 1206 1070 1301 1098; x_wconf 73' lang='lat' dir='ltr'>visum</span> <span class='ocrx_word' id='word_1_617' title='bbox 1315 1070 1348 1098; x_wconf 83' lang='lat' dir='ltr'>ad</span> <span class='ocrx_word' id='word_1_618' title='bbox 1371 1070 1601 1099; x_wconf 82' lang='lat' dir='ltr'>considerandum</span> <span class='ocrx_word' id='word_1_619' title='bbox 1617 1071 1691 1099; x_wconf 91' lang='lat' dir='ltr'>illius</span> <span class='ocrx_word' id='word_1_620' title='bbox 1706 1071 1775 1099; x_wconf 87' lang='lat' dir='ltr'>lucis</span> <span class='ocrx_word' id='word_1_621' title='bbox 1796 1070 1965 1107; x_wconf 87' lang='lat' dir='ltr'>splendores.</span> <span class='ocrx_word' id='word_1_622' title='bbox 1982 1070 2053 1099; x_wconf 90' lang='lat' dir='ltr'>Dum</span> 
     </span>
     <span class='ocr_line' id='line_1_90' title="bbox 1204 1117 2053 1154; baseline 0 -9"><span class='ocrx_word' id='word_1_623' title='bbox 1204 1120 1297 1145; x_wconf 86' lang='lat' dir='ltr'>autem</span> <span class='ocrx_word' id='word_1_624' title='bbox 1318 1125 1367 1153; x_wconf 76' lang='lat' dir='ltr'>spe</span> <span class='ocrx_word' id='word_1_625' title='bbox 1388 1117 1510 1154; x_wconf 88' lang='lat' dir='ltr'>suspirat</span> <span class='ocrx_word' id='word_1_626' title='bbox 1530 1117 1564 1146; x_wconf 83' lang='lat' dir='ltr'>ad</span> <span class='ocrx_word' id='word_1_627' title='bbox 1585 1118 1792 1154; x_wconf 89' lang='lat' dir='ltr'>suscipiendum</span> <span class='ocrx_word' id='word_1_628' title='bbox 1818 1118 1941 1146; x_wconf 87' lang='lat' dir='ltr'>Verbum</span> <span class='ocrx_word' id='word_1_629' title='bbox 1962 1117 2053 1154; x_wconf 66' lang='lat' dir='ltr'>ins-pi-</span> 
     </span>
     <span class='ocr_line' id='line_1_91' title="bbox 1204 1164 2054 1202; baseline 0 -10"><span class='ocrx_word' id='word_1_630' title='bbox 1204 1167 1322 1197; x_wconf 70' lang='lat' dir='ltr'>ratam,</span> <span class='ocrx_word' id='word_1_631' title='bbox 1345 1172 1394 1200; x_wconf 85' lang='lat' dir='ltr'>per</span> <span class='ocrx_word' id='word_1_632' title='bbox 1414 1164 1581 1193; x_wconf 83' lang='lat' dir='ltr'>desiderium</span> <span class='ocrx_word' id='word_1_633' title='bbox 1603 1168 1630 1194; x_wconf 92' lang='lat' dir='ltr'>et</span> <span class='ocrx_word' id='word_1_634' title='bbox 1650 1165 1778 1194; x_wconf 76' lang='lat' dir='ltr'>affectum</span> <span class='ocrx_word' id='word_1_635' title='bbox 1801 1168 1948 1202; x_wconf 89' lang='lat' dir='ltr'>recuperat</span> <span class='ocrx_word' id='word_1_636' title='bbox 1973 1164 2054 1201; x_wconf 90' lang='lat' dir='ltr'>spiri-</span> 
     </span>
     <span class='ocr_line' id='line_1_92' title="bbox 1204 1205 2052 1249; baseline 0.002 -11"><span class='ocrx_word' id='word_1_637' title='bbox 1204 1211 1306 1239; x_wconf 86' lang='lat' dir='ltr'>tualem</span> <span class='ocrx_word' id='word_1_638' title='bbox 1322 1210 1471 1248; x_wconf 75' lang='lat' dir='ltr'>olfactum.</span> <span class='ocrx_word' id='word_1_639' title='bbox 1488 1212 1559 1240; x_wconf 90' lang='lat' dir='ltr'>Dum</span> <span class='ocrx_word' id='word_1_640' title='bbox 1577 1212 1700 1240; x_wconf 74' lang='lat' dir='ltr'>caritate</span> <span class='ocrx_word' id='word_1_641' title='bbox 1721 1205 1915 1249; x_wconf 74' lang='lat' dir='ltr'>complectitur</span> <span class='ocrx_word' id='word_1_642' title='bbox 1931 1212 2052 1240; x_wconf 84' lang='lat' dir='ltr'>Verbum</span> 
     </span>
     <span class='ocr_line' id='line_1_93' title="bbox 1205 1258 2054 1295; baseline 0.001 -10"><span class='ocrx_word' id='word_1_643' title='bbox 1205 1258 1413 1291; x_wconf 70' lang='lat' dir='ltr'>incarnatmn,</span> <span class='ocrx_word' id='word_1_644' title='bbox 1434 1261 1466 1286; x_wconf 90' lang='lat' dir='ltr'>ut</span> <span class='ocrx_word' id='word_1_645' title='bbox 1487 1259 1639 1295; x_wconf 83' lang='lat' dir='ltr'>suscipiens</span> <span class='ocrx_word' id='word_1_646' title='bbox 1659 1259 1694 1287; x_wconf 85' lang='lat' dir='ltr'>ab</span> <span class='ocrx_word' id='word_1_647' title='bbox 1715 1259 1774 1295; x_wconf 82' lang='lat' dir='ltr'>ipso</span> <span class='ocrx_word' id='word_1_648' title='bbox 1794 1259 2003 1288; x_wconf 85' lang='lat' dir='ltr'>delectationem</span> <span class='ocrx_word' id='word_1_649' title='bbox 2027 1261 2054 1287; x_wconf 91' lang='lat' dir='ltr'>et</span> 
     </span>
     <span class='ocr_line' id='line_1_94' title="bbox 1205 1304 2054 1342; baseline 0.002 -10"><span class='ocrx_word' id='word_1_650' title='bbox 1205 1308 1236 1333; x_wconf 89' lang='lat' dir='ltr'>ut</span> <span class='ocrx_word' id='word_1_651' title='bbox 1251 1304 1388 1333; x_wconf 87' lang='lat' dir='ltr'>transiens</span> <span class='ocrx_word' id='word_1_652' title='bbox 1403 1304 1429 1332; x_wconf 95' lang='lat' dir='ltr'>in</span> <span class='ocrx_word' id='word_1_653' title='bbox 1446 1305 1512 1333; x_wconf 87' lang='lat' dir='ltr'>illud</span> <span class='ocrx_word' id='word_1_654' title='bbox 1535 1314 1584 1341; x_wconf 79' lang='lat' dir='ltr'>per</span> <span class='ocrx_word' id='word_1_655' title='bbox 1605 1305 1765 1334; x_wconf 86' lang='lat' dir='ltr'>ecstaticum</span> <span class='ocrx_word' id='word_1_656' title='bbox 1783 1314 1923 1339; x_wconf 82' lang='lat' dir='ltr'>amorem,</span> <span class='ocrx_word' id='word_1_657' title='bbox 1939 1313 2054 1342; x_wconf 87' lang='lat' dir='ltr'>recupe-</span> 
     </span>
     <span class='ocr_line' id='line_1_95' title="bbox 1205 1352 2053 1388; baseline 0.002 -10"><span class='ocrx_word' id='word_1_658' title='bbox 1205 1354 1247 1379; x_wconf 86' lang='lat' dir='ltr'>rat</span> <span class='ocrx_word' id='word_1_659' title='bbox 1267 1355 1387 1388; x_wconf 68' lang='lat' dir='ltr'>qustum</span> <span class='ocrx_word' id='word_1_660' title='bbox 1409 1354 1436 1379; x_wconf 87' lang='lat' dir='ltr'>et</span> <span class='ocrx_word' id='word_1_661' title='bbox 1458 1355 1575 1380; x_wconf 65' lang='lat' dir='ltr'>tactum.</span> <span class='ocrx_word' id='word_1_662' title='bbox 1599 1352 1706 1388; x_wconf 86' lang='lat' dir='ltr'>Quibus</span> <span class='ocrx_word' id='word_1_663' title='bbox 1728 1352 1855 1381; x_wconf 86' lang='lat' dir='ltr'>sensibus</span> <span class='ocrx_word' id='word_1_664' title='bbox 1870 1352 2053 1388; x_wconf 82' lang='lat' dir='ltr'>recuperatis,</span> 
     </span>
     <span class='ocr_line' id='line_1_96' title="bbox 1203 1399 2055 1436; baseline 0.001 -10"><span class='ocrx_word' id='word_1_665' title='bbox 1203 1399 1270 1427; x_wconf 84' lang='lat' dir='ltr'>duni</span> <span class='ocrx_word' id='word_1_666' title='bbox 1286 1406 1418 1435; x_wconf 83' lang='lat' dir='ltr'>sponsum</span> <span class='ocrx_word' id='word_1_667' title='bbox 1440 1406 1522 1426; x_wconf 88' lang='lat' dir='ltr'>suum</span> <span class='ocrx_word' id='word_1_668' title='bbox 1539 1399 1612 1427; x_wconf 83' lang='lat' dir='ltr'>videt</span> <span class='ocrx_word' id='word_1_669' title='bbox 1632 1403 1659 1427; x_wconf 91' lang='lat' dir='ltr'>et</span> <span class='ocrx_word' id='word_1_670' title='bbox 1677 1399 1769 1433; x_wconf 87' lang='lat' dir='ltr'>audit,</span> <span class='ocrx_word' id='word_1_671' title='bbox 1791 1399 1937 1433; x_wconf 87' lang='lat' dir='ltr'>odoratur,</span> <span class='ocrx_word' id='word_1_672' title='bbox 1963 1402 2055 1436; x_wconf 79' lang='lat' dir='ltr'>gustat</span> 
     </span>
     <span class='ocr_line' id='line_1_97' title="bbox 1204 1444 2056 1482; baseline 0.001 -9"><span class='ocrx_word' id='word_1_673' title='bbox 1204 1448 1231 1473; x_wconf 88' lang='lat' dir='ltr'>et</span> <span class='ocrx_word' id='word_1_674' title='bbox 1245 1445 1432 1481; x_wconf 79' lang='lat' dir='ltr'>amplexatur,</span> <span class='ocrx_word' id='word_1_675' title='bbox 1447 1444 1592 1473; x_wconf 75' lang='lat' dir='ltr'>decantare</span> <span class='ocrx_word' id='word_1_676' title='bbox 1615 1449 1704 1482; x_wconf 84' lang='lat' dir='ltr'>potest</span> <span class='ocrx_word' id='word_1_677' title='bbox 1723 1449 1853 1482; x_wconf 87' lang='lat' dir='ltr'>tanquam</span> <span class='ocrx_word' id='word_1_678' title='bbox 1873 1454 1973 1482; x_wconf 86' lang='lat' dir='ltr'>sponsa</span> <span class='ocrx_word' id='word_1_679' title='bbox 1987 1445 2056 1474; x_wconf 81' lang='lat' dir='ltr'>Can-</span> 
     </span>
     <span class='ocr_line' id='line_1_98' title="bbox 1205 1491 2054 1528; baseline 0.001 -9"><span class='ocrx_word' id='word_1_680' title='bbox 1205 1492 1289 1520; x_wconf 87' lang='lat' dir='ltr'>ticum</span> <span class='ocrx_word' id='word_1_681' title='bbox 1312 1491 1498 1525; x_wconf 83' lang='lat' dir='ltr'>canticorum,</span> <span class='ocrx_word' id='word_1_682' title='bbox 1520 1492 1593 1528; x_wconf 85' lang='lat' dir='ltr'>quod</span> <span class='ocrx_word' id='word_1_683' title='bbox 1622 1492 1725 1520; x_wconf 85' lang='lat' dir='ltr'>sactum</span> <span class='ocrx_word' id='word_1_684' title='bbox 1747 1493 1799 1520; x_wconf 83' lang='lat' dir='ltr'>suit</span> <span class='ocrx_word' id='word_1_685' title='bbox 1825 1493 1859 1521; x_wconf 83' lang='lat' dir='ltr'>ad</span> <span class='ocrx_word' id='word_1_686' title='bbox 1888 1492 2054 1521; x_wconf 80' lang='lat' dir='ltr'>exercitium</span> 
     </span>
     <span class='ocr_line' id='line_1_99' title="bbox 1205 1538 2054 1576; baseline 0.001 -10"><span class='ocrx_word' id='word_1_687' title='bbox 1205 1538 1443 1574; x_wconf 82' lang='lat' dir='ltr'>contemplationis</span> <span class='ocrx_word' id='word_1_688' title='bbox 1474 1539 1626 1566; x_wconf 83' lang='lat' dir='ltr'>secuudum</span> <span class='ocrx_word' id='word_1_689' title='bbox 1660 1539 1734 1567; x_wconf 89' lang='lat' dir='ltr'>hunc</span> <span class='ocrx_word' id='word_1_690' title='bbox 1762 1543 1895 1576; x_wconf 87' lang='lat' dir='ltr'>quartum</span> <span class='ocrx_word' id='word_1_691' title='bbox 1924 1539 2054 1575; x_wconf 72' lang='lat' dir='ltr'>gradum,</span> 
     </span>
     <span class='ocr_line' id='line_1_100' title="bbox 1205 1585 2055 1622; baseline 0.001 -9"><span class='ocrx_word' id='word_1_692' title='bbox 1205 1592 1287 1621; x_wconf 89' lang='lat' dir='ltr'>quem</span> <span class='ocrx_word' id='word_1_693' title='bbox 1302 1593 1384 1612; x_wconf 74' lang='lat' dir='ltr'>nemo</span> <span class='ocrx_word' id='word_1_694' title='bbox 1399 1585 1486 1621; x_wconf 83' lang='lat' dir='ltr'>capit,</span> <span class='ocrx_word' id='word_1_695' title='bbox 1504 1585 1561 1612; x_wconf 66' lang='lat' dir='ltr'>nisi</span> <span class='ocrx_word' id='word_1_696' title='bbox 1575 1585 1626 1622; x_wconf 78' lang='lat' dir='ltr'>qui</span> <span class='ocrx_word' id='word_1_697' title='bbox 1640 1585 1775 1622; x_wconf 64' lang='lat' dir='ltr'>uccipiffl,</span> <span class='ocrx_word' id='word_1_698' title='bbox 1791 1586 1856 1622; x_wconf 84' lang='lat' dir='ltr'>quia</span> <span class='ocrx_word' id='word_1_699' title='bbox 1870 1586 1957 1622; x_wconf 69' lang='lat' dir='ltr'>inagis</span> <span class='ocrx_word' id='word_1_700' title='bbox 1972 1588 2013 1614; x_wconf 87' lang='lat' dir='ltr'>est</span> <span class='ocrx_word' id='word_1_701' title='bbox 2027 1585 2055 1613; x_wconf 90' lang='lat' dir='ltr'>in</span> 
     </span>
     <span class='ocr_line' id='line_1_101' title="bbox 1205 1630 2056 1668; baseline 0.001 -9"><span class='ocrx_word' id='word_1_702' title='bbox 1205 1630 1378 1667; x_wconf 79' lang='lat' dir='ltr'>experientia</span> <span class='ocrx_word' id='word_1_703' title='bbox 1403 1631 1539 1659; x_wconf 76' lang='lat' dir='ltr'>affectuali</span> <span class='ocrx_word' id='word_1_704' title='bbox 1562 1639 1645 1668; x_wconf 77' lang='lat' dir='ltr'>quain</span> <span class='ocrx_word' id='word_1_705' title='bbox 1675 1631 1700 1659; x_wconf 93' lang='lat' dir='ltr'>in</span> <span class='ocrx_word' id='word_1_706' title='bbox 1726 1632 1945 1661; x_wconf 82' lang='lat' dir='ltr'>consideratione</span> <span class='ocrx_word' id='word_1_707' title='bbox 1973 1632 2056 1660; x_wconf 88' lang='lat' dir='ltr'>ratio-</span> 
     </span>
     <span class='ocr_line' id='line_1_102' title="bbox 1206 1677 2056 1715; baseline 0.004 -11"><span class='ocrx_word' id='word_1_708' title='bbox 1206 1677 1268 1705; x_wconf 87' lang='lat' dir='ltr'>nali.</span> <span class='ocrx_word' id='word_1_709' title='bbox 1292 1677 1320 1705; x_wconf 93' lang='lat' dir='ltr'>ln</span> <span class='ocrx_word' id='word_1_710' title='bbox 1342 1677 1394 1705; x_wconf 89' lang='lat' dir='ltr'>hoc</span> <span class='ocrx_word' id='word_1_711' title='bbox 1415 1686 1535 1714; x_wconf 84' lang='lat' dir='ltr'>namque</span> <span class='ocrx_word' id='word_1_712' title='bbox 1560 1678 1664 1715; x_wconf 81' lang='lat' dir='ltr'>gradu,</span> <span class='ocrx_word' id='word_1_713' title='bbox 1687 1678 1843 1715; x_wconf 75' lang='lat' dir='ltr'>reparatis⁸</span> <span class='ocrx_word' id='word_1_714' title='bbox 1866 1680 1993 1707; x_wconf 87' lang='lat' dir='ltr'>sensibus</span> <span class='ocrx_word' id='word_1_715' title='bbox 2015 1679 2056 1707; x_wconf 85' lang='grc'><strong>111-</strong></span> 
     </span>
     <span class='ocr_line' id='line_1_103' title="bbox 1206 1724 2056 1762; baseline 0.002 -10"><span class='ocrx_word' id='word_1_716' title='bbox 1206 1724 1356 1753; x_wconf 87' lang='lat' dir='ltr'>terioribus</span> <span class='ocrx_word' id='word_1_717' title='bbox 1383 1724 1416 1752; x_wconf 90' lang='lat' dir='ltr'>ad</span> <span class='ocrx_word' id='word_1_718' title='bbox 1445 1724 1617 1756; x_wconf 85' lang='lat' dir='ltr'>sentiendum</span> <span class='ocrx_word' id='word_1_719' title='bbox 1640 1733 1749 1753; x_wconf 87' lang='lat' dir='ltr'>sumine</span> <span class='ocrx_word' id='word_1_720' title='bbox 1771 1725 2056 1762; x_wconf 84' lang='lat' dir='ltr'>pulcrum,·audien-</span> 
     </span>
     <span class='ocr_line' id='line_1_104' title="bbox 1205 1771 2056 1805; baseline 0 -5"><span class='ocrx_word' id='word_1_721' title='bbox 1205 1771 1271 1800; x_wconf 87' lang='lat' dir='ltr'>dum</span> <span class='ocrx_word' id='word_1_722' title='bbox 1291 1779 1399 1800; x_wconf 89' lang='lat' dir='ltr'>summe</span> <span class='ocrx_word' id='word_1_723' title='bbox 1418 1772 1624 1805; x_wconf 85' lang='lat' dir='ltr'>harmonicum,</span> <span class='ocrx_word' id='word_1_724' title='bbox 1643 1771 1814 1800; x_wconf 84' lang='lat' dir='ltr'>odorandum</span> <span class='ocrx_word' id='word_1_725' title='bbox 1837 1780 1944 1800; x_wconf 86' lang='lat' dir='ltr'>summe</span> <span class='ocrx_word' id='word_1_726' title='bbox 1965 1772 2056 1801; x_wconf 90' lang='lat' dir='ltr'>odori-</span> 
     </span>
     <span class='ocr_line' id='line_1_105' title="bbox 1206 1818 2055 1855; baseline 0.001 -9"><span class='ocrx_word' id='word_1_727' title='bbox 1206 1818 1309 1852; x_wconf 80' lang='lat' dir='ltr'>ferum,</span> <span class='ocrx_word' id='word_1_728' title='bbox 1324 1818 1527 1855; x_wconf 82' lang='lat' dir='ltr'>degustandum</span> <span class='ocrx_word' id='word_1_729' title='bbox 1549 1826 1657 1847; x_wconf 84' lang='lat' dir='ltr'>sumine</span> <span class='ocrx_word' id='word_1_730' title='bbox 1678 1827 1776 1853; x_wconf 83' lang='lat' dir='ltr'>suave,</span> <span class='ocrx_word' id='word_1_731' title='bbox 1791 1819 2055 1855; x_wconf 82' lang='lat' dir='ltr'>apprehendendum</span> 
     </span>
     <span class='ocr_line' id='line_1_106' title="bbox 1206 1865 2057 1902; baseline 0 -8"><span class='ocrx_word' id='word_1_732' title='bbox 1206 1874 1315 1894; x_wconf 86' lang='lat' dir='ltr'>summe</span> <span class='ocrx_word' id='word_1_733' title='bbox 1342 1865 1519 1899; x_wconf 83' lang='lat' dir='ltr'>delectabile,</span> <span class='ocrx_word' id='word_1_734' title='bbox 1551 1865 1707 1902; x_wconf 88' lang='lat' dir='ltr'>disponitur</span> <span class='ocrx_word' id='word_1_735' title='bbox 1738 1865 1829 1894; x_wconf 86' lang='lat' dir='ltr'>anima</span> <span class='ocrx_word' id='word_1_736' title='bbox 1859 1866 1893 1894; x_wconf 80' lang='lat' dir='ltr'>ad</span> <span class='ocrx_word' id='word_1_737' title='bbox 1924 1866 2057 1895; x_wconf 85' lang='lat' dir='ltr'>mentales</span> 
     </span>
     <span class='ocr_line' id='line_1_107' title="bbox 1206 1912 2057 1949; baseline 0 -8"><span class='ocrx_word' id='word_1_738' title='bbox 1206 1920 1355 1946; x_wconf 80' lang='lat' dir='ltr'>excessus,</span> <span class='ocrx_word' id='word_1_739' title='bbox 1377 1912 1480 1941; x_wconf 89' lang='lat' dir='ltr'>scilicet</span> <span class='ocrx_word' id='word_1_740' title='bbox 1501 1921 1551 1949; x_wconf 89' lang='lat' dir='ltr'>per</span> <span class='ocrx_word' id='word_1_741' title='bbox 1572 1913 1762 1947; x_wconf 63' lang='lat' dir='ltr'>devotionem,</span> <span class='ocrx_word' id='word_1_742' title='bbox 1785 1913 2012 1941; x_wconf 71' lang='lat' dir='ltr'>admiratimzmn</span> <span class='ocrx_word' id='word_1_743' title='bbox 2030 1916 2057 1942; x_wconf 87' lang='lat' dir='ltr'>et</span> 
     </span>
     <span class='ocr_line' id='line_1_108' title="bbox 1205 1959 2056 1994; baseline 0.001 -7"><span class='ocrx_word' id='word_1_744' title='bbox 1205 1959 1443 1993; x_wconf 63' lang='lat' dir='ltr'>exsultationem,</span> <span class='ocrx_word' id='word_1_745' title='bbox 1472 1959 1625 1988; x_wconf 85' lang='lat' dir='ltr'>secundum</span> <span class='ocrx_word' id='word_1_746' title='bbox 1654 1959 1714 1988; x_wconf 85' lang='lat' dir='ltr'>illas</span> <span class='ocrx_word' id='word_1_747' title='bbox 1740 1962 1796 1988; x_wconf 92' lang='lat' dir='ltr'>tres</span> <span class='ocrx_word' id='word_1_748' title='bbox 1824 1960 2056 1994; x_wconf 83' lang='lat' dir='ltr'>exclamationes,</span> 
     </span>
     <span class='ocr_line' id='line_1_109' title="bbox 1206 2006 2069 2044; baseline -0.001 -9"><span class='ocrx_word' id='word_1_749' title='bbox 1206 2015 1278 2044; x_wconf 85' lang='lat' dir='ltr'>quae</span> <span class='ocrx_word' id='word_1_750' title='bbox 1299 2006 1371 2035; x_wconf 82' lang='lat' dir='ltr'>siunt</span> <span class='ocrx_word' id='word_1_751' title='bbox 1392 2007 1419 2034; x_wconf 93' lang='lat' dir='ltr'>in</span> <span class='ocrx_word' id='word_1_752' title='bbox 1434 2006 1552 2035; x_wconf 81' lang='lat' dir='ltr'>Canticis</span> <span class='ocrx_word' id='word_1_753' title='bbox 1573 2006 1753 2035; x_wconf 85' lang='lat' dir='ltr'>canticorum.</span> <span class='ocrx_word' id='word_1_754' title='bbox 1773 2007 1898 2042; x_wconf 82' lang='lat' dir='ltr'>Quarum</span> <span class='ocrx_word' id='word_1_755' title='bbox 1921 2006 2012 2043; x_wconf 87' lang='lat' dir='ltr'>prima</span> <span class='ocrx_word' id='word_1_756' title='bbox 2025 2006 2069 2035; x_wconf 72' lang='lat' dir='ltr'>lit‘</span> 
     </span>
     <span class='ocr_line' id='line_1_110' title="bbox 1207 2053 2058 2090; baseline 0 -9"><span class='ocrx_word' id='word_1_757' title='bbox 1207 2061 1257 2090; x_wconf 90' lang='lat' dir='ltr'>per</span> <span class='ocrx_word' id='word_1_758' title='bbox 1288 2053 1486 2081; x_wconf 85' lang='lat' dir='ltr'>abundantiam</span> <span class='ocrx_word' id='word_1_759' title='bbox 1517 2053 1688 2087; x_wconf 78' lang='lat' dir='ltr'>devotionis,</span> <span class='ocrx_word' id='word_1_760' title='bbox 1720 2061 1770 2089; x_wconf 89' lang='lat' dir='ltr'>per</span> <span class='ocrx_word' id='word_1_761' title='bbox 1792 2061 1885 2090; x_wconf 55' lang='lat' dir='ltr'>‘quam</span> <span class='ocrx_word' id='word_1_762' title='bbox 1914 2053 1945 2081; x_wconf 84' lang='lat' dir='ltr'>fit</span> <span class='ocrx_word' id='word_1_763' title='bbox 1966 2053 2058 2081; x_wconf 87' lang='lat' dir='ltr'>anima</span> 
     </span>
     <span class='ocr_line' id='line_1_111' title="bbox 1206 2098 2057 2137; baseline 0.001 -11"><span class='ocrx_word' id='word_1_764' title='bbox 1206 2099 1282 2126; x_wconf 74' lang='lat' dir='ltr'>sieut</span> <span class='ocrx_word' id='word_1_765' title='bbox 1303 2098 1423 2136; x_wconf 59' lang='lat' dir='ltr'>virgula</span> <span class='ocrx_word' id='word_1_766' title='bbox 1443 2098 1523 2135; x_wconf 74' lang='lat' dir='ltr'>sitini</span> <span class='ocrx_word' id='word_1_767' title='bbox 1543 2108 1577 2127; x_wconf 66' lang='lat' dir='ltr'>ex</span> <span class='ocrx_word' id='word_1_768' title='bbox 1598 2099 1783 2128; x_wconf 68' lang='lat' dir='ltr'>aromatibus·</span> <span class='ocrx_word' id='word_1_769' title='bbox 1797 2098 1940 2137; x_wconf 70' lang='lat' dir='ltr'>myrrhae</span> <span class='ocrx_word' id='word_1_770' title='bbox 1953 2103 1978 2128; x_wconf 80' lang='lat' dir='ltr'>et</span> <span class='ocrx_word' id='word_1_771' title='bbox 1993 2098 2057 2127; x_wconf 75' lang='lat' dir='ltr'>cltu-</span> 
     </span>
     <span class='ocr_line' id='line_1_112' title="bbox 1208 2145 2057 2183; baseline -0.001 -9"><span class='ocrx_word' id='word_1_772' title='bbox 1208 2146 1289 2179; x_wconf 47' lang='grc' dir='ltr'>φής’-ξ</span> <span class='ocrx_word' id='word_1_773' title='bbox 1316 2145 1438 2174; x_wconf 82' lang='lat' dir='ltr'>secunda</span> <span class='ocrx_word' id='word_1_774' title='bbox 1465 2153 1514 2182; x_wconf 87' lang='lat' dir='ltr'>per</span> <span class='ocrx_word' id='word_1_775' title='bbox 1543 2146 1735 2174; x_wconf 79' lang='lat' dir='ltr'>excellentiam</span> <span class='ocrx_word' id='word_1_776' title='bbox 1763 2145 1984 2179; x_wconf 76' lang='lat' dir='ltr'>admirationis,</span> <span class='ocrx_word' id='word_1_777' title='bbox 2007 2153 2057 2183; x_wconf 91' lang='lat' dir='ltr'>per</span> 
     </span>
    </p>
   </div>
   <div class='ocr_carea' id='block_1_25' title="bbox 1207 2317 2057 2504">
    <p class='ocr_par' dir='ltr' id='par_1_29' title="bbox 1207 2317 2057 2504">
     <span class='ocr_line' id='line_1_113' title="bbox 1208 2317 2056 2348; baseline -0.002 -7"><span class='ocrx_word' id='word_1_778' title='bbox 1208 2323 1281 2348; x_wconf 82' lang='lat' dir='ltr'>gust.,</span> <span class='ocrx_word' id='word_1_779' title='bbox 1299 2320 1354 2341; x_wconf 84' lang='lat' dir='ltr'>Vlll.</span> <span class='ocrx_word' id='word_1_780' title='bbox 1371 2320 1401 2341; x_wconf 83' lang='lat' dir='ltr'>de</span> <span class='ocrx_word' id='word_1_781' title='bbox 1423 2320 1479 2341; x_wconf 73' lang='lat' dir='ltr'>(jen.</span> <span class='ocrx_word' id='word_1_782' title='bbox 1496 2319 1525 2341; x_wconf 84' lang='lat' dir='ltr'>ad</span> <span class='ocrx_word' id='word_1_783' title='bbox 1548 2319 1578 2341; x_wconf 88' lang='lat' dir='ltr'>lit.</span> <span class='ocrx_word' id='word_1_784' title='bbox 1596 2326 1616 2340; x_wconf 89' lang='grc'>1-.</span> <span class='ocrx_word' id='word_1_785' title='bbox 1634 2319 1656 2340; x_wconf 91' lang='lat'>5.</span> <span class='ocrx_word' id='word_1_786' title='bbox 1678 2325 1702 2340; x_wconf 94' lang='grc'>11.</span> <span class='ocrx_word' id='word_1_787' title='bbox 1719 2319 1746 2345; x_wconf 77' lang='lat' dir='ltr'>t),</span> <span class='ocrx_word' id='word_1_788' title='bbox 1764 2317 1805 2340; x_wconf 83' lang='lat' dir='ltr'>ait:</span> <span class='ocrx_word' id='word_1_789' title='bbox 1832 2317 1868 2339; x_wconf 83' lang='lat' dir='ltr'>Sic</span> <span class='ocrx_word' id='word_1_790' title='bbox 1893 2320 1915 2339; x_wconf 88' lang='lat' dir='ltr'>et</span> <span class='ocrx_word' id='word_1_791' title='bbox 1941 2317 2056 2345; x_wconf 78' lang='lat' dir='ltr'>Sapientia</span> 
     </span>
     <span class='ocr_line' id='line_1_114' title="bbox 1208 2356 2057 2388; baseline -0.004 -8"><span class='ocrx_word' id='word_1_792' title='bbox 1208 2358 1289 2388; x_wconf 69' lang='lat' dir='ltr'>[l‘rox.</span> <span class='ocrx_word' id='word_1_793' title='bbox 1307 2359 1332 2384; x_wconf 82' lang='lat'>3,</span> <span class='ocrx_word' id='word_1_794' title='bbox 1353 2357 1411 2387; x_wconf 74' lang='lat'>¹8.]‚</span> <span class='ocrx_word' id='word_1_795' title='bbox 1430 2358 1491 2380; x_wconf 91' lang='lat' dir='ltr'>idem</span> <span class='ocrx_word' id='word_1_796' title='bbox 1515 2358 1564 2386; x_wconf 76' lang='lat' dir='ltr'>ipse</span> <span class='ocrx_word' id='word_1_797' title='bbox 1580 2357 1696 2384; x_wconf 87' lang='lat' dir='ltr'>Christus,</span> <span class='ocrx_word' id='word_1_798' title='bbox 1715 2357 1804 2385; x_wconf 78' lang='lat' dir='ltr'>liguum</span> <span class='ocrx_word' id='word_1_799' title='bbox 1824 2357 1884 2378; x_wconf 65' lang='lat' dir='ltr'>xime</span> <span class='ocrx_word' id='word_1_800' title='bbox 1901 2359 1936 2378; x_wconf 83' lang='lat' dir='ltr'>cst</span> <span class='ocrx_word' id='word_1_801' title='bbox 1953 2356 1976 2378; x_wconf 87' lang='lat' dir='ltr'>in</span> <span class='ocrx_word' id='word_1_802' title='bbox 1993 2362 2057 2384; x_wconf 88' lang='lat' dir='ltr'>para-</span> 
     </span>
     <span class='ocr_line' id='line_1_115' title="bbox 1208 2396 2057 2426; baseline -0.002 -6"><span class='ocrx_word' id='word_1_803' title='bbox 1208 2398 1258 2420; x_wconf 88' lang='lat' dir='ltr'>diso</span> <span class='ocrx_word' id='word_1_804' title='bbox 1276 2398 1386 2426; x_wconf 83' lang='lat' dir='ltr'>spirituali</span> <span class='ocrx_word' id='word_1_805' title='bbox 1405 2400 1448 2419; x_wconf 80' lang='lat' dir='ltr'>etc.</span> <span class='ocrx_word' id='word_1_806' title='bbox 1464 2397 1510 2420; x_wconf 84' lang='lat' dir='ltr'>Ctr.</span> <span class='ocrx_word' id='word_1_807' title='bbox 1522 2398 1578 2420; x_wconf 78' lang='lat' dir='ltr'>Xlll.</span> <span class='ocrx_word' id='word_1_808' title='bbox 1596 2398 1625 2419; x_wconf 91' lang='lat' dir='ltr'>de</span> <span class='ocrx_word' id='word_1_809' title='bbox 1641 2397 1692 2420; x_wconf 60' lang='lat' dir='ltr'>Cir.</span> <span class='ocrx_word' id='word_1_810' title='bbox 1708 2397 1762 2423; x_wconf 82' lang='lat' dir='ltr'>Dei,</span> <span class='ocrx_word' id='word_1_811' title='bbox 1780 2402 1800 2418; x_wconf 92' lang='lat' dir='ltr'>c.</span> <span class='ocrx_word' id='word_1_812' title='bbox 1818 2397 1854 2418; x_wconf 79' lang='lat'>20.</span> <span class='ocrx_word' id='word_1_813' title='bbox 1872 2399 1894 2418; x_wconf 88' lang='lat' dir='ltr'>et</span> <span class='ocrx_word' id='word_1_814' title='bbox 1911 2396 1964 2419; x_wconf 80' lang='lat' dir='ltr'>XX.</span> <span class='ocrx_word' id='word_1_815' title='bbox 1981 2401 2002 2418; x_wconf 92' lang='lat' dir='ltr'>c.</span> <span class='ocrx_word' id='word_1_816' title='bbox 2019 2396 2057 2418; x_wconf 82' lang='lat'>26.</span> 
     </span>
     <span class='ocr_line' id='line_1_116' title="bbox 1207 2435 2055 2466; baseline -0.004 -7"><span class='ocrx_word' id='word_1_817' title='bbox 1207 2443 1231 2459; x_wconf 90' lang='lat' dir='ltr'>n.</span> <span class='ocrx_word' id='word_1_818' title='bbox 1249 2438 1270 2459; x_wconf 76' lang='lat'>2.</span> <span class='ocrx_word' id='word_1_819' title='bbox 1287 2449 1318 2453; x_wconf 97' lang='lat'><strong>—</strong></span> <span class='ocrx_word' id='word_1_820' title='bbox 1327 2437 1385 2459; x_wconf 84' lang='lat' dir='ltr'>lnl&#39;ra</span> <span class='ocrx_word' id='word_1_821' title='bbox 1393 2439 1445 2464; x_wconf 85' lang='lat' dir='ltr'>post</span> <span class='ocrx_word' id='word_1_822' title='bbox 1459 2436 1681 2466; x_wconf 76' lang='lat' dir='ltr'>appropinquamus</span> <span class='ocrx_word' id='word_1_823' title='bbox 1693 2436 1771 2464; x_wconf 84' lang='lat' dir='ltr'>plures</span> <span class='ocrx_word' id='word_1_824' title='bbox 1785 2435 1853 2457; x_wconf 87' lang='lat' dir='ltr'>codd.</span> <span class='ocrx_word' id='word_1_825' title='bbox 1868 2437 2055 2463; x_wconf 81' lang='lat' dir='ltr'>prosequuntur:</span> 
     </span>
     <span class='ocr_line' id='line_1_117' title="bbox 1208 2474 2056 2504; baseline -0.005 -6"><span class='ocrx_word' id='word_1_826' title='bbox 1208 2475 1256 2498; x_wconf 78' lang='lat' dir='ltr'>nisi</span> <span class='ocrx_word' id='word_1_827' title='bbox 1267 2475 1291 2498; x_wconf 84' lang='lat' dir='ltr'>in</span> <span class='ocrx_word' id='word_1_828' title='bbox 1304 2475 1425 2498; x_wconf 76' lang='lat' dir='ltr'>Christum</span> <span class='ocrx_word' id='word_1_829' title='bbox 1437 2475 1576 2502; x_wconf 75' lang='lat' dir='ltr'>credamus,</span> <span class='ocrx_word' id='word_1_830' title='bbox 1590 2474 1614 2497; x_wconf 83' lang='lat' dir='ltr'>in</span> <span class='ocrx_word' id='word_1_831' title='bbox 1626 2474 1676 2504; x_wconf 78' lang='lat' dir='ltr'>ipso</span> <span class='ocrx_word' id='word_1_832' title='bbox 1692 2480 1815 2504; x_wconf 68' lang='lat' dir='ltr'>speremus</span> <span class='ocrx_word' id='word_1_833' title='bbox 1832 2475 1853 2497; x_wconf 83' lang='lat' dir='ltr'>et</span> <span class='ocrx_word' id='word_1_834' title='bbox 1869 2479 1924 2496; x_wconf 75' lang='lat' dir='ltr'>eum</span> <span class='ocrx_word' id='word_1_835' title='bbox 1940 2478 2056 2495; x_wconf 80' lang='lat' dir='ltr'>amemus.</span> 
     </span>
    </p>
   </div>
   <div class='ocr_carea' id='block_1_26' title="bbox 1209 2513 2056 2622">
    <p class='ocr_par' dir='ltr' id='par_1_30' title="bbox 1209 2513 2056 2622">
     <span class='ocr_line' id='line_1_118' title="bbox 1271 2513 2056 2542; baseline -0.004 -6"><span class='ocrx_word' id='word_1_836' title='bbox 1271 2513 1280 2526; x_wconf 74' lang='lat'><em>⁶</em></span> <span class='ocrx_word' id='word_1_837' title='bbox 1297 2515 1346 2537; x_wconf 88' lang='lat' dir='ltr'>Gal.</span> <span class='ocrx_word' id='word_1_838' title='bbox 1375 2515 1401 2541; x_wconf 76' lang='lat'>4,</span> <span class='ocrx_word' id='word_1_839' title='bbox 1426 2515 1469 2536; x_wconf 76' lang='lat'>26:</span> <span class='ocrx_word' id='word_1_840' title='bbox 1496 2515 1532 2536; x_wconf 84' lang='lat' dir='ltr'>llla</span> <span class='ocrx_word' id='word_1_841' title='bbox 1557 2516 1647 2541; x_wconf 87' lang='lat' dir='ltr'>autem,</span> <span class='ocrx_word' id='word_1_842' title='bbox 1673 2520 1734 2542; x_wconf 85' lang='lat' dir='ltr'>quae</span> <span class='ocrx_word' id='word_1_843' title='bbox 1759 2516 1802 2535; x_wconf 87' lang='lat' dir='ltr'>etc.</span> <span class='ocrx_word' id='word_1_844' title='bbox 1822 2525 1854 2529; x_wconf 97' lang='lat'><strong>—</strong></span> <span class='ocrx_word' id='word_1_845' title='bbox 1870 2513 1920 2535; x_wconf 84' lang='lat' dir='ltr'>Mox</span> <span class='ocrx_word' id='word_1_846' title='bbox 1945 2513 2056 2539; x_wconf 78' lang='lat' dir='ltr'>allegatur</span> 
     </span>
     <span class='ocr_line' id='line_1_119' title="bbox 1209 2551 2056 2581; baseline -0.004 -6"><span class='ocrx_word' id='word_1_847' title='bbox 1209 2554 1271 2576; x_wconf 86' lang='lat' dir='ltr'>loan.</span> <span class='ocrx_word' id='word_1_848' title='bbox 1289 2553 1331 2580; x_wconf 73' lang='lat'>44,</span> <span class='ocrx_word' id='word_1_849' title='bbox 1349 2554 1371 2575; x_wconf 83' lang='lat'>6:</span> <span class='ocrx_word' id='word_1_850' title='bbox 1387 2565 1418 2570; x_wconf 91' lang='lat'>—</span> <span class='ocrx_word' id='word_1_851' title='bbox 1435 2554 1468 2575; x_wconf 88' lang='lat' dir='ltr'>De</span> <span class='ocrx_word' id='word_1_852' title='bbox 1485 2553 1566 2581; x_wconf 72' lang='lat' dir='ltr'>triptici</span> <span class='ocrx_word' id='word_1_853' title='bbox 1590 2556 1649 2575; x_wconf 79' lang='lat' dir='ltr'>statu</span> <span class='ocrx_word' id='word_1_854' title='bbox 1667 2552 1737 2575; x_wconf 84' lang='lat' dir='ltr'>Verbi</span> <span class='ocrx_word' id='word_1_855' title='bbox 1760 2553 1816 2575; x_wconf 77' lang='lat' dir='ltr'>vide</span> <span class='ocrx_word' id='word_1_856' title='bbox 1838 2551 1954 2579; x_wconf 82' lang='lat' dir='ltr'>Breviloq.</span> <span class='ocrx_word' id='word_1_857' title='bbox 1978 2557 2001 2579; x_wconf 82' lang='lat' dir='ltr'>p.</span> <span class='ocrx_word' id='word_1_858' title='bbox 2019 2551 2056 2573; x_wconf 81' lang='lat' dir='ltr'>lv.</span> 
     </span>
     <span class='ocr_line' id='line_1_120' title="bbox 1209 2589 2056 2622; baseline -0.005 -7"><span class='ocrx_word' id='word_1_859' title='bbox 1209 2599 1229 2614; x_wconf 88' lang='lat' dir='ltr'>c.</span> <span class='ocrx_word' id='word_1_860' title='bbox 1259 2593 1278 2614; x_wconf 90' lang='grc'>1.</span> <span class='ocrx_word' id='word_1_861' title='bbox 1303 2593 1325 2615; x_wconf 89' lang='grc'>111</span> <span class='ocrx_word' id='word_1_862' title='bbox 1345 2593 1399 2615; x_wconf 78' lang='lat' dir='ltr'>tine.</span> <span class='ocrx_word' id='word_1_863' title='bbox 1415 2604 1446 2609; x_wconf 94' lang='lat'>—</span> <span class='ocrx_word' id='word_1_864' title='bbox 1464 2593 1575 2620; x_wconf 74' lang='lat' dir='ltr'>Superius</span> <span class='ocrx_word' id='word_1_865' title='bbox 1596 2599 1639 2620; x_wconf 89' lang='lat' dir='ltr'>pro</span> <span class='ocrx_word' id='word_1_866' title='bbox 1658 2591 1804 2622; x_wconf 70' lang='lat' dir='ltr'>purificatur</span> <span class='ocrx_word' id='word_1_867' title='bbox 1825 2591 1841 2613; x_wconf 77' lang='grc' dir='ltr'>Α</span> <span class='ocrx_word' id='word_1_868' title='bbox 1859 2591 1982 2620; x_wconf 67' lang='lat' dir='ltr'>purqatur</span> <span class='ocrx_word' id='word_1_869' title='bbox 2005 2589 2056 2618; x_wconf 82' lang='lat' dir='ltr'>(etr.</span> 
     </span>
    </p>
   </div>
   <div class='ocr_carea' id='block_1_27' title="bbox 1208 2627 2057 3009">
    <p class='ocr_par' dir='ltr' id='par_1_31' title="bbox 1209 2627 2056 2700">
     <span class='ocr_line' id='line_1_121' title="bbox 1209 2627 2056 2659; baseline -0.005 -6"><span class='ocrx_word' id='word_1_870' title='bbox 1209 2637 1279 2659; x_wconf 88' lang='lat' dir='ltr'>supra</span> <span class='ocrx_word' id='word_1_871' title='bbox 1292 2637 1347 2659; x_wconf 81' lang='lat' dir='ltr'>pag.</span> <span class='ocrx_word' id='word_1_872' title='bbox 1359 2627 1404 2653; x_wconf 71' lang='lat'>225</span> <span class='ocrx_word' id='word_1_873' title='bbox 1412 2648 1417 2657; x_wconf 91' lang='lat'>,</span> <span class='ocrx_word' id='word_1_874' title='bbox 1429 2633 1483 2653; x_wconf 83' lang='lat' dir='ltr'>nota</span> <span class='ocrx_word' id='word_1_875' title='bbox 1496 2631 1536 2659; x_wconf 89' lang='grc'>6.),</span> <span class='ocrx_word' id='word_1_876' title='bbox 1548 2633 1570 2653; x_wconf 86' lang='lat' dir='ltr'>et</span> <span class='ocrx_word' id='word_1_877' title='bbox 1582 2633 1635 2658; x_wconf 87' lang='lat' dir='ltr'>post</span> <span class='ocrx_word' id='word_1_878' title='bbox 1645 2630 1794 2659; x_wconf 70' lang='lat' dir='ltr'>reformatur</span> <span class='ocrx_word' id='word_1_879' title='bbox 1812 2629 1862 2651; x_wconf 82' lang='lat' dir='ltr'>Vat.</span> <span class='ocrx_word' id='word_1_880' title='bbox 1874 2634 1927 2650; x_wconf 88' lang='lat' dir='ltr'>cum</span> <span class='ocrx_word' id='word_1_881' title='bbox 1939 2627 2056 2650; x_wconf 84' lang='lat' dir='ltr'>nonnullis</span> 
     </span>
     <span class='ocr_line' id='line_1_122' title="bbox 1209 2669 1476 2700; baseline -0.004 -7"><span class='ocrx_word' id='word_1_882' title='bbox 1209 2670 1262 2693; x_wconf 84' lang='lat' dir='ltr'>edd.</span> <span class='ocrx_word' id='word_1_883' title='bbox 1280 2670 1345 2692; x_wconf 82' lang='lat' dir='ltr'>addit</span> <span class='ocrx_word' id='word_1_884' title='bbox 1361 2669 1476 2700; x_wconf 75' lang='lat' dir='ltr'>reficitur.</span> 
     </span>
    </p>

    <p class='ocr_par' dir='ltr' id='par_1_32' title="bbox 1208 2704 2055 2777">
     <span class='ocr_line' id='line_1_123' title="bbox 1271 2704 2055 2735; baseline -0.004 -4"><span class='ocrx_word' id='word_1_885' title='bbox 1271 2707 1282 2721; x_wconf 81' lang='lat'>⁵</span> <span class='ocrx_word' id='word_1_886' title='bbox 1298 2708 1344 2731; x_wconf 84' lang='lat' dir='ltr'>Ctr.</span> <span class='ocrx_word' id='word_1_887' title='bbox 1361 2709 1423 2731; x_wconf 85' lang='lat' dir='ltr'>loan.</span> <span class='ocrx_word' id='word_1_888' title='bbox 1441 2709 1467 2735; x_wconf 75' lang='lat' dir='ltr'>t,</span> <span class='ocrx_word' id='word_1_889' title='bbox 1486 2709 1507 2730; x_wconf 79' lang='lat' dir='ltr'>l.</span> <span class='ocrx_word' id='word_1_890' title='bbox 1524 2711 1546 2730; x_wconf 91' lang='lat' dir='ltr'>et</span> <span class='ocrx_word' id='word_1_891' title='bbox 1563 2708 1633 2730; x_wconf 84' lang='lat' dir='ltr'>Hebr.</span> <span class='ocrx_word' id='word_1_892' title='bbox 1651 2707 1675 2733; x_wconf 77' lang='lat' dir='ltr'>l,</span> <span class='ocrx_word' id='word_1_893' title='bbox 1694 2708 1758 2729; x_wconf 86' lang='grc'>3.-</span> <span class='ocrx_word' id='word_1_894' title='bbox 1775 2706 1870 2728; x_wconf 82' lang='lat' dir='ltr'>interius</span> <span class='ocrx_word' id='word_1_895' title='bbox 1887 2711 1929 2733; x_wconf 88' lang='lat' dir='ltr'>pro</span> <span class='ocrx_word' id='word_1_896' title='bbox 1945 2704 2055 2729; x_wconf 77' lang='lat' dir='ltr'>auditum</span> 
     </span>
     <span class='ocr_line' id='line_1_124' title="bbox 1208 2739 1973 2777; baseline -0.005 -6"><span class='ocrx_word' id='word_1_897' title='bbox 1208 2747 1240 2771; x_wconf 82' lang='lat' dir='ltr'>ud</span> <span class='ocrx_word' id='word_1_898' title='bbox 1255 2747 1433 2777; x_wconf 71' lang='lat' dir='ltr'>suscipiendum</span> <span class='ocrx_word' id='word_1_899' title='bbox 1450 2747 1523 2769; x_wconf 87' lang='lat' dir='ltr'>maior</span> <span class='ocrx_word' id='word_1_900' title='bbox 1540 2739 1681 2775; x_wconf 68' lang='lat' dir='ltr'>pai-scodd.</span> <span class='ocrx_word' id='word_1_901' title='bbox 1697 2744 1807 2768; x_wconf 68' lang='lat' dir='ltr'>auditum</span> <span class='ocrx_word' id='word_1_902' title='bbox 1822 2743 1973 2774; x_wconf 58' lang='grc' dir='ltr'><strong>31130111Μὶ-</strong></span> 
     </span>
    </p>

    <p class='ocr_par' dir='ltr' id='par_1_33' title="bbox 1271 2784 1758 2815">
     <span class='ocr_line' id='line_1_125' title="bbox 1271 2784 1758 2815; baseline -0.008 -6"><span class='ocrx_word' id='word_1_903' title='bbox 1271 2785 1279 2798; x_wconf 84' lang='lat'>&#39;¹</span> <span class='ocrx_word' id='word_1_904' title='bbox 1297 2787 1369 2815; x_wconf 76' lang='lat' dir='ltr'>Apoc.</span> <span class='ocrx_word' id='word_1_905' title='bbox 1387 2788 1414 2813; x_wconf 78' lang='lat'>2,</span> <span class='ocrx_word' id='word_1_906' title='bbox 1433 2787 1476 2808; x_wconf 71' lang='lat'>47:</span> <span class='ocrx_word' id='word_1_907' title='bbox 1495 2787 1566 2808; x_wconf 84' lang='lat' dir='ltr'>Nemo</span> <span class='ocrx_word' id='word_1_908' title='bbox 1584 2785 1638 2811; x_wconf 89' lang='lat' dir='ltr'>scit,</span> <span class='ocrx_word' id='word_1_909' title='bbox 1656 2784 1698 2807; x_wconf 82' lang='lat' dir='ltr'>nisi</span> <span class='ocrx_word' id='word_1_910' title='bbox 1715 2787 1758 2806; x_wconf 84' lang='lat' dir='ltr'>etc.</span> 
     </span>
    </p>

    <p class='ocr_par' dir='ltr' id='par_1_34' title="bbox 1208 2819 2056 2931">
     <span class='ocr_line' id='line_1_126' title="bbox 1271 2819 2056 2853; baseline -0.005 -5"><span class='ocrx_word' id='word_1_911' title='bbox 1271 2824 1281 2837; x_wconf 77' lang='lat'><strong>⁰</strong></span> <span class='ocrx_word' id='word_1_912' title='bbox 1298 2826 1327 2848; x_wconf 89' lang='lat' dir='ltr'>lta</span> <span class='ocrx_word' id='word_1_913' title='bbox 1345 2819 1487 2851; x_wconf 81' lang='lat' dir='ltr'>ABCDH‘,</span> <span class='ocrx_word' id='word_1_914' title='bbox 1504 2820 1559 2847; x_wconf 82' lang='lat' dir='ltr'>edd.</span> <span class='ocrx_word' id='word_1_915' title='bbox 1576 2823 1736 2853; x_wconf 71' lang='lat' dir='ltr'>recuperatis,·</span> <span class='ocrx_word' id='word_1_916' title='bbox 1753 2830 1807 2846; x_wconf 87' lang='lat' dir='ltr'>mox</span> <span class='ocrx_word' id='word_1_917' title='bbox 1824 2829 1866 2851; x_wconf 87' lang='lat' dir='ltr'>pro</span> <span class='ocrx_word' id='word_1_918' title='bbox 1885 2821 2009 2845; x_wconf 76' lang='lat' dir='ltr'>videndum</span> <span class='ocrx_word' id='word_1_919' title='bbox 2029 2828 2056 2845; x_wconf 85' lang='lat' dir='ltr'>ex</span> 
     </span>
     <span class='ocr_line' id='line_1_127' title="bbox 1208 2860 2056 2890; baseline -0.004 -3"><span class='ocrx_word' id='word_1_920' title='bbox 1208 2865 1286 2889; x_wconf 82' lang='lat' dir='ltr'>inultis</span> <span class='ocrx_word' id='word_1_921' title='bbox 1309 2865 1378 2887; x_wconf 90' lang='lat' dir='ltr'>codd.</span> <span class='ocrx_word' id='word_1_922' title='bbox 1399 2863 1559 2886; x_wconf 81' lang='lat' dir='ltr'>substituimus</span> <span class='ocrx_word' id='word_1_923' title='bbox 1581 2861 1740 2890; x_wconf 78' lang='lat' dir='ltr'>senciendmn,</span> <span class='ocrx_word' id='word_1_924' title='bbox 1759 2863 1777 2885; x_wconf 81' lang='grc' dir='ltr'>Α</span> <span class='ocrx_word' id='word_1_925' title='bbox 1798 2861 1945 2885; x_wconf 77' lang='lat' dir='ltr'>sentiendum</span> <span class='ocrx_word' id='word_1_926' title='bbox 1966 2860 2004 2884; x_wconf 74' lang='lat' dir='ltr'>vel</span> <span class='ocrx_word' id='word_1_927' title='bbox 2025 2861 2056 2884; x_wconf 71' lang='lat' dir='ltr'>‘ci-</span> 
     </span>
     <span class='ocr_line' id='line_1_128' title="bbox 1208 2901 1545 2931; baseline -0.006 -5"><span class='ocrx_word' id='word_1_928' title='bbox 1208 2903 1325 2931; x_wconf 81' lang='lat' dir='ltr'>dendum,</span> <span class='ocrx_word' id='word_1_929' title='bbox 1342 2902 1359 2925; x_wconf 86' lang='lat' dir='ltr'>C</span> <span class='ocrx_word' id='word_1_930' title='bbox 1377 2901 1545 2925; x_wconf 68' lang='lat' dir='ltr'>contuendam.</span> 
     </span>
    </p>

    <p class='ocr_par' dir='ltr' id='par_1_35' title="bbox 1209 2932 2057 3009">
     <span class='ocr_line' id='line_1_129' title="bbox 1270 2932 2057 2969; baseline -0.003 -6"><span class='ocrx_word' id='word_1_931' title='bbox 1270 2940 1281 2954; x_wconf 78' lang='lat'>⁹</span> <span class='ocrx_word' id='word_1_932' title='bbox 1297 2941 1354 2969; x_wconf 79' lang='lat' dir='ltr'>Cap.</span> <span class='ocrx_word' id='word_1_933' title='bbox 1371 2942 1398 2967; x_wconf 81' lang='lat'>3,</span> <span class='ocrx_word' id='word_1_934' title='bbox 1416 2941 1437 2962; x_wconf 82' lang='lat'>6.</span> <span class='ocrx_word' id='word_1_935' title='bbox 1454 2952 1485 2957; x_wconf 91' lang='lat'><strong>—</strong></span> <span class='ocrx_word' id='word_1_936' title='bbox 1503 2940 1625 2962; x_wconf 77' lang='lat' dir='ltr'>secundus</span> <span class='ocrx_word' id='word_1_937' title='bbox 1649 2940 1692 2962; x_wconf 80' lang='lat' dir='ltr'>ioc.</span> <span class='ocrx_word' id='word_1_938' title='bbox 1715 2942 1749 2962; x_wconf 74' lang='lat' dir='ltr'>est</span> <span class='ocrx_word' id='word_1_939' title='bbox 1774 2932 1830 2961; x_wconf 76' lang='lat' dir='ltr'>ibid.</span> <span class='ocrx_word' id='word_1_940' title='bbox 1847 2937 1874 2966; x_wconf 77' lang='lat'>6,</span> <span class='ocrx_word' id='word_1_941' title='bbox 1891 2938 1918 2960; x_wconf 82' lang='lat'>9:</span> <span class='ocrx_word' id='word_1_942' title='bbox 1936 2938 2001 2966; x_wconf 76' lang='lat' dir='ltr'>Quae</span> <span class='ocrx_word' id='word_1_943' title='bbox 2022 2941 2057 2961; x_wconf 72' lang='lat' dir='ltr'>esi</span> 
     </span>
     <span class='ocr_line' id='line_1_130' title="bbox 1209 2977 2055 3009; baseline -0.005 -6"><span class='ocrx_word' id='word_1_944' title='bbox 1209 2981 1249 3003; x_wconf 82' lang='lat' dir='ltr'>ista</span> <span class='ocrx_word' id='word_1_945' title='bbox 1258 2998 1263 3008; x_wconf 89' lang='lat'>,</span> <span class='ocrx_word' id='word_1_946' title='bbox 1275 2986 1336 3009; x_wconf 85' lang='lat' dir='ltr'>quae</span> <span class='ocrx_word' id='word_1_947' title='bbox 1347 2979 1496 3008; x_wconf 77' lang='lat' dir='ltr'>progreditur</span> <span class='ocrx_word' id='word_1_948' title='bbox 1509 2979 1575 3008; x_wconf 89' lang='lat' dir='ltr'>quasi</span> <span class='ocrx_word' id='word_1_949' title='bbox 1592 2985 1675 3001; x_wconf 84' lang='lat' dir='ltr'>aurora</span> <span class='ocrx_word' id='word_1_950' title='bbox 1690 2984 1845 3006; x_wconf 83' lang='lat' dir='ltr'>consurgens,</span> <span class='ocrx_word' id='word_1_951' title='bbox 1858 2977 1938 3005; x_wconf 86' lang='lat' dir='ltr'>pulcra</span> <span class='ocrx_word' id='word_1_952' title='bbox 1950 2979 1976 3000; x_wconf 91' lang='lat' dir='ltr'>ut</span> <span class='ocrx_word' id='word_1_953' title='bbox 1988 2978 2055 3004; x_wconf 79' lang='lat' dir='ltr'>luna,</span> 
     </span>
    </p>
   </div>
   <div class='ocr_carea' id='block_1_28' title="bbox 2090 796 2195 820">
    <p class='ocr_par' dir='ltr' id='par_1_36' title="bbox 2090 796 2195 820">
     <span class='ocr_line' id='line_1_131' title="bbox 2090 796 2195 820; baseline 0.019 -7"><span class='ocrx_word' id='word_1_954' title='bbox 2090 801 2097 813; x_wconf 75' lang='lat' dir='ltr'>s</span> <span class='ocrx_word' id='word_1_955' title='bbox 2107 796 2195 820; x_wconf 79' lang='lat' dir='ltr'>spiritua-</span> 
     </span>
    </p>
   </div>
   <div class='ocr_carea' id='block_1_29' title="bbox 2069 1452 2191 1495">
    <p class='ocr_par' dir='ltr' id='par_1_37' title="bbox 2069 1452 2191 1495">
     <span class='ocr_line' id='line_1_132' title="bbox 2080 1452 2178 1479; baseline 0 -8"><span class='ocrx_word' id='word_1_956' title='bbox 2080 1452 2178 1479; x_wconf 83' lang='lat' dir='ltr'>Canticum</span> 
     </span>
     <span class='ocr_line' id='line_1_133' title="bbox 2069 1478 2191 1495; baseline 0 0"><span class='ocrx_word' id='word_1_957' title='bbox 2069 1481 2089 1495; x_wconf 80' lang='lat' dir='ltr'>ca</span> <span class='ocrx_word' id='word_1_958' title='bbox 2092 1478 2184 1495; x_wconf 79' lang='lat' dir='ltr'>micorum</span> <span class='ocrx_word' id='word_1_959' title='bbox 2187 1490 2191 1495; x_wconf 94' lang='lat'>.</span> 
     </span>
    </p>
   </div>
   <div class='ocr_carea' id='block_1_30' title="bbox 2070 1874 2161 1916">
    <p class='ocr_par' dir='ltr' id='par_1_38' title="bbox 2070 1874 2161 1916">
     <span class='ocr_line' id='line_1_134' title="bbox 2070 1874 2161 1892; baseline -0.011 0"><span class='ocrx_word' id='word_1_960' title='bbox 2070 1874 2161 1892; x_wconf 75' lang='lat' dir='ltr'>Excessus</span> 
     </span>
     <span class='ocr_line' id='line_1_135' title="bbox 2070 1897 2160 1916; baseline 0 -1"><span class='ocrx_word' id='word_1_961' title='bbox 2070 1897 2160 1916; x_wconf 81' lang='lat' dir='ltr'>mentales</span> 
     </span>
    </p>
   </div>
   <div class='ocr_carea' id='block_1_31' title="bbox 2267 2239 2285 3327">
    <p class='ocr_par' dir='ltr' id='par_1_39' title="bbox 2267 2239 2285 3327">
     <span class='ocr_line' id='line_1_136' title="bbox 2267 2239 2285 3327; baseline 0 0"><span class='ocrx_word' id='word_1_962' title='bbox 2267 2239 2285 3327; x_wconf 95' lang='lat' dir='ltr'> </span> 
     </span>
    </p>
   </div>
  </div>
 </body>
</html>
/div>
 </body>
</html>
