2285 3398
429 166 509 198 XVIII

426 253 479 271 mea
495 250 539 270 etc.
555 246 642 269 Desinit
659 247 694 269 tol.
713 246 765 269 492.
781 252 811 274 1.,
828 246 866 269 cui
882 246 975 269 additur
991 246 1136 275 simpliciter:
1152 246 1271 269 Bonaven-

427 296 491 318 lura.
507 306 538 311 ·-
556 294 619 322 Siga.
638 293 663 317 C.

491 341 527 364 41.
544 340 643 369 Ibidem,
660 341 713 363 cod.
729 340 798 363 2633.
817 339 916 363 membr.
932 340 954 363 in
971 341 994 363 8.
1012 346 1073 363 saec.
1090 340 1150 362 XIV.
1162 342 1214 362 ante
1226 345 1271 361 me-

427 389 542 412 dietatem.
559 400 590 409 —e
606 388 654 411 Fol.
674 388 695 410 4.
711 394 730 410 r.
747 387 768 410 in
785 387 904 416 superiore
920 390 985 415 parte
1005 387 1170 415 praemittitur:
1188 384 1271 415 Incipit

428 435 603 466 Breciloqainm
624 441 760 465 pauperum
784 434 812 458 de
836 434 975 458 necessariis
1000 433 1121 463 theoloqie.
1145 432 1270 462 Prologus.

427 484 484 507 Hinc
495 483 538 506 col.
550 483 558 504 4
570 490 576 504 ι
588 482 666 506 Flecto
677 488 755 512 genua
766 484 809 504 etc.
822 480 908 504 Desinit
924 481 961 504 sol.
973 480 1010 504 49.
1022 487 1045 503 v.
1057 484 1082 503 ut
1096 480 1159 503 editi.
1170 480 1272 508 Scriptor

428 530 509 553 iterum
526 529 602 552 addit:
619 528 725 558 Eoeplicit
740 527 918 558 Breviloquinm
933 533 1069 557 pauperum
1079 526 1107 550 de
1119 525 1272 556 intelligentia

426 583 494 601 sacre
510 577 629 607 scripture
645 577 667 599 et
682 575 737 606 fidei
752 574 887 599 christiane.
904 575 987 597 Amen.
1005 573 1052 602 Qui
1062 572 1157 603 scripsit
1167 572 1269 602 scripta,

427 628 514 648 manus
530 624 579 648 eius
595 623 626 647 sit
643 622 768 647 benedicta.
785 635 816 640 -
834 622 897 650 Siga.
914 622 942 644 D.

490 672 528 694 42.
543 670 644 699 Ibidem,
662 670 713 693 cod.
736 669 804 692 2649.
829 668 928 692 membr.
950 668 972 691 in
989 669 1010 691 8.
1028 674 1088 691 saec.
1110 668 1169 690 XlV.
1186 667 1272 690 ineunt.

425 731 458 736 —
473 718 627 741 Praemittitur
645 718 683 740 iol.
699 716 737 739 74.
753 723 773 739 1.
790 722 833 745 pro
851 716 927 738 titulo:
944 714 1029 744 Incipit
1039 713 1273 744 Breciloquiiprolo-

427 772 472 796 qus
483 765 610 795 tlteoloqice
621 763 734 788 veritalis.
746 763 824 787 Fleclo
836 769 915 792 yenua
926 768 979 785 mea
990 764 1034 785 etc.
1046 761 1132 784 Desinit
1143 761 1180 783 sol.
1192 760 1245 783 445.
1253 766 1272 782 r.

426 825 458 831 —
475 813 537 842 Siga.
555 814 579 835 E.

491 861 528 883 43.
545 859 645 887 Ibidem,
663 859 714 881 cod.
737 859 806 881 2657.
829 857 927 880 membr.
944 857 967 880 in
985 857 1023 880 sol.
1039 863 1100 879 saec.
1117 856 1176 879 XlV.
1192 867 1224 872 —
1240 855 1274 878 ln—

427 908 482 937 cipit
499 908 536 931 rol.
554 907 607 930 445.
624 913 642 929 1.
659 907 701 929 col.
720 906 740 928 4.
762 905 807 928 5011
829 904 906 927 tituloi
930 903 1107 933 Breviloqnium
1129 901 1274 933 pauperum.

427 954 514 977 Desinit
531 954 568 977 iol.
586 953 639 976 207.
656 959 674 975 r.
691 953 734 975 col.
752 952 773 974 4.
790 952 813 974 111
829 952 883 974 ana.
899 963 930 968 -
946 951 1011 978 Siga.
1027 950 1051 972 F.

491 1001 528 1024 44.
544 1000 644 1027 Ibidem,
662 1000 714 1022 cod.
734 999 817 1022 44827.
836 998 936 1021 membr.
954 998 976 1020 in
994 998 1032 1020 sol.
1043 1003 1103 1020 saec.
1114 996 1176 1019 XlV.
1187 996 1275 1018 ineunt.

427 1060 458 1067 -·
475 1049 554 1077 Incipit
570 1048 659 1077 absque
676 1048 740 1071 titulo
758 1047 795 1070 iol.
815 1047 869 1069 224.
885 1052 904 1068 r.
921 1046 964 1069 col.
976 1046 997 1068 4.
1009 1047 1031 1068 et
1043 1044 1125 1068 desinit
1137 1044 1175 1066 iol.
1187 1043 1240 1066 275.
1252 1050 1275 1065 v.

427 1097 471 1120 001.
487 1097 508 1119 2.
526 1098 551 1119 ut
567 1095 633 1123 editi;
651 1095 756 1118 additur:
774 1093 884 1124 Explicit.
901 1105 933 1110 —
950 1093 1014 1121 sign.
1030 1092 1056 1115 G.

491 1142 528 1166 45.
545 1141 644 1169 Ibidem,
662 1141 714 1164 cod.
733 1141 816 1163 13102.
833 1139 931 1163 1110111111.
949 1140 971 1162 111
990 1139 1012 1162 4.
1029 1144 1088 1161 saec.
1107 1138 1167 1160 XlV.
1183 1139 1276 1160 exeunt.

427 1203 458 1208 —
474 1191 520 1213 Fol.
539 1190 546 1212 4
557 1190 590 1212 11.
607 1196 625 1212 r.
638 1190 681 1212 col.
692 1190 713 1211 2.
726 1188 820 1217 legitur:
833 1187 916 1217 Incipit
924 1187 1041 1217 proloqu-5
1053 1186 1078 1209 in
1090 1184 1276 1215 Breviloqainm.

429 1239 455 1261 Et
471 1238 553 1261 iterum
571 1240 624 1266 post
640 1236 740 1259 tabulam
758 1236 925 1264 capitulorum:
942 1234 1027 1264 Incipit
1038 1232 1217 1263 Breciloqaiam
1227 1232 1276 1262 fra-

429 1285 472 1309 tris
489 1286 655 1309 Bonaventure
676 1284 766 1308 ordinis
789 1283 924 1311 minorum,
942 1281 1073 1306 cardinalis
1090 1287 1190 1305 romane
1206 1280 1276 1304 eccle-

428 1331 462 1356 sie
478 1333 500 1356 et
515 1331 617 1362 episcopi
632 1330 775 1354 albanensis.
793 1330 867 1352 Prima
885 1332 907 1352 et
923 1329 979 1351 aliae
998 1329 1085 1351 litterae
1106 1328 1203 1350 initiales
1223 1329 1277 1349 sunt

429 1385 510 1402 omnes
526 1379 597 1402 minio
613 1381 636 1401 et
650 1384 708 1401 auro
724 1378 847 1400 decoratae
863 1383 889 1399 ac
906 1379 1006 1399 ornatae.
1023 1376 1111 1398 Desinit
1129 1376 1166 1398 sol.
1179 1374 1232 1397 166.
1245 1380 1276 1401 1.,

429 1426 522 1449 addito:
540 1424 645 1455 Eaplicit
660 1424 846 1454 breviloquium.
863 1424 910 1447 Deo
927 1422 1026 1453 gratias.
1043 1435 1074 1439 —
1091 1422 1155 1450 Siga.
1171 1422 1198 1444 11.

493 1474 530 1496 46.
546 1472 646 1501 Ibidem,
664 1473 716 1495 cod.
729 1472 812 1495 47836.
823 1472 895 1494 chart.
907 1471 931 1493 in
944 1471 981 1493 iol.
993 1476 1053 1493 saec.
1064 1470 1115 1493 XV.
1128 1469 1191 1498 (olim
1204 1469 1277 1492 Stein-

432 1520 517 1550 gadeni
534 1520 590 1549 36.).
606 1532 638 1537 —
654 1519 700 1542 Fol.
718 1520 739 1542 3.
756 1525 775 1541 r.
792 1519 886 1547 legitur:
904 1518 967 1541 Bone
983 1518 1081 1541 venture
1097 1516 1187 1540 ordinis
1204 1516 1277 1539 mino-

429 1574 493 1592 rum.
511 1566 594 1597 Incipit
611 1565 789 1596 Breviloquinm
802 1564 917 1595 pauperis
928 1564 954 1587 in
968 1563 1098 1593 scriptura.
1109 1562 1186 1586 Flecte
1198 1569 1277 1592 penna

430 1621 484 1639 mea
499 1617 543 1638 etc.
562 1614 624 1637 Folio
642 1613 679 1636 54.
696 1619 714 1635 r.
731 1615 784 1641 post
800 1612 870 1634 tinem
887 1611 930 1633 alia
948 1616 1031 1633 manus
1047 1610 1123 1633 addit:
1140 1609 1205 1633 Finit
1221 1609 1277 1632 Bre-

430 1661 561 1692 viloquiam
578 1660 698 1691 miconis,
715 1666 785 1690 quem
806 1658 883 1682 alium
899 1664 949 1681 esse
970 1658 1062 1681 Bonam
1083 1658 1209 1680 venturam
1226 1654 1276 1685 qui-

429 1709 486 1732 dam
502 1708 597 1737 dicunt,
613 1707 673 1731 moti
687 1708 785 1738 forsan,
802 1706 858 1737 quia
872 1704 1027 1736 prescriptio,
1039 1705 1119 1728 tacens
1131 1703 1159 1727 de
1169 1702 1276 1731 nomine,

430 1755 487 1780 dicit
501 1755 527 1778 in
543 1755 654 1778 rubrica:
672 1754 757 1784 Incipit
773 1752 950 1783 Breviloqainm
963 1751 1079 1782 pauperis
1096 1750 1119 1774 in
1141 1750 1276 1780 scriptura,

431 1805 452 1827 el
468 1803 525 1834 quia
551 1804 718 1826 Bonarenlara
741 1801 789 1831 suit
811 1800 903 1824 ordinis
927 1799 1050 1823 minorum
1066 1798 1149 1822 etoile
1162 1796 1277 1828 pauperis

431 1849 556 1874 Francisci
563 1849 708 1880 plantatoris
719 1848 850 1878 descriptor
858 1846 1007 1877 pereleqans,
1016 1847 1130 1870 astruunt
1140 1852 1195 1869 eum
1206 1844 1277 1868 huius

432 1897 509 1927 operis
526 1896 646 1920 editorem.
662 1908 693 1913 —-
710 1896 774 1923 sign.
791 1895 818 1918 N.

497 1945 533 1966 47.
551 1943 661 1973 Neapoli,
674 1942 812 1965 bibliotheca
825 1941 958 1968 Nationalis,
970 1941 1022 1963 cod.
1033 1941 1060 1962 G.
1072 1941 1118 1962 Vll.
1130 1940 1166 1963 35.
1179 1938 1279 1962 membr.

433 1992 456 2014 in
474 1991 511 2014 iol.
527 1997 587 2013 5300.
605 1991 660 2012 Xlll.
676 1990 721 2012 sub
738 1989 790 2011 tlnc.
805 2000 837 2005 ——
853 1988 899 2010 Foi.
912 1987 933 2010 4.
949 1994 969 2010 r.
986 1987 1008 2010 in
1025 1990 1090 2015 parte
1105 1987 1224 2015 superiore
1241 1987 1279 2009 ha-

434 2037 512 2060 betur:
530 2038 557 2060 In
573 2036 669 2059 nomine
685 2035 764 2058 Patris
781 2036 805 2058 et
820 2034 875 2058 Filii
891 2036 912 2057 el
929 2034 1034 2064 Spiritus
1045 2033 1123 2057 sancti
1133 2033 1214 2063 incipit
1226 2034 1279 2057 Bre-

434 2083 565 2113 viloqnium
581 2082 666 2113 fratris
684 2082 848 2105 Bonavenlnre
864 2080 893 2104 de
909 2080 991 2104 ordine
1008 2079 1069 2103 beati
1084 2078 1213 2103 Francisci.
1230 2079 1279 2103 Fle-

437 2132 473 2155 clo
490 2137 568 2161 penna
584 2136 637 2153 mea
654 2132 697 2152 etc.
714 2129 801 2151 Desinit
817 2131 842 2151 ut
856 2128 880 2150 in
898 2128 972 2151 editis.
988 2140 1019 2144 —
1036 2120 1100 2156 Siga.
1116 2127 1154 2149 W.

500 2178 537 2200 48.
553 2176 653 2204 Ibidem,
671 2176 693 2199 in
710 2175 792 2198 eadem
811 2174 959 2203 bibliotheca,
977 2174 1029 2197 cod.
1040 2174 1065 2197 F.
1076 2174 1121 2197 Vll.
1133 2173 1171 2196 37.
1181 2172 1280 2196 membr.

436 2225 458 2248 in
475 2226 496 2248 8.
513 2231 574 2248 saec.
590 2225 645 2247 xlll.
661 2223 706 2246 sub
723 2224 817 2246 ssnc.-
828 2222 982 2245 Praemittitur
997 2222 1086 2245 titulus:
1104 2220 1281 2250 Breciloquium

436 2271 547 2302 magistri
563 2272 626 2295 Bone
643 2272 740 2294 venture
756 2270 784 2294 de
800 2269 883 2293 ordine
893 2269 1000 2299 fratrum
1011 2268 1141 2292 minorum.
1153 2268 1176 2290 ln
1187 2268 1233 2290 ane
1243 2267 1281 2290 ad-

436 2318 633 2349 ditur:'E.z'·plicit
653 2317 829 2348 Brem'toqm‘um
852 2316 879 2339 de
900 2315 1054 2346 intelligentia
1074 2322 1142 2339 sacre
1163 2314 1282 2345 scripture

436 2368 459 2390 et
473 2364 679 2397 fidetem-istam&
696 2365 779 2388 Amen.
795 2376 826 2381 —
844 2363 908 2391 Siga.
925 2364 950 2386 Ζ.

500 2414 537 2436 ts.
553 2412 666 2441 Parisiis,
690 2412 828 2435 bibliotheca
850 2411 986 2438 Nationafis,
1003 2410 1055 2433 cod.
1077 2410 1160 2433 46499.
1183 2408 1282 2432 membr.

436 2461 459 2484 in
472 2464 494 2484 4.
505 2467 565 2484 saec.
577 2461 632 2484 xm.
643 2463 695 2489 post
707 2459 861 2482 medietatem.
869 2470 901 2475 --
909 2457 1083 2487 Breviloquium
1095 2456 1175 2485 incipit
1183 2456 1220 2479 rol.
1230 2456 1282 2478 429.

437 2515 456 2532 r.
467 2509 511 2531 col.
523 2509 544 2531 4.
555 2508 645 2531 vernis:
658 2509 685 2531 In
693 2506 812 2538 principio
824 2504 1002 2536 intelliyendum
1013 2504 1143 2528 estqnesin.
1153 2503 1251 2527 rottss.
1259 2509 1283 2525 v.

437 2554 547 2578 Additur:
565 2553 669 2584 Explicit
680 2553 871 2584 breviloquium.
886 2564 919 2569 ·-
935 2552 999 2580 Siga.
1016 2551 1043 2574 R.

500 2602 539 2624 20.
557 2600 636 2625 Trecis
653 2601 676 2623 in
692 2598 781 2628 Gallia,
792 2600 845 2623 cod.
857 2600 926 2622 4891.
938 2598 1038 2622 membr.
1049 2598 1071 2621 in
1084 2598 1104 2620 8.
1118 2597 1284 2620 mIscellaneus.

437 2661 469 2666 —
485 2649 532 2672 Fol.
548 2649 602 2671 292.
619 2655 637 2671 1.
655 2648 724 2671 habet
739 2654 752 2670 a
769 2648 845 2676 prima
866 2648 952 2670 manu:
965 2645 1143 2676 Brevitoquium
1165 2645 1284 2669 Bonaven-

439 2696 492 2719 ture
508 2695 535 2718 de
550 2689 706 2725 inteltiqmttia
721 2700 790 2718 sacre
806 2693 932 2724 scripture.
949 2694 1058 2723 Sequitur
1072 2693 1196 2722 prologus,
1207 2691 1284 2715 tabula

440 2742 605 2771 capitulorum,
622 2744 646 2765 et
660 2740 744 2765 desinit
761 2741 798 2764 iol.
815 2741 868 2764 326.
885 2747 904 2764 r.
921 2747 995 2769 prope
1011 2741 1093 2769 flnem;
1111 2740 1203 2763 tandem
1220 2739 1284 2762 addit

440 2789 522 2812 eadem
539 2789 632 2818 antiqua
649 2794 744 2811 manus:
756 2786 861 2818 Explicit
873 2787 1050 2818 Brevntoquium
1060 2786 1145 2817 fratris
1157 2787 1220 2811 Bone
1232 2792 1285 2810 ven-

440 2837 494 2859 ture
509 2835 537 2858 de
553 2835 636 2859 ordene
652 2835 774 2858 minorum
790 2834 823 2858 ad
842 2834 1020 2865 intelligentiam
1040 2841 1109 2859 sacre
1121 2832 1248 2865 ‘scripture
1263 2835 1284 2858 el

439 2881 495 2913 fidei
509 2880 643 2906 christiane.
661 2884 728 2905 Anno
745 2881 841 2905 Domini
856 2880 991 2905 MGCLVII.
1007 2894 1038 2899 —
1055 2882 1119 2910 Siga.
1136 2883 1160 2905 S.

503 2929 541 2952 21.
560 2928 657 2952 Tuderti
667 2928 690 2951 in
698 2928 801 2956 Umbria,
810 2928 947 2952 bibliotheca
957 2929 1027 2952 sancti
1036 2929 1160 2958 Fortunati,
1169 2929 1222 2952 cod.
1232 2928 1285 2952 437.

441 2965 546 3000 membr:
557 2976 580 2999 in
597 2976 617 2998 8.
640 2981 701 2999 saec.
722 2976 782 2999 XlV.
804 2976 889 2999 ineunt.
906 2989 937 2994 —
953 2976 1033 3005 lncipit
1055 2976 1093 2999 tol.
1110 2977 1132 2999 5.
1151 2982 1181 3004 1.,
1197 2976 1220 2998 111
1237 2981 1284 3005 quo

1123 168 1363 197 PROLEGOMENA
1385 168 1412 197 C.
1436 168 1475 197 111.

1325 247 1368 269 3113
1385 253 1467 269 11131105
1488 248 1591 270 eiusdem
1614 248 1665 270 aevi
1682 248 1812 276 praemisit:
1830 247 1913 277 Incipit
1929 247 2105 277 Iireciloqnium
2120 246 2170 278 sra-

1326 293 1370 316 tris
1388 293 1551 317 Donat-entare
1567 294 1594 317 de
1610 294 1692 318 ordine
1707 295 1814 324 frob-nm
1831 294 1960 317 minorum.
1979 295 2063 317 Desinit
2080 295 2118 317 rol.
2130 295 2167 318 80.

1326 346 1345 362 r.
1357 343 1381 362 ut
1392 340 1416 362 in
1427 340 1500 363 editis.
1513 341 1545 362 De
1557 342 1600 364 1100
1612 342 1690 364 codice
1701 342 1755 365 vide
1767 348 1827 371 quae
1838 342 1938 364 diximus
1947 344 2001 365 tom.
2012 343 2026 364 1.
2036 348 2090 370 pag.
2099 343 2169 365 LXlx

1327 392 1350 408 n.
1367 386 1405 409 45.
1421 398 1452 403 -
1468 386 1532 414 Siga.
1549 387 1577 409 K.

1390 433 1427 455 22.
1444 432 1543 461 Ibidem,
1561 434 1613 456 cod.
1631 434 1682 457 464.
1699 434 1797 458 membr.
1814 436 1836 458 in
1855 436 1876 458 8.
1893 442 1952 458 saec.
1969 436 2025 458 Xlll.
2039 439 2127 459 exeunt.
2139 448 2171 453 —

1327 480 1374 502 Fol.
1392 480 1413 502 4.
1429 485 1448 502 r.
1465 480 1546 502 eadem
1564 486 1648 503 manus
1659 482 1773 504 exaravit:
1784 481 1961 512 Breciloquinm
1972 482 2060 505 editum
2071 489 2085 504 (1
2094 482 2171 512 fratre

1328 527 1496 550 Bonavcntura
1513 526 1541 550 de
1563 527 1716 557 inlettz'qentia
1735 528 1790 560 fidei
1805 531 1827 553 et
1846 535 1918 553 sacra
1939 530 2068 560 scriptura.
2085 530 2170 553 Desinit

1329 574 1367 596 iol.
1385 574 1437 597 422.
1454 581 1473 596 1.
1489 575 1532 596 col.
1544 575 1567 597 2.
1584 579 1624 602 per
1636 575 1720 597 verba:
1732 576 1844 606 Explicit.
1855 577 1903 600 Deo
1915 576 2015 606 qratia-5.
2025 589 2056 594 —
2068 577 2132 605 Sign.
2144 578 2168 600 L.

1392 622 1429 644 23.
1446 621 1546 650 Ibidem,
1558 622 1609 644 cod.
1623 622 1676 644 443.
1686 622 1786 646 membr.
1802 623 1823 646 in
1841 625 1863 646 8.
1880 630 1966 652 parvo,
1978 630 2038 646 sace.
2053 624 2108 647 Xlll.
2119 626 2171 652 post

1329 668 1483 695 medietatem,
1492 669 1666 691 Bonavcnturae
1675 674 1782 692 coaevus.
1790 682 1821 687 —
1831 671 1942 693 Posterior
1952 677 2034 693 manus
2042 677 2102 693 saec.
2111 671 2170 693 XlV.

1329 715 1459 744 praemisit:
1476 715 1560 745 Incipit
1571 715 1748 746 Breciloquium
1759 717 1822 740 Bone
1832 719 1936 741 venture.
1950 717 2068 747 Proloqns
2079 717 2104 740 in
2116 718 2171 741 Bre-

1329 761 1466 792 viloquz'um.
1491 762 1578 785 Deinde
1602 769 1684 785 manus
1709 763 1783 791 111-11113
1808 765 1967 794 prosequitur:
1992 764 2069 788 Flecto
2094 770 2170 794 genua

1329 815 1382 832 mea
1398 811 1442 831 etc.
1459 809 1534 831 Desin.
1552 809 1587 832 iol.
1605 809 1658 832 294.
1675 816 1698 832 v.
1716 810 1769 832 lnde
1785 810 1867 833 eadem
1889 817 1984 840 manus,
2000 817 2060 840 quae
2081 811 2171 834 titulum

1330 856 1419 884 posuit,
1436 856 1537 879 adiunxit
1554 857 1575 879 in
1598 857 1653 879 tine:
1674 857 1780 887 Eoeplicit
1801 857 1858 881 tiber
1875 858 2024 889 Breviloqnii.
2042 858 2089 887 Qui
2109 858 2172 881 Itunc

1330 902 1432 932 eaplevit
1447 904 1468 926 et
1485 903 1569 933 incepit
1585 903 1610 926 in
1626 905 1733 927 eternum
1748 910 1803 928 cum
1820 904 1914 928 domino
1930 905 2009 929 valeat
2020 912 2170 935 permanere.

1330 962 1361 967 —
1378 950 1442 978 Siga.
1458 950 1486 972 Μ.

1393 998 1451 1020 lnter
1467 998 1550 1020 relatos
1572 998 1664 1021 codices
1688 999 1821 1028 antiquitate
1845 1001 1868 1022 et
1888 1000 2022 1023 auctoritate
2046 1000 2171 1028 primatum

1332 1047 1392 1067 tenet
1408 1045 1460 1067 cod.
1476 1045 1597 1068 Trecensis
1614 1045 1656 1075 (Sl,
1682 1052 1735 1069 cum
1756 1047 1855 1075 scriptus
1879 1047 1908 1070 sit
1930 1048 2013 1070 eodem
2035 1054 2108 1077 anno,
2126 1053 2172 1076 quo

1332 1092 1354 1113 S.
1372 1092 1455 1114 Doctor
1472 1092 1556 1114 clectus
1573 1095 1607 1114 est
1628 1092 1745 1115 Generalis
1769 1093 1860 1116 Ordinis
1884 1093 2002 1117 Minorum.
2027 1094 2083 1116 lluic
2100 1096 2172 1116 aetate

1331 1141 1354 1161 et
1365 1137 1466 1161 bonitate
1483 1145 1557 1167 prope
1573 1139 1662 1162 accedit
1672 1140 1724 1162 cod.
1736 1140 1878 1163 Tudertinus
1890 1141 1939 1170 (Μ),
1951 1141 1990 1170 qui
2003 1144 2080 1164 tamen
2092 1141 2113 1163 'm
2126 1140 2173 1169 qui-

1332 1185 1431 1208 busdam
1448 1185 1519 1208 rebus
1539 1186 1632 1209 minutis
1653 1186 1745 1210 videtur
1770 1194 1843 1216 pauca
1868 1188 1983 1211 interdum
2006 1191 2107 1211 mutasse
2131 1194 2173 1216 1110

1333 1232 1432 1254 faciliore
1449 1232 1595 1260 intelligentia
1601 1241 1608 1260 ς
1624 1236 1646 1255 et
1662 1233 1746 1256 deinde
1757 1237 1884 1263 sequuntur
1895 1234 1931 1257 aiii
1943 1235 2035 1257 codices
2046 1241 2104 1257 5300.
2118 1234 2174 1261 Xill,

1333 1279 1466 1307 praesertim
1479 1279 1639 1307 Neapolitanus
1657 1280 1704 1309 (W)
1722 1283 1745 1303 et
1758 1281 1805 1304 duo
1822 1282 1966 1304 Monacenses
1978 1282 2004 1308 (Α
2015 1282 2049 1310 Β).
2062 1281 2133 1303 Etiam
2146 1281 2173 1309 E,

1332 1326 1383 1348 licet
1398 1326 1428 1366 sit
1444 1326 1557 1348 recentior
1573 1332 1642 1355 saepe
1658 1327 1766 1350 convenit
1782 1334 1835 1350 cum
1854 1329 1876 1351 S.
1893 1328 1927 1351 Ab
1943 1329 1986 1351 hac
2003 1328 2086 1351 familia
2099 1328 2174 1356 magis

1332 1369 1443 1396 recedunt
1460 1374 1495 1396 lK
1506 1374 1524 1397 Ο
1534 1375 1617 1403 QUV.
1634 1374 1690 1397 Cod.
1703 1375 1719 1397 Ρ
1737 1375 1811 1404 magis
1829 1376 1889 1398 iavet
1905 1375 1992 1404 primae
2009 1375 2120 1404 familiae,
2136 1376 2174 1397 ha-

1333 1420 1371 1443 bet
1388 1424 1463 1443 tamon
1480 1428 1522 1444 sua
1539 1421 1645 1450 specialia
1663 1424 1685 1444 et
1701 1423 1808 1444 nonnulla
1825 1423 1919 1450 omittit,
1935 1423 1993 1445 sicut
2009 1423 2077 1445 etiam
2094 1423 2120 1445 L.

1395 1467 1480 1490 Tcxtus
1497 1468 1565 1490 1101115
1579 1468 1696 1496 opusculi,
1707 1469 1842 1496 praesertim
1860 1469 1881 1491 111
1899 1469 1990 1492 duabus
2002 1469 2086 1492 ultimis
2097 1469 2174 1492 editio-

1332 1513 1412 1541 1111105,
1424 1521 1480 1542 prae
1491 1515 1572 1538 ceteris
1588 1515 1659 1538 nostri
1676 1516 1777 1538 auctoris
1793 1516 1903 1544 operibus
1920 1516 1961 1539 suit
1975 1516 2029 1539 satis
2046 1518 2173 1544 correctus;

1334 1562 1406 1590 uude,
1418 1563 1518 1590 exceptis
1530 1563 1610 1591 paucis
1623 1563 1689 1590 locis¹
1701 1569 1791 1586 errores
1809 1564 1843 1586 101
1860 1564 1954 1586 13001130
1970 1563 2048 1592 magni
2065 1562 2175 1585 momenti

1334 1616 1378 1632 11011
1395 1609 1555 1633 occurrebant,
1574 1611 1678 1633 Attamen
1701 1616 1737 1633 res
1763 1611 1874 1640 minutas,
1890 1617 1950 1640 quae
1967 1613 2070 1639 spectant
2087 1610 2116 1632 ad
2132 1610 2175 1632 010-

1333 1657 1431 1679 ctionem
1449 1657 1600 1679 terminorum
1617 1657 1691 1686 magis
1708 1655 1869 1686 propriorum,
1886 1658 2021 1686 praesertim
2037 1657 2113 1686 quoad
2126 1662 2175 1685 par-

1334 1703 1414 1726 ticulas
1430 1703 1550 1731 orationis,
1567 1704 1596 1726 ad
1614 1704 1749 1732 positionem
1768 1704 1893 1727 verborum
1910 1707 1932 1727 et
1948 1705 1977 1727 ad
1997 1704 2174 1727 eliminationem

1333 1750 1480 1780 quorundam
1503 1750 1630 1773 verborum
1655 1758 1697 1779 per
1722 1752 1819 1775 modum
1838 1752 1927 1780 glossae
1943 1752 2095 1780 insertorum,
2111 1757 2135 1774 v.
2151 1756 2175 1779 g.

1333 1798 1433 1825 scilicet,
1449 1798 1471 1820 in
1484 1798 1546 1820 omni
1558 1799 1642 1826 pagina
1659 1799 1745 1826 pluries
1759 1800 1908 1822 mutavimus.
1919 1800 1988 1822 Porro
2005 1801 2080 1822 theses
2096 1805 2107 1821 a
2125 1804 2175 1826 pro-

1334 1845 1425 1868 batione
1436 1851 1516 1868 earum
1529 1846 1696 1874 typographice
1707 1846 1863 1874 distinximus,
1875 1847 1936 1870 locos
1949 1847 2034 1869 multos
2050 1846 2122 1874 ipsius
2139 1851 2176 1868 au-

1334 1893 1403 1915 ctoris
1414 1895 1436 1915 et
1447 1893 1543 1915 aliorum
1556 1892 1586 1915 ad
1597 1892 1683 1915 calcem
1701 1892 1854 1916 indicavimus
1869 1896 1891 1916 et
1907 1893 2002 1916 adiectis
2018 1893 2077 1916 notis
2094 1892 2176 1921 margi-

1334 1938 1425 1962 nalibus
1443 1938 1586 1961 uberrimam
1603 1938 1722 1961 materiam
1744 1938 1880 1965 brevissime
1901 1945 2033 1967 expressam
2055 1945 2102 1962 uno
2123 1944 2176 1961 con-

1335 1976 1395 2009 tuitu'
1409 1985 1495 2009 facilius
1512 1985 1645 2008 intuendam
1661 1985 1803 2008 curavimus.

1398 2034 1421 2056 ln
1439 2036 1498 2057 textu
1517 2033 1664 2056 reformando
1681 2033 1723 2056 has
1738 2033 1830 2061 regulas
1845 2033 1915 2056 secuti
1932 2040 2021 2057 sumus.
2033 2033 2130 2063 Quando
2141 2039 2176 2056 0οι

1335 2082 1399 2104 dices
1416 2088 1476 2104 saec.
1488 2082 1543 2104 Xlll.
1559 2080 1728 2104 conveniebant
1744 2083 1821 2103 contra
1837 2080 1975 2104 recentiores
1991 2081 2095 2109 codices,
2112 2080 2176 2110 quod

1338 2129 1475 2158 plerumque
1492 2129 1580 2157 evcnit,
1597 2129 1663 2151 lectio
1679 2128 1770 2151 illorum
1787 2127 1936 2157 praeferenda
1954 2131 2014 2156 erat,
2026 2128 2069 2151 nisi
2085 2127 2177 2151 aliunde

1336 2175 1411 2204 aliqua
1436 2176 1493 2198 ratio
1518 2175 1626 2198 obstaret.
1648 2175 1671 2197 Si
1692 2175 1733 2198 soli
1760 2175 1807 2198 duo
1830 2174 1969 2203 antiquiores
1990 2175 2083 2198 codices
2106 2174 2130 2203 (S
2147 2174 2176 2203 Μ)

1336 2221 1458 2245 meliorem
1475 2223 1595 2245 lectionem
1620 2222 1763 2250 praebebant
1784 2228 1853 2251 quam
1870 2221 1920 2250 alii,
1937 2221 2005 2244 etiam
2024 2222 2045 2244 in
2063 2223 2106 2245 hoc
2123 2227 2176 2244 casu

1337 2275 1388 2291 eam
1405 2270 1544 2297 recepimus.
1560 2269 1752 2292 Dissentientibus
1768 2272 1843 2292 autem
1859 2268 2041 2298 antiquioribus,
2065 2268 2177 2296 elegimus

1337 2315 1456 2343 lectiones,
1472 2322 1533 2345 quae
1549 2315 1617 2338 nobis
1633 2315 1800 2344 probabiliores
1810 2314 1955 2344 videbantur,
1966 2316 2003 2338 vel
2015 2315 2087 2338 verba
2098 2315 2120 2337 in
2132 2313 2177 2337 edi-

1338 2361 1439 2386 tionibus
1455 2363 1536 2385 tradita
1553 2361 1697 2386 retinuimus.

1400 2409 1507 2432 Ceterum
1525 2409 1562 2432 vix
1580 2409 1690 2433 credibile
1706 2409 1780 2433 videri
1804 2412 1893 2439 posset,
1910 2412 2020 2439 quantam
2037 2409 2176 2432 minutarum

1338 2456 1519 2479 differentiarum
1538 2447 1676 2485 farraginem
1694 2464 1721 2483 011
1745 2456 1850 2480 codicum
1875 2456 1994 2479 collatione
2010 2455 2178 2484 collegerimus.

1339 2503 1473 2526 Praesertim
1485 2503 1623 2527 recentiores
1634 2504 1725 2527 codices
1736 2506 1758 2527 et
1769 2504 1826 2526 inter
1837 2509 1862 2525 se
1873 2506 1896 2525 et
1906 2503 1936 2525 ab
1948 2503 2048 2531 antiquis
2059 2500 2177 2525 codicibus

1339 2551 1362 2572 et
1378 2548 1408 2571 ab
1432 2543 1572 2573 editionibus
1588 2551 1635 2573 sere
1656 2551 1678 2573 in
1694 2550 1758 2573 omni
1775 2550 1832 2573 linea
1850 2549 1872 2572 in
1889 2549 1972 2572 talibus
1989 2546 2138 2571 dissidebant.
2154 2547 2176 2569 ln

1339 2597 1388 2619 solo
1405 2596 1455 2619 1000
1472 2597 1495 2619 S.
1512 2597 1610 2620 Anselmi
1629 2598 1693 2627 (pag.
1709 2598 1766 2625 290,
1782 2598 1823 2620 col.
1837 2598 1859 2620 2.
1875 2599 1898 2619 et
1914 2602 1967 2624 pag.
1985 2595 2040 2623 294)
2057 2595 2117 2617 ultra
2134 2592 2177 2615 440

1339 2643 1450 2666 100ῑί0005
1466 2644 1582 2667 variantes
1599 2644 1713 2668 habemus
1728 2645 1840 2672 collectas,
1851 2648 1950 2672 quarum
1962 2644 2050 2664 tantum
2067 2646 2154 2669 paucae
2165 2646 2178 2663 a

1340 2689 1408 2713 nobis
1424 2693 1542 2719 receptae,
1560 2691 1596 2714 vel
1613 2692 1643 2714 ad
1660 2692 1746 2715 calcem
1762 2692 1852 2713 notatae
1869 2692 1930 2712 sunt.

1403 2739 1427 2761 ln
1444 2738 1489 2761 ane
1505 2744 1525 2760 c.
1543 2738 1565 2761 4.
1584 2739 1655 2767 partis
1671 2739 1696 2762 11.
1712 2739 1830 2762 inventum
1846 2739 1881 2760 est
1897 2736 1919 2759 in
1935 2735 1988 2759 cod.
2004 2735 2022 2758 Α
2043 2737 2065 2757 et
2085 2733 2179 2757 duobus

1339 2785 1390 2808 aliis
1415 2785 1598 2808 additamentum
1622 2786 1677 2809 satis
1702 2784 1800 2814 grande,
1816 2783 1893 2813 quod,
1912 2782 1966 2811 quia
1985 2781 2091 2810 spurium
2110 2779 2178 2804 nobis

1340 2832 1470 2861 videbaturr
1487 2831 1517 2854 ad
1534 2832 1619 2855 calcem
1637 2832 1757 2861 posuimus
1775 2831 1824 2861 (etr.
1840 2837 1895 2859 pag.
1912 2829 1966 2856 222,
1981 2831 2035 2851 nota
2051 2816 2091 2857 2.).

1403 2881 1433 2903 Ex
1450 2879 1530 2902 codice
1547 2879 1655 2903 Trecensi
1673 2880 1705 2909 (n.
1723 2878 1769 2908 20.)
1790 2878 1875 2906 scripto
1896 2883 1933 2899 an.
1951 2876 2011 2899 4257
2033 2875 2180 2898 confirmatur

1341 2927 1482 2957 praesumtio
1494 2933 1535 2955 per
1546 2933 1571 2949 50
1582 2927 1722 2955 verisimilis,
1733 2925 1796 2956 quod
1808 2926 1831 2948 S.
1843 2925 1926 2948 Ductor
1941 2922 2113 2952 Breviloquium
2128 2921 2181 2945 scri-

1341 2975 1412 3004 pserit
1420 2977 1472 2997 ante
1481 2974 1553 3003 ipsius
1563 2974 1730 3002 promotionem
1739 2973 1768 2996 ad
1776 2977 1912 3001 supremum
1921 2970 2013 2994 Ordinis
2022 2968 2181 2993 ministerium.
