2285 3398
445 212 477 240 lV
1151 211 1392 241 PROLEGOMENA
1413 212 1441 241 C.
1464 213 1481 241 Ι.

443 290 543 318 denique
559 290 597 312 sol.
615 289 652 311 43.
669 295 692 312 v.
708 289 746 311 die
762 289 786 311 7.
802 289 869 312 Madii
881 288 935 319 [sic]
948 295 984 311 an.
998 289 1053 312 1361
1071 289 1143 318 (apud
1154 290 1232 312 Leonii
1249 296 1287 312 an.

445 336 523 365 1360).
535 336 636 359 Primum
647 339 725 359 autem
739 336 899 364 inventarium,
911 336 948 359 cui
959 337 1064 364 alterum,
1076 337 1139 366 quod
1155 336 1186 359 ibi
1204 336 1287 359 dicitur

443 389 543 411 novum,
556 385 660 410 tempore
674 383 790 405 Benedicti
803 383 849 410 ΧΠ,
861 383 900 412 qui
918 383 959 406 suit
975 383 1036 411 Papa
1048 382 1078 406 ab
1089 389 1127 406 an.
1140 382 1200 406 1334
1212 388 1287 412 usque

443 430 472 452 ad
483 436 520 452 an.
534 429 600 458 1342,
617 429 766 452 subiunctum
778 432 824 457 est,
836 432 932 452 testante
942 430 992 458 ipsa
1005 430 1128 458 scriptura,
1141 429 1200 452 circa
1216 429 1286 452 finem

442 477 526 500 saeculi
542 477 597 500 xm.
609 478 737 500 consectum
754 480 801 504 est,
812 477 997 506 probabilissime
1009 483 1036 500 eo
1049 480 1166 506 tempore,
1178 483 1225 506 quo
1240 483 1286 500 car-

442 525 525 547 dinalis
540 524 680 552 Bentivenga
696 524 727 547 de
743 524 889 553 Bentivengic
907 523 978 547 libros
994 530 1049 547 suos
1065 525 1150 548 multos
1166 527 1188 547 et
1204 524 1286 553 pretio-

441 578 479 594 sos
492 574 514 594 et
525 571 689 599 supellectilem
706 573 839 599 argenteam
857 570 984 593 Conventui
996 570 1122 593 Tudertino
1134 572 1158 593 S.
1169 571 1286 594 Fortunati

442 620 516 647 legato
536 618 635 647 reliquit.
652 619 703 646 lpse
719 618 779 640 enim
797 618 873 646 primo
891 618 932 640 suit
948 617 1090 646 guardianus
1106 618 1211 640 eiusdem
1228 617 1286 640 Con-

441 668 535 693 ventus,
552 666 637 688 deinde
653 672 690 688 an.
708 666 768 688 ⁴276
780 666 866 688 eiectus
877 665 1001 693 episcopus
1012 666 1159 692 Tudertinus,
1175 671 1213 687 an.
1225 664 1284 687 4278

441 715 561 742 promotus
572 713 601 735 ad
613 712 747 741 dignitatem
759 712 880 735 cardinalis
892 712 1004 734 Ecclesiae
1016 713 1133 734 Romanae
1145 715 1168 734 et
1178 718 1215 734 an.
1225 712 1284 734 ⁴290

441 761 480 790 (ita
504 759 659 789 probabilius,
676 766 721 782 non
747 766 785 782 an.
803 760 871 787 4289,
889 762 913 782 ut
937 759 1016 782 dicunt
1040 759 1126 782 Bonelli
1150 762 1173 782 et
1197 758 1284 788 Leonii)

440 810 546 831 mortuus
562 810 585 830 et
601 808 624 830 in
641 808 735 830 ecclesia
753 808 776 830 S.
796 807 912 829 Fortunati
937 806 1041 834 sepultus
1062 809 1103 829 est.
1120 807 1144 829 111
1161 812 1203 829 suo
1221 808 1285 828 testa-

440 857 517 878 mento
540 854 578 877 14.
595 854 651 877 lunii
677 854 737 877 ⁴286
759 854 857 882 scripto,
874 853 938 882 quod
964 853 985 875 in
1007 852 1066 876 libro
1088 853 1167 875 Leonii
1183 858 1238 881 pag.
1254 852 1284 874 78

440 903 579 931 impressum
596 904 643 931 est,
659 901 714 925 dicit
731 901 766 924 ille
783 901 904 924 cardinalis
922 900 988 929 (ibid.
1004 906 1058 928 pag.
1081 900 1132 928 81);
1153 900 1229 922 altem
1246 905 1284 921 vo-

439 950 528 977 lumus,
539 949 603 978 quod
620 955 701 972 omnes
717 947 782 976 libri,
793 954 852 977 quos
868 948 980 975 emimus,
992 950 1083 975 praeter
1095 947 1220 969 decretales
1232 946 1285 969 den-

437 999 474 1019 tur
485 995 613 1019 Conventui
631 997 728 1018 fratrum
739 995 852 1018 Minorum
864 995 894 1017 de
905 995 929 1017 S.
939 995 1063 1017 Fortunato
1076 993 1171 1016 Tuderti
1184 1002 1206 1015 n.
1217 993 1284 1021 Quod

438 1045 481 1066 hac
494 1043 628 1071 occasione,
639 1042 698 1066 sicut
714 1042 810 1064 aliarum
827 1047 919 1068 rerum,
931 1041 960 1063 ita
972 1041 1041 1063 etiam
1054 1043 1086 1062 tot
1097 1039 1208 1062 librorum
1226 1040 1285 1067 lega-

437 1093 514 1113 torum
528 1089 682 1112 inventarium
700 1089 802 1117 primum
819 1089 949 1111 confectum
962 1087 1003 1114 sit,
1015 1088 1062 1109 sere
1072 1092 1116 1114 pro
1127 1088 1189 1109 certo
1202 1085 1285 1108 haben-

437 1139 494 1161 dum
509 1140 551 1161 est.
568 1137 628 1160 Haec
644 1136 773 1165 suppositio
790 1142 818 1159 eo
834 1135 991 1161 confirmatur,
1003 1133 1068 1163 quod
1085 1134 1108 1155 in
1120 1133 1162 1156 isto
1179 1134 1284 1161 catalogo

437 1191 484 1209 non
500 1187 607 1208 notantur
623 1180 742 1211 auctores,
758 1183 800 1206 nisi
821 1182 861 1212 qui
884 1185 935 1205 ante
956 1189 992 1204 an.
1010 1182 1070 1203 1290
1093 1181 1243 1209 scripserunt,
1260 1183 1285 1203 ut

436 1232 536 1255 affirmat
557 1231 643 1254 Bonelli
663 1230 830 1260 (Prodromus,
854 1230 897 1252 col.
915 1229 959 1252 479
982 1228 1070 1258 seqq.),
1091 1228 1132 1257 qui
1151 1228 1234 1250 multos
1258 1233 1284 1251 ex

436 1280 519 1302 eodem
536 1278 686 1306 transcripsit.

499 1327 522 1349 ln
539 1327 584 1348 hoc
595 1325 665 1353 igitur
675 1327 751 1347 tantae
763 1323 903 1352 antiquitatis
919 1325 941 1345 et
951 1322 1093 1345 auctoritatis
1103 1322 1209 1350 catalogo
1221 1328 1284 1350 prae·
1295 1352 1301 1354 Π

437 1376 470 1396 ter
487 1373 571 1395 multos
587 1372 644 1394 alios
660 1372 683 1394 S.
699 1371 876 1393 Bonaventurae
892 1369 963 1392 libros
980 1371 1070 1391 notatae
1081 1371 1135 1391 sunt
1145 1369 1214 1391 etiam
1226 1368 1284 1391 eius-

437 1420 491 1443 dem
509 1418 661 1447 Quaestiones
678 1417 818 1447 deputatae.
836 1418 894 1439 inter
916 1422 986 1444 opera
1011 1416 1072 1438 enim
1095 1415 1223 1444 theologica
1242 1414 1283 1444 (ibi

436 1467 474 1489 sol.
491 1466 537 1494 18.)
559 1465 642 1493 legitur
664 1464 708 1487 sub
730 1470 828 1487 numero
846 1464 891 1485 118:
911 1464 998 1490 altem,
1016 1463 1148 1492 questiones
1168 1462 1283 1491 disputate

437 1513 512 1535 fratris
534 1512 654 1535 Guillielmi
671 1511 798 1540 Baglionis,
816 1510 891 1533 fratris
910 1511 1083 1537 Bonaventure‚
1100 1509 1175 1532 fratris
1192 1510 1283 1532 Bartho-

436 1559 530 1586 lomaei,
543 1559 617 1582 fratris
634 1558 747 1581 Guillelmi
763 1557 793 1580 de
810 1558 883 1585 Mara,
896 1557 970 1579 fratris
986 1556 1107 1584 Gualterii,
1119 1556 1142 1578 in
1159 1562 1204 1579 uno
1221 1556 1284 1578 volu-

437 1606 529 1629 mine».
543 1606 615 1628 Etiam
634 1605 657 1627 in
673 1605 776 1628 secundo
793 1604 922 1627 inventario
934 1604 966 1633 (n.
979 1604 1029 1633 36.)
1043 1603 1104 1626 idem
1116 1602 1173 1626 liber
1184 1606 1283 1630 notatur,

437 1656 563 1676 memorato
585 1653 688 1681 explicite
710 1652 804 1675 nomine
828 1653 851 1675 S.
876 1652 1061 1678 Bonaventurae;
1078 1651 1101 1673 in
1125 1653 1209 1680 quarto
1226 1657 1282 1673 vero

436 1701 477 1723 ista
494 1700 596 1723 collectio
613 1700 776 1729 quaestionum
800 1706 813 1722 a
838 1700 937 1723 diversis
954 1699 1092 1727 scriptarum
1117 1705 1162 1721 non
1184 1700 1282 1726 notatur,

435 1747 476 1769 sed
495 1746 541 1769 sub
562 1753 585 1769 11,
604 1746 641 1769 49,
660 1746 722 1769 idem
746 1747 796 1775 ipse
820 1747 873 1769 cod.
894 1746 965 1775 (nunc
986 1746 1046 1774 sign.
1065 1745 1103 1773 60)
1120 1745 1225 1772 refertur,
1242 1744 1283 1773 qui

436 1794 512 1817 adhuc
529 1797 680 1817 conservatur
696 1797 718 1817 et
734 1794 882 1823 quaestiones
898 1794 1027 1822 disputatas
1043 1793 1073 1815 de
1089 1792 1183 1815 scientia
1200 1791 1283 1815 Christi

435 1843 457 1863 et
473 1841 503 1863 de
520 1841 630 1869 mysterio
647 1841 680 1863 Ss.
693 1840 810 1863 Trinitatis
826 1840 933 1863 continet.
945 1839 1022 1862 Codex
1033 1840 1076 1861 iste
1088 1839 1247 1862 miscellaneus
1261 1840 1283 1860 et

435 1887 492 1910 inira
509 1887 523 1915 S
541 1887 562 1910 4.
578 1887 708 1910 accuratius
724 1887 855 1915 descriptus
871 1886 972 1909 continet
987 1885 1185 1908 Commentarium
1203 1886 1226 1907 S.
1242 1885 1283 1906 Bo-

435 1937 577 1958 naventurae
594 1935 615 1957 in
633 1935 732 1962 Lucam,
754 1934 792 1956 cui
817 1933 944 1962 praefixum
967 1936 1002 1955 est
1022 1933 1161 1961 opusculum
1186 1932 1216 1954 ab
1240 1932 1282 1954 alia

436 1988 505 2004 manu
522 1988 582 2004 saec.
599 1982 654 2004 Xlll.
672 1981 796 2010 scriptum,
813 1981 877 2010 quod
898 1980 991 2008 incipit:
1009 1979 1124 2008 Qum-itm·
1141 1979 1169 2002 de
1184 1978 1283 2002 scientia

437 2029 530 2053 Christi.
548 2030 663 2051 Manifesta
685 2032 793 2057 apparet,
814 2029 856 2050 has
876 2028 1025 2056 Quaestiones
1042 2027 1106 2055 prius
1126 2027 1237 2050 exstitisse
1258 2027 1282 2049 in

436 2078 479 2100 ulio
497 2076 613 2099 volumine
630 2079 652 2098 et
669 2076 753 2098 deinde
770 2081 823 2098 cum
836 2075 954 2103 praedicto
965 2064 1136 2098 Commentario
1148 2075 1282 2097 coniunctas

435 2126 457 2146 et
474 2123 648 2151 compaginatas
665 2128 723 2144 esse.
734 2122 825 2144 Etcum
842 2122 933 2144 aliunde
949 2124 1049 2150 constet,
1062 2121 1123 2150 ipsas
1140 2121 1225 2144 habere
1242 2127 1282 2143 au-

435 2173 522 2193 ctorem
541 2171 562 2192 S.
581 2171 778 2196 Bonaventuram,
797 2169 863 2192 vaide
888 2172 922 2191 est
947 2169 1082 2197 verisimile,
1099 2175 1138 2191 eas
1163 2175 1209 2191 non
1232 2174 1282 2190 esse

436 2218 540 2240 diversas
557 2217 587 2239 ab
604 2217 645 2239 illis
662 2223 722 2246 quae
745 2217 767 2239 in
790 2216 865 2245 primo
884 2216 1011 2239 inventario
1028 2216 1096 2238 simui
1113 2222 1166 2238 cum
1184 2216 1281 2238 aliorum

435 2266 556 2287 auctorum
578 2263 752 2298 quaestionibus
774 2266 931 2286 memorantur
949 2266 973 2286 ut
990 2262 1203 2285 Bonaventurianae
1219 2264 1241 2284 et
1257 2262 1281 2284 in

436 2317 482 2333 uno
499 2311 616 2334 volumine
633 2312 682 2333 aliis
699 2311 841 2333 coniunctae.
853 2310 911 2333 Cum
928 2313 1005 2332 autem
1028 2312 1107 2338 postea
1124 2309 1147 2332 111
1164 2309 1226 2331 aliud
1243 2315 1282 2331 vo-

435 2358 511 2380 lumen
529 2358 649 2380 translatae
666 2358 722 2385 sint,
741 2359 812 2379 sactae
829 2359 882 2379 sunt
898 2362 1035 2384 anonymae.

498 2404 527 2426 Ex
545 2404 663 2431 praedicto
681 2404 750 2432 igitur
768 2403 895 2425 inventario
907 2403 959 2424 iam
974 2403 1029 2425 satis
1047 2405 1153 2430 apparet,
1171 2403 1194 2424 S.
1211 2402 1281 2424 Bona-

435 2453 555 2473 venturam
570 2458 651 2479 reapse
668 2452 787 2479 scripsisse
803 2450 953 2479 Quaestiones
967 2450 1102 2477 disputatas.
1115 2450 1181 2478 Quod
1199 2449 1281 2471 contir-

435 2500 510 2520 matur
526 2504 572 2520 non
590 2500 677 2520 tantum
695 2497 737 2519 iilis
754 2497 911 2523 documentis,
929 2502 988 2525 quae
1006 2496 1028 2518 in
1046 2502 1093 2524 seq.
1112 2495 1125 2522 (ς
1138 2496 1159 2518 111
1177 2496 1279 2518 medium

435 2546 594 2572 proferuntur,
612 2545 653 2567 sed
669 2545 737 2567 ctiam
756 2545 884 2567 testimonio
911 2544 946 2566 Fr.
970 2543 1078 2566 Bonisacii
1104 2543 1132 2564 (le
1149 2542 1222 2569 Ceva,
1240 2543 1280 2570 qui

435 2591 506 2613 edidit
517 2597 628 2620 magnum
639 2599 698 2620 opus
709 2592 843 2620 inscriptum
853 2591 1016 2614 Fir-mamertia
1025 2590 1099 2613 trium
1110 2589 1228 2612 Ordinum
1237 2591 1279 2610 etc.

435 2637 537 2665 Parisiis,
554 2639 609 2660 Jean
632 2638 700 2665 Petit,
719 2638 786 2660 1512.
804 2638 837 2660 lbi
855 2645 877 2666 p.
899 2638 914 2659 1.
936 2638 974 2659 sol.
995 2637 1052 2659 XLll
1069 2643 1088 2658 r.
1109 2639 1144 2658 est
1166 2636 1280 2658 indiculus

435 2690 533 2712 operum
556 2685 577 2706 S.
596 2685 771 2707 Bonaventurae
789 2685 852 2712 (vide
873 2685 931 2707 intra
954 2690 974 2706 c.
994 2682 1047 2711 12),
1065 2683 1105 2712 qui
1128 2683 1208 2706 ultimo
1230 2683 1279 2704 loco

435 2730 518 2754 habet:
540 2740 550 2751 u
563 2732 630 2759 item,
648 2732 746 2759 plurima
763 2739 767 2752 ι
780 2731 895 2754 uodlibeta
908 2740 929 2753 ».

496 2779 509 2807 ἐς
526 2780 547 2801 3.
565 2777 711 2805 Quaestiones
728 2785 742 2801 a
759 2777 825 2801 nobis
841 2777 916 2801 editae
933 2778 982 2800 iure
1002 2777 1024 2800 S.
1037 2777 1210 2800 Beneventano
1226 2776 1280 2800 vin-

433 2825 548 2848 dicantur.
565 2838 596 2842 —
612 2826 701 2853 Primo,
718 2825 814 2849 critmia
831 2824 971 2852 intrinseca,
988 2830 1049 2853 quae
1060 2827 1179 2851 vocantur,
1196 2823 1280 2846 scilicet

432 2873 547 2900 doctrina,
565 2873 698 2901 methodus,
716 2872 826 2902 loquendi
843 2872 965 2899 formulae,
982 2872 1046 2894 stilus
1062 2872 1144 2894 harum
1165 2871 1280 2900 Quaestio-

432 2926 500 2947 num,
519 2920 547 2942 ita
565 2920 685 2942 manifeste
706 2921 892 2942 Bonaventuram
915 2921 1025 2942 testantur
1045 2922 1175 2947 auctorem,
1199 2921 1223 2940 ut
1239 2918 1279 2946 qui

420 2970 516 2998 ‘attente
529 2968 609 2995 legerit
624 2968 728 2990 eiusdem
745 2967 942 2990 Commentarium
959 2967 981 2989 in
994 2966 1122 2988 Sententias
1139 2966 1197 2988 Petri
1215 2967 1279 2988 Lom-

433 3014 498 3037 bardi
516 3015 554 3037 vix
565 3015 593 3037 de
611 3016 654 3037 hoc
666 3015 738 3042 possit
754 3015 871 3042 dubitare,
889 3014 957 3037 etiarn
970 3013 1129 3037 deficientibus
1144 3012 1279 3035 testimoniis

1343 290 1464 313 historicis.
1475 290 1541 313 Certe
1552 297 1608 320 nos,
1623 291 1778 315 examinantes
1790 292 1839 315 illos
1851 292 1954 319 codices,
1967 293 2007 321 qui
2024 294 2065 315 has
2076 294 2187 322 quaestio-

1342 343 1383 359 nes
1402 336 1531 360 referebant
1549 337 1663 360 similibus
1682 338 1779 361 aiiorum
1798 341 1919 361 auctorum
1939 339 2112 368 quaestionibus
2136 346 2188 368 per-

1342 384 1436 412 mixtas,
1459 385 1507 407 solo
1530 385 1664 408 interiorum
1692 388 1799 408 notarum
1821 386 1953 409 discrimine
1979 387 2043 413 facile
2070 387 2187 415 potuimus

1342 431 1484 460 distinguere
1500 432 1711 455 Bonaventurianas
1726 432 1756 455 ab
1774 433 1860 455 alienis.

1406 479 1450 502 Sed
1467 479 1562 501 minime
1583 479 1666 501 desunt
1683 482 1744 502 certa
1767 480 1895 502 testimonia
1921 487 1963 508 pro
1984 481 2085 509 legitimo
2107 487 2186 504 earum

1342 527 1436 548 auctore
1452 526 1475 548 S.
1497 526 1665 548 Bonaventura.
1687 526 1710 548 ln
1727 527 1770 549 hoc
1792 526 1891 554 capitulo
1908 527 2024 549 alierimus
2042 533 2067 549 ea
2085 530 2186 555 tantum,

1342 577 1403 601 quae
1419 574 1523 600 spectant
1539 572 1569 595 ad
1586 572 1735 601 Quaestiones
1747 573 1776 595 de
1794 573 1888 596 scientia
1905 573 1986 596 Christi
1998 576 2021 596 et
2032 574 2062 596 de
2079 574 2187 602 mysterio

1343 619 1378 641 SS.
1395 619 1520 641 Trinitatis.

1404 665 1507 688 Primum
1516 666 1670 688 testimonium
1680 666 1719 689 dat
1730 667 1781 689 cod.
1792 667 1922 695 Vaticanus,
1931 667 1991 695 sign.
2000 667 2053 689 612.
2062 673 2122 689 saec.
2132 667 2187 690 Xlll.

1341 712 1398 734 infra
1410 712 1424 740 S
1436 712 1458 735 4.
1469 713 1598 735 accuratius
1614 713 1744 741 descriptus
1758 716 1780 736 et
1791 720 1803 735 a
1815 713 1881 736 nobis
1898 714 1969 736 littera
1985 714 2003 736 Α
2021 714 2148 736 distinctus.
2160 715 2187 737 Ut

1341 761 1385 783 hoc
1402 760 1558 783 testimonium
1580 760 1610 783 ab
1631 767 1773 790 unoquoque
1795 761 1895 789 propriis
1917 761 1989 784 oculis
2011 762 2082 790 possit
2102 762 2187 784 exami-

1340 807 1402 834 nari,
1420 807 1519 829 duarum
1536 807 1673 835 paginarum
1686 808 1811 836 imaginem
1828 811 1876 830 arte
1892 809 2073 836 photographica
2092 809 2187 831 fideliter

1341 858 1473 881 expressam
1491 853 1526 876 his
1543 853 1713 881 prolegomenis
1733 853 1903 876 subiunximus.
1919 855 1941 876 ln
1964 855 2039 882 prima
2056 855 2125 882 igitur
2148 855 2187 876 ha-

1340 905 1393 922 rum
1410 900 1561 928 paginarum,
1577 900 1620 922 coi.
1638 901 1660 923 2.
1679 903 1730 923 ante
1748 901 1864 929 medium,
1881 901 1963 929 iegitur
1980 901 2056 924 tabula
2073 901 2185 924 dictarum

1340 947 1503 975 quaestionum
1521 947 1555 969 his
1572 946 1662 969 verbis:

1406 1001 1417 1013 α
1430 994 1510 1016 Utrum
1528 994 1621 1016 scientia
1637 993 1719 1017 Christi
1737 994 1865 1017 secundum
1882 994 1946 1023 quod
1959 994 2062 1017 Verbum
2077 1001 2102 1017 sc
2114 997 2186 1017 exten-

1340 1039 1380 1061 dat
1396 1040 1425 1062 ad
1442 1040 1528 1062 infinita
1540 1049 1561 1062 n.

1406 1094 1417 1106 α
1429 1086 1510 1108 Utrum
1527 1086 1588 1109 Deus
1611 1089 1735 1114 cognoscat
1757 1092 1783 1108 ea
1806 1092 1852 1115 que
1872 1087 1989 1114 cognoscit
2005 1093 2046 1115 per
2063 1093 2140 1109 rerum
2157 1087 2187 1109 si-

1341 1133 1493 1160 militudines,
1510 1134 1547 1156 vel
1564 1139 1606 1161 per
1622 1133 1742 1156 essentiam
1756 1142 1767 1154 ν
1787 1134 1872 1156 εῑσ.’-
1883 1134 1985 1162 Septimo
2003 1135 2053 1156 loco
2070 1137 2115 1157 est:

1407 1181 1511 1204 «Utrum
1534 1181 1638 1203 divinum
1662 1187 1712 1203 esse
1734 1181 1762 1203 sit
1784 1187 1866 1203 verum
1889 1181 2039 1204 indubitabile
2055 1190 2077 1203 n.
2099 1193 2130 1198 —
2148 1182 2186 1203 Se-

1340 1229 1443 1255 quuntur
1465 1230 1553 1250 ceterae
1575 1227 1604 1250 de
1628 1227 1749 1255 Trinitate,
1767 1230 1823 1256 quot
1845 1228 1866 1250 in
1889 1228 1968 1251 codice
1990 1228 2115 1256 habentur,
2132 1234 2186 1257 qua-

1340 1280 1392 1296 rum
1411 1275 1488 1297 ultima
1506 1278 1552 1297 est:

1407 1330 1417 1342 u
1430 1323 1510 1345 Utrum
1528 1322 1616 1350 possint
1637 1324 1697 1345 stare
1720 1322 1806 1344 trinitas
1829 1325 1850 1344 et
1872 1329 1963 1345 summa
1980 1323 2152 1345 immutabilitas
2164 1332 2186 1345 ι».

1340 1368 1438 1391 Deinde:
1459 1377 1470 1389 α
1482 1369 1608 1396 Expliciunt
1625 1371 1732 1391 tractatus
1750 1368 1806 1398 [sic]
1821 1369 1918 1397 capitula
1936 1369 2004 1392 huius
2021 1372 2129 1392 tractatus
2140 1379 2162 1392 r».

1407 1425 1417 1436 a
1429 1416 1556 1444 Expliciunt
1571 1416 1703 1445 questiones
1719 1415 1773 1438 bone
1790 1415 1886 1439 venture
1903 1416 1933 1439 de
1949 1417 2042 1439 scientia
2059 1417 2175 1440 Christi».

1405 1472 1415 1482 «
1429 1463 1536 1492 Queritur
1558 1463 1587 1486 de
1609 1463 1702 1486 scientia
1728 1462 1809 1485 Christi
1832 1463 1959 1486 secundum
1982 1464 2045 1493 quod
2068 1463 2185 1491 Verbum,

1340 1513 1416 1532 utrum
1440 1516 1464 1532 se
1486 1510 1591 1532 extendat
1611 1510 1640 1532 ad
1664 1509 1772 1532 infinita»
1792 1512 1834 1532 etc.
1853 1510 1903 1539 (cfr.
1920 1510 1973 1533 edit.
1996 1513 2071 1533 nostra
2094 1517 2147 1539 pag.
2171 1511 2183 1533 3

1334 1549 1422 1587 seqq).

1402 1604 1459 1627 Nihil
1477 1604 1564 1631 obstat,
1581 1604 1645 1632 quod
1662 1604 1685 1626 in
1702 1604 1750 1626 aliis
1767 1604 1850 1626 nostris
1866 1603 1986 1627 codicibus
2003 1605 2098 1627 eaedem
2115 1611 2186 1634 quae-

1338 1652 1424 1674 stiones
1439 1653 1492 1673 sunt
1508 1656 1646 1678 anonymae.
1662 1650 1710 1672 Hoc
1733 1650 1809 1678 ipsum
1826 1651 1960 1679 saepissime
1977 1640 2092 1674 invenitur
2113 1652 2137 1674 in
2154 1654 2185 1674 tot

1339 1697 1513 1727 quaestionibus
1524 1697 1656 1724 disputatis,
1673 1703 1735 1725 quae
1745 1697 1821 1720 adhuc
1833 1697 1855 1720 in
1866 1697 2010 1721 bibliothecis
2022 1699 2119 1721 ineditae
2131 1705 2185 1721 con-

1339 1748 1468 1768 servantur.
1486 1745 1535 1767 Non
1547 1750 1599 1766 raro
1611 1744 1712 1766 desectus
1729 1745 1827 1767 nominis
1839 1745 1921 1768 accidit
1932 1746 1968 1768 vel
1980 1749 2074 1774 propter
2086 1746 2184 1768 eandem

1338 1791 1464 1819 rationem,
1481 1796 1552 1819 quam
1569 1796 1651 1818 supra,
1669 1791 1787 1819 loquentes
1804 1790 1833 1813 de
1850 1791 1930 1813 codice
1942 1791 2069 1814 Tudertino
2087 1791 2136 1820 (B),
2154 1791 2184 1813 in-

1340 1838 1480 1864 dicavimus,
1498 1837 1552 1865 quia
1569 1837 1655 1859 scilicet
1671 1838 1795 1864 opuscula,
1807 1837 1882 1860 ablata
1898 1844 1925 1860 ex
1936 1837 2007 1865 libro,
2025 1838 2091 1860 cuius
2108 1838 2185 1866 primi-

1340 1888 1376 1906 tus
1393 1890 1447 1912 pars
1463 1886 1538 1911 erant,
1550 1884 1711 1911 compaginata
1728 1887 1782 1906 sunt
1792 1887 1870 1912 postea
1888 1885 1952 1912 alhs,
1968 1884 2004 1907 vel
2015 1884 2046 1907 ob
2063 1885 2122 1907 hanc
2133 1890 2185 1907 (211-

1339 1937 1401 1959 sam,
1419 1930 1472 1959 quia
1495 1930 1596 1958 plurium
1613 1933 1734 1953 auctorum
1756 1931 1902 1960 quaestiones
1924 1931 1954 1954 de
1976 1931 2046 1954 variis
2067 1931 2137 1954 rebus
2160 1932 2184 1954 in

1340 1984 1412 2000 unum
1430 1978 1539 2000 volumen
1551 1980 1630 2005 postea
1647 1978 1753 2000 collectae
1769 1981 1829 2001 sunt.
1841 1979 1943 2008 Utraque
1958 1979 2028 2007 ratio,
2045 1979 2082 2001 vel
2097 1979 2183 2007 prima,

1339 2025 1375 2047 vel
1392 2025 1505 2051 secunda,
1527 2025 1646 2048 manifeste
1663 2025 1800 2048 observatur
1821 2026 1843 2048 in
1867 2028 1918 2049 octo
1941 2026 2061 2049 codicibus
2082 2032 2095 2048 a
2117 2025 2184 2048 nobis

1339 2071 1454 2094 adhibitis.

1404 2119 1537 2141 Secundum
1549 2119 1705 2142 testimonium
1724 2120 1799 2142 reddit
1810 2122 1888 2142 auctor
1905 2121 2064 2148 synchronus,
2082 2120 2183 2142 famosus

1340 2166 1374 2188 ille
1390 2166 1553 2193 antesignanus
1570 2166 1693 2188 zelatorum
1711 2167 1805 2194 regulae
1821 2168 1844 2189 S.
1855 2166 1980 2193 Francisci,
1996 2167 2075 2189 Petrus
2095 2165 2183 2188 loannis

1338 2212 1410 2241 Oliviy
1428 2213 1468 2241 qui
1480 2215 1584 2235 mortuus
1600 2216 1634 2236 est
1647 2213 1675 2235 14
1687 2214 1759 2236 Martii
1777 2214 1848 2242 ⁴298,
1861 2216 1886 2236 ut
1902 2213 2010 2242 probavit
2021 2214 2048 2236 cl.
2068 2214 2090 2236 P.
2103 2214 2183 2235 Frane.

1338 2260 1405 2282 Ehrle
1423 2260 1444 2281 S.
1463 2261 1476 2282 1.
1494 2260 1517 2282 111
1534 2260 1688 2283 eruditissimo
1703 2267 1745 2284 suo
1763 2263 1857 2284 tractatu
1874 2261 1904 2283 de
1916 2261 1962 2283 vita
1980 2264 2001 2283 et
2018 2261 2108 2288 scriptis
2124 2260 2183 2283 Petri

1339 2307 1428 2329 loannis
1445 2306 1502 2329 olivi
1520 2308 1613 2335 (Archiv
1634 2307 1670 2329 fiir
1686 2308 1865 2330 Litteratur-und
1887 2308 2121 2335 Kirchengesehichte
2142 2307 2183 2329 des

1334 2347 1474 2376 'Mittelalters
1491 2360 1537 2376 von
1549 2354 1571 2375 P.
1584 2354 1610 2376 11.
1624 2354 1711 2376 Denitie
1723 2355 1749 2376 O.
1761 2355 1784 2377 P.
1797 2354 1845 2377 und
1861 2355 1896 2376 Fr.
1910 2354 1975 2376 Ehrle
1992 2355 2015 2376 S.
2027 2354 2049 2381 1.,
2067 2354 2130 2376 Band
2145 2354 2182 2380 111,

1337 2401 1388 2423 Hesi.
1404 2401 1426 2423 3.
1445 2401 1466 2423 4.
1483 2407 1537 2429 pag.
1555 2401 1675 2429 409-552).
1692 2402 1823 2425 Praedictus
1839 2402 1918 2424 Petrus
1936 2402 2064 2430 theologiae
2080 2401 2181 2423 studium

1337 2448 1463 2475 complevit
1479 2447 1501 2469 in
1519 2447 1668 2470 universitate
1685 2448 1817 2475 Parisiensi,
1835 2449 1907 2470 tactus
1924 2448 2010 2470 ibidem
2029 2447 2181 2475 baccalarius,

1337 2494 1442 2521 magistri
1459 2495 1560 2516 lauream
1578 2499 1701 2523 respuens,
1718 2498 1751 2522 et,
1768 2495 1861 2517 vivente
1877 2495 1953 2517 adhuc
1971 2495 1993 2516 S.
2010 2495 2181 2521 Bonaventura,

1337 2543 1494 2563 commoratus
1510 2543 1544 2562 est
1561 2540 1652 2563 Parisiis
1669 2542 1690 2563 in
1708 2542 1790 2564 eodem
1808 2548 1860 2563 cum
1878 2541 1915 2563 illo
1931 2541 2057 2564 Conventu.
2071 2540 2182 2563 Versatis-

1336 2587 1409 2609 simus
1427 2587 1468 2609 suit
1484 2587 1507 2608 in
1524 2586 1635 2614 operibus
1652 2588 1674 2609 S.
1686 2588 1802 2614 Doctoris,
1814 2593 1874 2616 quae
1885 2588 1971 2615 passim
1990 2588 2020 2609 ita
2037 2587 2149 2615 excerpsit
2160 2589 2181 2608 et

1336 2641 1382 2657 11011
1405 2640 1457 2656 raro
1473 2634 1539 2662 quasi
1562 2634 1716 2662 transcripsit,
1734 2637 1758 2656 ut
1774 2634 1842 2656 etiam
1865 2634 1908 2656 viri
1931 2634 2012 2656 eruditi
2037 2634 2103 2662 (inter
2126 2633 2181 2655 alios

1335 2683 1403 2706 etiam
1422 2683 1445 2704 P.
1464 2682 1599 2704 Benedictus
1616 2682 1715 2710 Bonelli)
1733 2682 1756 2704 in
1773 2688 1874 2703 errorem
1892 2682 2024 2708 inciderint,
2042 2682 2106 2709 plura
2124 2681 2181 2703 eius-

1336 2731 1389 2753 dem
1407 2736 1476 2757 opcra
1495 2728 1643 2751 attribuentes
1660 2728 1779 2756 seraphico
1795 2731 1872 2750 nostro
1891 2728 1989 2750 Doctori.

1399 2778 1496 2800 ldoneus
1509 2776 1577 2803 igitur
1589 2777 1624 2798 hie
1643 2776 1704 2798 testis
1717 2776 1737 2798 in
1754 2775 1856 2804 quodam
1868 2782 1911 2798 suo
1922 2775 2055 2804 quodlibeto
2069 2775 2181 2803 expressis

1337 2824 1415 2847 verbis
1434 2824 1487 2846 citat
1505 2824 1527 2845 S.
1539 2824 1723 2845 Bonaventuram
1742 2825 1766 2844 ut
1777 2824 1893 2844 auctorem
1912 2823 1993 2844 harum
2011 2822 2181 2850 quaestionum.

1336 2874 1359 2895 ln
1377 2872 1455 2894 codice
1477 2871 1538 2893 enim
1560 2869 1711 2892 bibliothecae
1732 2869 1901 2896 Burghesianae
1921 2869 2046 2897 (Romae),
2063 2869 2121 2896 sign.
2141 2868 2178 2890 54.

1336 2919 1402 2947 (alias
1418 2917 1481 2946 250.)
1500 2908 1535 2939 sol.
1561 2917 1611 2939 134.
1629 2923 1652 2938 v.
1669 2916 1711 2938 col.
1732 2916 1749 2937 1.
1767 2916 1878 2943 allegatur
1894 2915 1970 2943 primo
1987 2916 2051 2938 locus
2073 2921 2099 2937 ex
2116 2914 2180 2937 Com·

1336 2965 1448 2988 mentario
1465 2966 1488 2987 S.
1505 2965 1592 2986 Bonav.
1603 2964 1625 2986 in
1644 2965 1658 2986 1.
1670 2965 1731 2986 Sent.
1749 2962 1772 2984 d.
1790 2963 1815 2991 Β,
1833 2962 1917 2985 deinde
1929 2962 2043 2990 sequitur:
2059 2970 2070 2981 ιι
2082 2961 2107 2983 Et
2120 2961 2179 2983 idem

1335 3012 1383 3034 vult
1406 3012 1566 3034 Bonaventura
1589 3011 1611 3033 111
1633 3011 1680 3033 suis
1703 3008 1866 3038 Questwnihus
1889 3008 2024 3039 dimicastis,
2046 3008 2179 3037 questione:
