2285 3398
455 191 554 219 XLVlll

409 276 420 284 s*
455 270 607 297 scripserunt,
625 267 709 296 incepit
724 270 786 290 aetas
802 265 1003 296 compmidimmm.
1019 266 1199 290 Extrahebantur
1209 269 1297 289 senten-

454 317 498 339 tiae
515 316 643 344 primorum
661 318 794 341 auctorum,
811 313 894 337 additis
911 314 963 336 hinc
985 313 1039 337 inde
1056 313 1121 336 novis
1143 312 1297 341 opinionibus.

455 364 484 385 Ex
502 365 601 391 quatuor
618 361 681 383 libris
697 360 859 384 Commentarii
877 360 1051 382 Bonaventurae
1069 360 1091 381 in
1104 359 1229 382 sententias
1241 362 1297 388 quot

454 410 521 433 libelli
538 409 629 441 eyitracti
647 409 692 431 sint
708 411 730 430 et
741 409 921 432 Bonanentume
938 408 1074 436 plerumque
1092 407 1206 434 inscripti,
1223 406 1297 429 videri

455 458 529 484 potest
544 462 570 477 ex
588 455 759 482 Prolegomenis
775 455 856 477 nostris
873 454 901 476 ad
914 457 969 477 tom.
983 455 999 476 l.
1011 460 1065 482 pag.
1076 454 1143 476 LXlV
1156 459 1223 482 seqq.
1234 453 1296 475 idem

453 504 529 527 evenit
553 504 621 526 etiam
644 506 749 531 respectu
772 503 868 525 aliorum
890 508 996 530 operum.
1021 502 1077 524 Hinc
1103 501 1166 524 facile
1191 501 1296 523 accidere

454 552 539 580 potuit,
551 554 575 573 ut
590 554 669 579 postea
687 551 734 578 ipsa
751 549 901 578 compendia,
913 549 964 571 licet
981 550 1037 571 sacta
1055 549 1100 571 sint
1115 548 1145 571 ab
1161 549 1210 571 aliis
1227 554 1296 576 saepe

454 599 586 626 anonymis,
604 597 757 620 tribuerentur
773 597 873 623 auctori,
890 597 929 625 qui
951 602 1011 624 opus
1027 596 1138 623 originale
1159 594 1297 623 composuit.

454 646 542 672 Reapse
560 646 603 666 hoc
620 644 702 666 accidit
718 646 823 671 respectu
842 642 981 671 Centiloquit'
995 645 1017 664 et
1029 641 1095 664 libelli
1110 641 1242 665 motai-atio
1254 642 1297 664 ter-

454 691 575 714 minorum
592 690 728 720 theologiae.

516 738 536 766 S.
557 739 575 761 1.
592 736 769 768 Cantiloquium,
787 736 843 767 quod
859 735 1006 759 communitor
1017 735 1044 759 ut
1055 735 1177 765 genuinum
1188 735 1212 758 et
1222 735 1297 758 Bona-

454 785 552 808 venturn.
568 783 660 813 dignum
678 790 732 814 opus
748 783 861 813 receptum
879 783 927 812 est,
940 782 968 806 ab
982 782 1029 812 ipso
1040 789 1083 805 non
1095 782 1131 805 ost
1142 781 1294 812 compositum.

452 844 483 848 —
500 832 639 859 impressum
652 834 685 853 est
701 831 752 853 sine
769 830 905 853 indicatione
922 829 975 852 anni
993 830 1083 852 Zwollis
1101 830 1122 852 in
1134 829 1260 852 Hollandia.
1272 830 1296 851 ln

453 880 498 901 tine
516 879 609 906 legitur:
624 877 727 907 Eaepta'oit
739 877 834 900 Domini
845 878 1026 900 Bonaventm'ne
1038 876 1217 906 Centiloquium.
1231 876 1295 906 Opus

448 926 561 956 pei-utile,
580 925 674 949 Zwollt's
692 925 843 954 impressum.
861 924 908 947 Deo
925 924 1025 954 malias.
1043 925 1105 946 Hauc
1123 924 1246 947 editionem
1265 924 1295 946 vi-

452 973 485 996 dit
502 974 524 996 l).
542 973 623 995 Fidelis
640 973 661 994 in
679 971 816 995 bibliotheca
833 971 987 999 Camberiaci‚
999 971 1053 993 edit.
1065 978 1087 993 n.
1100 971 1168 993 662t.
1181 971 1296 993 Invenitur

452 1020 539 1043 libellus
556 1020 623 1043 etiam
642 1020 664 1042 in
676 1020 750 1048 prima
768 1019 898 1042 collectione
909 1019 1074 1047 opusculorum
1088 1019 1110 1040 S.
1122 1019 1295 1041 Bonaventurae

453 1068 510 1097 (sine
527 1069 576 1091 loco
593 1071 615 1090 et
631 1068 712 1096 anno),
729 1067 812 1089 deinde
830 1067 851 1088 in
864 1068 975 1095 sequente
991 1066 1043 1088 anni
1058 1066 1118 1088 ’1684
1130 1069 1152 1088 et
1163 1066 1211 1088 aliis
1223 1069 1296 1094 poste-

454 1114 561 1138 rioribus.
577 1115 630 1137 lnde
642 1121 653 1136 a
666 1114 758 1137 saeculo
776 1114 827 1136 XV.
844 1113 996 1136 communiter
1012 1113 1033 1135 ei
1051 1112 1161 1135 tributum
1173 1115 1219 1139 est,
1233 1119 1295 1141 prae·

453 1162 530 1185 sertim
548 1168 559 1183 a
578 1161 671 1184 duobus
688 1160 815 1189 insignibus
832 1160 899 1187 viris,
917 1160 1001 1182 scilicet
1013 1161 1036 1182 S.
1048 1160 1189 1183 Bernardino
1201 1161 1295 1182 Senensi

453 1213 475 1231 et
491 1209 617 1231 Tritlicmio
635 1209 684 1236 (cir.
701 1209 758 1230 intra
776 1214 795 1230 c.
816 1208 872 1236 12),
890 1208 929 1236 qui
950 1208 999 1230 sine
1021 1208 1064 1230 ullo
1082 1207 1153 1229 dubio
1167 1207 1296 1230 habuerunt

453 1256 556 1284 codices,
574 1256 614 1285 qui
630 1262 690 1283 opus
705 1256 879 1277 Bonaventurae
897 1255 1065 1282 inscripserant.
1078 1254 1200 1283 Quomodo
1212 1255 1255 1276 hoc
1267 1255 1296 1276 ta-

454 1306 495 1328 cile
512 1304 560 1326 fleri
579 1303 689 1332 potuerit,
706 1306 728 1325 et
746 1309 791 1324 non
810 1302 858 1324 sine
874 1302 949 1331 aliqua
967 1302 1067 1328 ratione,
1084 1301 1182 1324 subinde
1199 1302 1296 1325 dicetur.

453 1364 484 1369 —
500 1339 611 1378 Prolog‘us
629 1350 718 1378 incipit:
737 1349 807 1376 Ecce,
825 1348 938 1378 descripsi
954 1355 1006 1371 eam
1023 1348 1153 1378 tripliciter.

515 1398 630 1424 Oudiuus,
653 1397 751 1419 editores
770 1397 861 1423 Veneti,
879 1396 985 1418 Sbaralea
1003 1398 1026 1418 et
1041 1397 1126 1418 Bonelli
1144 1397 1167 1418 in
1185 1398 1228 1419 hoc
1245 1403 1296 1419 con-

454 1445 560 1471 veniunt,
579 1448 602 1466 ut
619 1445 694 1472 ipsum
720 1445 859 1472 opusculum
875 1445 938 1466 cerlo
956 1444 1131 1466 Bonaventurae
1148 1443 1295 1467 tribuendum

453 1498 503 1515 esse
521 1494 611 1520 putent,
629 1491 670 1514 scd
687 1497 740 1513 cum
758 1491 859 1520 quadam
877 1491 1027 1513 restrictione.
1049 1491 1124 1513 Primo
1149 1491 1210 1513 enim
1232 1490 1296 1514 dubi-

454 1542 502 1561 tant
518 1539 547 1561 de
565 1539 662 1566 prologo
687 1538 755 1561 nimis
780 1538 864 1561 insulse
886 1539 980 1566 scripto.
1003 1539 1026 1560 ln
1044 1539 1094 1566 ipso
1112 1539 1172 1560 enim
1189 1539 1296 1566 leguntur

454 1588 525 1609 haec:
546 1596 557 1606 «
571 1587 593 1608 ln
610 1586 774 1608 adminiculum
792 1586 869 1614 itaque
886 1586 1036 1614 parvulorum
1054 1586 1119 1608 rudis
1130 1589 1225 1613 rogatus
1237 1593 1248 1608 a
1261 1593 1296 1609 ru-

455 1633 523 1656 dibus
539 1633 621 1656 rudem
639 1636 759 1656 tractatum
776 1632 873 1655 rudibus
890 1633 1025 1661 compilavi,
1042 1633 1065 1655 in
1082 1640 1129 1662 quo
1146 1633 1238 1656 rudium
1258 1640 1297 1656 ru-

455 1681 513 1704 ditas
529 1681 589 1703 circa
606 1680 720 1709 generalia
738 1680 866 1708 theologiae
883 1681 962 1702 saltem
980 1680 1067 1702 ruditer
1084 1681 1165 1708 poterit
1177 1681 1263 1703 erudiri
1275 1684 1297 1703 et

454 1735 480 1751 ex
497 1729 554 1751 lacte
571 1728 677 1750 infantiae
701 1727 730 1750 ad
754 1726 832 1749 cibum
850 1727 961 1755 solidum,
979 1728 1072 1755 praevia
1090 1728 1130 1750 Dei
1147 1729 1230 1755 gratia,
1243 1735 1295 1751 cum

454 1781 535 1798 sensus
551 1775 660 1798 industria
678 1775 809 1803 praeparari
823 1784 845 1796 n.
862 1775 897 1797 Ad
914 1776 969 1797 haec
982 1778 1043 1797 recte
1054 1775 1132 1798 dicunt
1144 1775 1243 1797 editores
1256 1776 1297 1798 Ve-

454 1822 498 1844 neti
516 1821 638 1850 (Diatriba,
657 1828 711 1849 pag.
727 1822 781 1850 70):
803 1831 813 1841 ι(
827 1820 860 1843 Αἱ)
878 1823 921 1843 hoc
938 1825 998 1843 certe
1010 1821 1062 1844 rudi
1079 1821 1193 1845 scribendi
1211 1828 1296 1849 genere

455 1875 549 1897 prorsus
573 1868 692 1891 abhorruit
717 1869 875 1890 Bonaveniura
888 1877 909 1891 n.
935 1869 960 1890 Et
984 1874 1037 1891 cum
1062 1869 1213 1896 Trithemius,
1236 1870 1296 1891 hunc

454 1916 578 1944 Prologum
601 1916 719 1943 omittens,
737 1918 857 1938 tractatum
875 1916 976 1943 incipere
994 1916 1078 1938 indicet
1095 1915 1186 1939 verbis:
1204 1917 1296 1941 Malum

455 1962 605 1987 considerare
624 1962 742 1989 acciunt,-
760 1962 845 1984 Bonelli
864 1961 992 1990 (Pi-odrom.
1010 1962 1063 1984 531.
1080 1969 1101 1984 n.
1120 1963 1142 1984 7.
1160 1963 1206 1990 87.)
1224 1962 1296 1990 suspi-

455 2012 532 2036 catur,
550 2009 572 2031 S.
591 2009 712 2031 Doctorem
728 2008 828 2030 edidisse
853 2014 911 2035 opus
936 2008 985 2030 sine
1010 2008 1121 2036 Proto-„rm
1139 2011 1218 2036 postea
1240 2015 1297 2031 vero

456 2055 492 2078 hic
509 2059 534 2077 et
548 2056 642 2077 tortasse
653 2055 768 2084 quaedam
781 2055 822 2077 alia
835 2054 990 2077 additamenta
1008 2055 1131 2078 accessisse
1147 2061 1218 2083 opera
1233 2065 1243 2075 u
1254 2057 1297 2078 tra-

456 2102 495 2124 tris
520 2102 652 2127 Mart-hesim
670 2102 699 2124 de
716 2102 800 2130 Regio,
818 2102 917 2124 Lectoris
934 2108 1012 2124 sacrae
1030 2102 1159 2130 theologiae
1171 2111 1192 2129 »,
1210 2103 1297 2131 quippe

456 2150 493 2171 cui
510 2149 622 2171 tribuatur
639 2150 682 2172 hoo
704 2149 815 2177 scriptum
833 2149 855 2171 in
871 2150 974 2178 quodam
991 2149 1071 2172 codice
1088 2149 1240 2172 bibliothecae
1256 2149 1298 2173 Ca-

456 2196 580 2219 sanateusis
605 2196 711 2225 (Romae)
736 2196 795 2224 sign.
820 2197 838 2218 G
864 2197 900 2223 Vt,
922 2197 974 2225 qui,
992 2199 1048 2219 teste
1065 2197 1152 2219 Bonelli
1170 2197 1298 2222 (Prodrom.

456 2244 498 2266 col.
511 2244 577 2271 462),
590 2243 667 2271 incipit
679 2242 709 2265 ibi
722 2244 758 2265 tol.
775 2243 813 2265 85.
831 2242 908 2265 verbis
921 2243 1025 2277 Prologi:
1042 2242 1108 2274 Ecce,
1121 2243 1235 2272 descripsi
1245 2249 1298 2265 eam

457 2290 498 2314 tibi
512 2290 644 2320 tripliciter,
662 2293 684 2312 et
700 2292 753 2318 post
777 2290 877 2313 indicem
900 2291 1053 2318 capitulorum
1070 2293 1093 2313 et
1109 2291 1228 2319 quandam
1250 2296 1298 2312 ora-

457 2337 540 2359 tionem
559 2337 580 2359 S.
594 2336 709 2359 Ambrosii
725 2336 794 2359 hahet
804 2345 809 2359 :
821 2336 905 2366 Incipit
925 2337 1100 2367 Gentiloque'imt
1113 2337 1200 2367 [litteris
1212 2336 1297 2365 rubris]

456 2383 540 2413 fratris
552 2383 697 2407 Marclwsini
712 2383 740 2407 de
757 2383 834 2413 Reqio,
847 2383 949 2407 [Actoris
961 2390 1045 2407 sacrae
1057 2383 1193 2413 theoloyiae.
1208 2384 1230 2406 ln
1242 2384 1298 2406 nne:

457 2430 561 2460 Explicit
578 2430 751 2460 Ceutiloquimn
768 2431 794 2454 F.
812 2431 961 2456 Marclaesz'ni.
975 2432 1057 2464 timeus.
1069 2443 1100 2448 —
1111 2432 1225 2459 Secundo,
1237 2431 1298 2453 idem

457 2478 539 2500 Bonelli
552 2478 607 2501 dicit
619 2478 670 2507 (col.
683 2478 723 2500 531
741 2484 762 2500 n.
775 2478 806 2506 6.)
815 2495 820 2505 ,
832 2484 877 2500 non
889 2478 1012 2502 convenire
1024 2478 1151 2500 doctrinam
1163 2477 1298 2506 Centiloquii

457 2532 509 2548 cum
537 2526 731 2548 Bonaxenturiana
756 2526 833 2554 quoad
857 2526 914 2553 duo,
936 2526 1020 2548 scilicet
1041 2526 1118 2554 quoad
1137 2526 1301 2548 institutionem

458 2574 657 2595 Sat-ramentorum
676 2572 796 2601 (Centiloq.
822 2579 844 2600 p.
871 2573 903 2594 lll.
920 2576 973 2595 sect.
993 2572 1033 2599 47,
1051 2576 1072 2594 et
1090 2573 1126 2594 lV.
1144 2573 1205 2594 Sent.
1222 2573 1244 2594 d.
1262 2572 1299 2594 23.

457 2625 478 2641 a.
499 2620 517 2641 l,
533 2626 556 2647 q.
574 2620 604 2647 2.)
622 2622 643 2641 ct
661 2626 727 2641 usum
747 2619 898 2646 matrimonii,
916 2622 992 2642 utrum
1010 2619 1038 2641 sit
1055 2619 1155 2646 veniale,
1167 2619 1184 2641 si
1198 2618 1299 2647 praecise

459 2666 497 2688 siat
522 2666 627 2689 vitandae
652 2667 807 2690 tor-nicationis
828 2673 897 2691 causa
917 2666 1035 2695 (Contjloq.
1061 2672 1084 2693 p.
1110 2667 1124 2688 l.
1142 2669 1196 2688 sect.
1213 2666 1255 2693 32,
1278 2668 1299 2687 et

459 2712 495 2734 lV.
513 2713 573 2734 Sent.
591 2713 613 2735 d.
632 2713 668 2734 31.
686 2719 705 2734 a.
724 2714 746 2735 ⁴2.
765 2720 787 2742 q.
805 2714 844 2741 2.).
863 2713 906 2735 Sed
925 2714 980 2735 haec.
998 2713 1123 2735 differentia
1144 2713 1260 2735 doctrinae
1272 2718 1298 2735 ex

456 2760 530 2782 citatis
547 2760 601 2782 locis
618 2766 664 2782 non
677 2763 751 2787 potest
762 2760 874 2783 concludi.
887 2760 968 2788 Quoad
987 2760 1150 2782 institutionem
1168 2760 1299 2782 Sam-amen-

460 2810 533 2829 torum
551 2807 605 2829 nihil
622 2807 718 2834 dicitur,
735 2808 777 2830 nisi
795 2807 857 2836 quod
875 2808 1062 2831 communissime
1078 2810 1100 2829 et
1117 2807 1185 2829 etiam
1198 2814 1209 2829 a
1223 2808 1246 2829 S.
1258 2807 1300 2829 Bo-

459 2856 583 2875 naventura
601 2858 719 2881 receptum
736 2857 784 2881 est,
802 2855 879 2882 quoad
897 2855 990 2877 alteram
1007 2860 1055 2877 rem
1069 2854 1132 2876 locus
1143 2854 1210 2876 nimis
1222 2854 1300 2876 brevis

459 2901 523 2922 facile
540 2901 561 2922 in
579 2907 646 2922 sensu
665 2902 839 2924 Bonaventurae
856 2901 947 2929 intelligi
966 2903 1047 2929 potest.

525 2947 701 2975 Verumtamen,
719 2948 819 2970 instituto
840 2948 942 2975 diligenti
966 2947 1034 2970 totius
1056 2948 1161 2975 opusculi
1184 2947 1299 2974 examine,

460 3000 554 3022 prorsus
572 2994 674 3021 persuasi
691 3001 784 3021 sumus,
802 2995 824 3017 S.
842 2995 962 3017 [hoctorem
986 2994 1079 3017 minime
1097 2995 1139 3016 hoc
1161 3000 1221 3021 opus
1237 3000 1299 3015 com-

1152 187 1393 217 PROLEGOMENA
1413 187 1441 216 C.
1463 187 1494 216 X.

1352 266 1458 294 posuisse
1474 268 1497 288 et
1512 265 1623 294 edidisse,
1640 266 1754 295 simulque
1770 266 1975 289 animadvertimus
1986 266 2109 295 rationem,
2121 273 2193 296 quare

1353 313 1430 342 aliquo
1446 312 1517 335 modo
1535 312 1610 335 eidem
1627 313 1726 341 potuerit
1742 312 1842 335 attribui.

1415 360 1492 387 Longe
1517 359 1577 382 enim
1603 359 1676 382 maior
1700 366 1754 388 pars
1776 360 1879 382 eiusdem
1901 360 1940 388 (ita
1957 362 1982 382 ut
1998 360 2034 382 vix
2051 361 2139 389 quarta
2156 361 2192 382 vel

1353 406 1434 435 quinta
1451 412 1505 434 pars
1521 406 1613 429 aliunde
1628 409 1705 430 sumta
1722 407 1758 435 sit)
1776 409 1881 435 excerpta
1899 409 1933 429 aet
1948 413 1975 430 ex
1991 406 2102 435 operibus
2118 407 2142 429 S.
2152 407 2193 430 Bo-

1353 456 1506 481 naventurae,
1532 454 1561 476 ita
1583 454 1691 482 quidem,
1708 459 1732 477 ut
1747 454 1801 483 ipsa
1818 453 1889 477 verba
1905 455 1927 477 et
1942 453 2053 483 loquendi
2068 453 2133 477 moda⁴
2148 454 2193 476 ori-

1353 499 1434 526 ginalis
1451 500 1472 522 in
1490 499 1555 523 brevi
1572 503 1678 528 excerpto
1695 501 1846 528 retineantur,
1863 503 1975 529 quantum
1993 500 2041 523 sseri
2059 500 2146 528 potnit,
2162 501 2194 523 in-

1353 547 1451 569 teriectis
1468 550 1555 569 tantum
1577 547 1621 570 illis
1639 547 1728 576 verbis,
1745 554 1806 576 quae
1823 547 1991 575 propositiones
2007 548 2160 576 coniungunt,
2171 551 2195 570 et

1354 592 1467 615 interdurn
1485 582 1572 616 mutato
1589 594 1671 616 ordine
1687 594 1860 617 sententiarum.
1876 606 1907 610 —
1923 594 2017 623 Reliqua
2035 600 2088 622 pars
2110 594 2192 617 eodem

1353 640 1423 662 modo
1440 639 1472 663 cut
1487 640 1585 664 verbum
1607 644 1705 664 extracta
1723 645 1757 664 est
1773 648 1799 664 ex
1816 642 1906 670 scriptis
1922 641 2019 664 aliorum
2036 642 2139 671 quinque
2155 642 2194 664 do-

1352 689 1442 709 ctorum
1468 686 1526 710 illius
1550 689 1636 711 aetatis.
1662 689 1726 711 Unde
1743 689 1761 711 si
1778 689 1962 716 praescindimus
1978 688 2008 711 ab
2025 695 2065 717 eo,
2085 689 2148 718 quod
2170 689 2193 711 in

1353 734 1451 762 Prologo
1467 736 1490 756 et
1507 734 1529 756 in
1546 740 1569 762 p.
1586 735 1619 757 lli.
1636 737 1689 757 sect.
1703 735 1738 758 ⁴8.
1751 735 1781 757 de
1797 738 1879 764 quarto
1896 735 1984 763 Angelo
2002 735 2068 758 Uriel
2084 735 2195 762 habetur,

1352 781 1444 803 difficile
1461 781 1514 808 erit,
1531 782 1568 803 vel
1585 788 1660 804 unam
1675 782 1809 804 sententiam
1826 782 1958 809 ostendere,
1970 788 2030 811 quae
2041 789 2086 805 non
2098 783 2126 805 sit
2137 785 2195 805 tran-

1352 828 1445 855 scripta.
1461 828 1628 851 Remanseruut
1644 829 1681 851 vix
1698 832 1743 851 tres
1760 829 1860 857 paginae
1876 829 1992 857 opusculi,
2003 829 2132 852 doctrinam
2144 830 2194 852 vul-

1352 874 1499 902 garissimam
1525 875 1679 902 continentes,
1698 882 1798 904 quarum
1815 876 1917 904 primum
1934 879 2052 898 auctorem
2069 882 2117 898 non
2134 876 2194 898 inve-

1352 921 1443 948 nimus;
1461 922 1502 944 sed
1519 922 1647 945 secundum
1672 924 1776 951 regulam
1794 923 1932 945 inductionis
1948 923 2016 945 etiam
2034 924 2075 945 has
2091 923 2195 945 transal-

1352 971 1403 996 ptas
1419 971 1470 991 esse
1487 970 1683 996 praesumendum
1700 973 1741 992 est.

1414 1016 1501 1038 Verum
1519 1016 1588 1044 igitur
1605 1019 1638 1039 est
1654 1017 1718 1046 quod
1735 1020 1814 1040 auctor
1832 1018 1853 1039 in
1870 1018 1988 1040 Prooemio
2006 1019 2074 1041 huius
2090 1019 2195 1046 opusculi

1351 1061 1416 1083 dicit:
1437 1061 1542 1090 «Collegi
1559 1066 1636 1085 autem
1654 1065 1697 1086 hoc
1714 1070 1740 1086 ex
1758 1064 1824 1087 dicus
1838 1063 1984 1093 proborum,
2001 1072 2061 1094 quae
2073 1065 2124 1088 hinc
2141 1065 2195 1089 inde

1351 1109 1478 1137 decerpens
1496 1109 1518 1131 in
1535 1110 1604 1132 unius
1621 1111 1726 1138 opusculi
1743 1111 1874 1139 angustiam
1890 1113 2034 1135 coarctavi».
2053 1113 2109 1135 Nam
2126 1119 2194 1141 prae-

1353 1158 1386 1177 ter
1410 1156 1604 1179 Bonarenluram
1628 1157 1758 1180 invenimus
1778 1158 1882 1181 >Petrum
1909 1158 2070 1182 Lombnrdum
2095 1159 2195 1188 (Magist.

1353 1202 1473 1230 Sentent.),
1492 1202 1637 1226 Gitlielmum
1654 1204 1895 1232 Autissiodorensern,
1923 1204 2090 1228 Alexandrum
2109 1206 2195 1229 Halm-

1351 1255 1413 1277 sem,
1433 1250 1544 1272 loannem
1561 1249 1588 1273 de
1605 1250 1705 1279 nupelta
1726 1254 1748 1273 et
1771 1250 1917 1274 Gulielmum
1933 1251 2075 1280 Peraldum,
2091 1259 2192 1281 quorum

1353 1296 1412 1318 dicta
1429 1296 1452 1318 in
1470 1297 1538 1319 huius
1554 1298 1658 1325 opusculi
1675 1298 1806 1326 angustiam
1824 1301 1974 1321 coarctantur.

1419 1344 1436 1365 l.
1453 1344 1531 1372 Longe
1549 1345 1622 1367 mator
1639 1351 1704 1372 pars,
1717 1349 1741 1368 ut
1752 1346 1863 1373 diximus,
1880 1349 1914 1368 est
1931 1347 1953 1368 S.
1970 1347 2153 1374 Bonaventurae,
2165 1347 2193 1370 ita

1352 1392 1415 1420 quod
1432 1393 1510 1419 regula
1529 1393 1633 1415 videatur
1659 1393 1726 1415 tuisse
1751 1393 1918 1422 compilatoris,
1943 1394 2070 1417 doctrinam
2091 1395 2196 1417 Doctoris

1352 1439 1465 1467 seraphici
1483 1445 1604 1468 excerpere
1621 1442 1643 1462 et
1668 1442 1754 1462 tantum
1777 1440 1804 1462 iis
1822 1440 1843 1462 in
1860 1440 1926 1468 locis,
1944 1440 1966 1462 in
1982 1438 2068 1469 quibus
2084 1441 2134 1469 ipse
2158 1441 2195 1464 de-

1353 1487 1414 1514 ficit,
1427 1493 1458 1510 exv
1471 1487 1520 1509 aliis
1537 1488 1666 1515 praecitatis
1683 1488 1798 1516 magistris
1814 1488 1927 1510 desectum
1939 1488 2055 1516 supplere.
2067 1489 2195 1512 Sententiae

1353 1535 1375 1556 S.
1392 1534 1577 1562 Bonaventurae,
1594 1541 1653 1563 quas
1675 1535 1810 1562 compilator
1836 1535 1953 1562 proponit,
1971 1534 2084 1557 habentur
2100 1535 2123 1558 in
2140 1535 2195 1558 duo-

1353 1580 1397 1602 bus
1413 1580 1523 1608 operibus
1541 1581 1624 1608 ipsius,
1642 1581 1689 1603 scii.
1706 1581 1728 1603 in
1745 1580 1914 1603 Commentario
1932 1587 2001 1609 super
2014 1582 2041 1604 lV
2054 1581 2124 1604 libros
2143 1582 2195 1605 Sen-

1353 1628 1474 1650 tentiarum
1492 1632 1514 1650 et
1530 1628 1552 1650 in
1570 1628 1729 1656 Breviloquim
1747 1631 1769 1650 et
1787 1629 1829 1650 hae
1851 1628 1975 1651 sententiae
1993 1629 2039 1650 sere
2056 1635 2149 1657 semper
2165 1630 2194 1652 ad

1353 1675 1451 1698 verbum
1468 1676 1600 1703 allegantur.
1619 1676 1766 1703 Superssuum
1784 1675 1851 1698 uobis
1873 1675 2007 1703 videbatur,
2026 1676 2062 1698 hic
2079 1676 2101 1698 in
2118 1676 2195 1704 specie

1353 1729 1439 1751 ponere
1455 1729 1537 1745 omnes
1558 1723 1620 1745 locos
1636 1729 1663 1745 ex
1680 1724 1767 1746 Bonav.
1784 1726 1885 1751 sumtos,
1901 1729 1960 1752 quos
1978 1723 2090 1751 plurimos
2107 1724 2195 1747 notavi-

1353 1777 1416 1797 mus,
1433 1776 1486 1793 cum
1504 1770 1567 1792 facile
1584 1770 1606 1792 in
1623 1771 1674 1798 ipso
1691 1771 1788 1793 inveniri
1800 1770 1897 1798 possint,
1909 1769 2012 1793 adhibito
2024 1771 2099 1793 indice
2109 1777 2197 1794 rerum.

1416 1819 1437 1840 2.
1455 1818 1503 1839 lllas
1528 1820 1604 1845 partes
1628 1817 1747 1845 opusculi,
1771 1823 1832 1846 quae
1856 1823 1882 1839 ex
1907 1816 2018 1845 operibus
2040 1818 2061 1839 S.
2079 1818 2195 1840 Bonaven-

1353 1866 1416 1886 turae
1433 1869 1481 1886 non
1497 1865 1553 1886 sunt
1568 1866 1672 1891 sanitae,
1689 1864 1819 1886 indicamus
1837 1864 1858 1886 in
1874 1864 2032 1893 sequentibus.

1415 1913 1440 1939 a)
1459 1912 1522 1939 Quae
1540 1912 1560 1933 in
1579 1912 1592 1933 l.
1612 1915 1674 1939 parte
1691 1911 1824 1940 Centiloquii
1842 1912 1872 1934 de
1888 1912 1988 1940 peccatis
2000 1912 2023 1934 in
2034 1911 2131 1941 speciali
2146 1912 2197 1934 sive

1353 1957 1382 1980 de
1394 1957 1531 1985 specialibus
1544 1958 1643 1985 peccatis
1654 1958 1769 1985 dicuntur,
1783 1960 1829 1981 sero
1843 1959 1919 1981 omnia
1931 1961 2006 1981 sumta
2018 1961 2070 1981 sunt
2081 1966 2108 1982 ex
2124 1958 2193 1982 Alex.

1354 2004 1462 2027 Halensis
1480 2005 1573 2026 Summa
1588 2011 1610 2032 p.
1628 2006 1651 2027 ll.
1668 2012 1691 2033 q.
1713 2005 1762 2027 tt3.
1778 2012 1842 2034 seqq.
1861 2005 2007 2032 Excipiuntur
2019 2012 2043 2027 ea
2056 2012 2117 2035 quae
2134 2012 2146 2028 a
2163 2012 2195 2028 se·

1353 2052 1428 2074 ctione
1450 2052 1516 2074 14-Ῑὸ
1534 2052 1658 2079 liabentur;
1677 2053 1732 2074 haer
1749 2052 1863 2081 siquidem
1880 2054 1933 2074 sunt
1949 2059 1976 2074 ex
1988 2053 2081 2081 Bonav„
2099 2053 2122 2075 11.
2134 2054 2194 2076 Sent.

1354 2099 1377 2121 d.
1395 2099 1432 2122 4⁴2.
1449 2106 1469 2122 a.
1490 2100 1508 2122 l.
1524 2106 1548 2128 q.
1570 2100 1592 2126 l,
1617 2100 1673 2135 d‘lb'
1697 2101 1717 2122 3.
1735 2104 1757 2122 et.
1774 2100 1800 2127 4,
1825 2106 1851 2122 ex
1868 2106 1914 2129 quo
1939 2100 2006 2122 etiam
2024 2107 2084 2129 quae
2101 2101 2124 2123 in
2141 2103 2194 2124 sect.

1354 2146 1390 2168 27.
1408 2147 1446 2169 28.
1462 2150 1484 2169 et
1501 2147 1538 2169 33.
1563 2147 1592 2169 de
1614 2147 1888 2169 extommuuicationeet
1908 2147 1937 2169 de
1954 2147 2101 2175 passionibus
2118 2154 2195 2176 pecca-

1354 2196 1429 2216 torum
1447 2193 1589 2216 exhibentur.
1607 2206 1637 2210 —
1654 2195 1677 2216 ln
1694 2197 1749 2216 sect.
1767 2194 1804 2216 48.
1825 2196 1847 2215 et
1869 2193 1907 2215 1¹9.
1931 2193 2080 2220 compilator,
2098 2196 2195 2216 tractans

1354 2240 1383 2261 de
1400 2241 1505 2268 opposito
1524 2240 1597 2262 inanis
1614 2240 1700 2268 gloriae
1717 2243 1739 2262 et
1756 2240 1867 2267 invidiae,
1883 2246 1895 2261 a
1919 2240 2021 2262 doctrina
2039 2240 2100 2262 Alex.
2117 2240 2196 2262 Halen-

1355 2286 1385 2309 sis
1401 2287 1544 2315 aliquatenus
1560 2287 1672 2315 divergit,
1690 2288 1743 2316 quia
1761 2294 1807 2309 non
1825 2287 1912 2314 ipsum,
1930 2287 1970 2309 sed
1989 2287 2133 2322 Gult'elmwrt
2150 2287 2196 2310 An—

1354 2333 1550 2362 cissiozloreimem,
1569 2336 1592 2357 S.
1610 2341 1631 2362 p.
1649 2335 1672 2357 ll.
1690 2339 1717 2358 tr.
1735 2336 1771 2357 ⁴20.
1789 2341 1808 2357 c.
1826 2335 1847 2357 ·l.
1864 2341 1887 2363 q.
1905 2335 1926 2356 3.
1943 2337 1965 2357 et
1988 2338 2015 2357 tr.
2033 2335 2070 2357 2t.
2087 2341 2106 2357 c.
2124 2336 2145 2363 2,
2162 2341 2195 2357 se-

1355 2382 1443 2410 quitur;
1461 2383 1494 2404 sit:
1511 2389 1533 2405 v.
1551 2389 1573 2410 g.
1592 2383 1670 2405 ultimo
1687 2383 1737 2405 loeo
1755 2383 1790 2405 rit.
1806 2381 2011 2404 Autissiodorensis
2027 2383 2071 2409 ait,
2087 2383 2151 2411 quod
2162 2382 2194 2404 in-

1355 2429 1416 2451 vidia
1434 2430 1462 2451 sit
1479 2429 1590 2451 contraria
1609 2430 1684 2456 pietati
1705 2429 1840 2451 «mediante
1864 2429 1970 2455 caritate,
1990 2435 2050 2457 quae
2068 2428 2196 2452 misericor-

1354 2476 1429 2502 diam,
1447 2482 1507 2504 quae
1524 2478 1558 2498 est
1578 2476 1599 2498 in
1624 2476 1743 2504 largitione
1759 2475 1884 2501 bonorum,
1902 2478 2006 2502 generat,
2024 2475 2083 2497 sicut
2099 2475 2194 2502 dicitur,

1355 2523 1417 2552 quod
1435 2523 1502 2545 timor
1519 2526 1553 2545 est
1569 2524 1697 2545 contrarius
1721 2521 1854 2550 superbiae,
1871 2522 1956 2544 scilicet
1974 2522 2087 2544 mediante
2105 2522 2194 2545 humili-

1356 2573 1411 2597 tate,
1428 2576 1499 2599 quam
1511 2558 1636 2598 generat».
1653 2570 1792 2597 Compilator
1808 2568 1942 2597 Centiloquii
1959 2569 1991 2596 (p.
2008 2570 2023 2591 l.
2035 2572 2089 2591 sect.
2104 2569 2148 2597 ts.)
2161 2575 2196 2591 re—

1356 2619 1410 2640 fert:
1429 2617 1578 2645 «Opponitur
1595 2620 1671 2639 autem
1689 2617 1757 2639 timor
1775 2616 1864 2638 Domini
1880 2615 2002 2643 superbiae
2018 2616 2106 2638 ratione
2122 2616 2194 2639 humi-

1356 2664 1433 2691 litatis,
1444 2670 1514 2693 quam
1527 2667 1636 2692 generat;
1653 2667 1676 2686 et
1692 2664 1764 2692 pietas
1775 2663 1875 2685 invidiae
1887 2663 1973 2685 ratione
1992 2663 2097 2691 caritatis,
2109 2669 2136 2685 ex
2147 2670 2193 2692 qua

1355 2715 1507 2739 generatur».
1524 2723 1555 2728 -—
1572 2712 1651 2733 Notatu
1669 2711 1736 2733 etiam
1762 2710 1857 2738 dignum
1879 2713 1912 2732 est
1933 2710 1986 2732 illud
2003 2710 2067 2738 quod
2084 2713 2139 2732 sect.
2156 2710 2193 2732 32.

1355 2758 1447 2786 ponitur
1464 2758 1493 2780 de
1510 2758 1613 2786 quinque
1630 2757 1716 2785 modis,
1732 2756 1818 2786 quibus
1842 2756 1915 2778 coitus
1932 2756 2057 2783 coniugalis
2081 2756 2194 2778 iudicatur

1356 2808 1474 2833 peccatum
1487 2805 1594 2831 moruile,
1612 2805 1671 2827 idem
1689 2804 1802 2833 siquidem
1814 2804 1912 2825 occurrit
1929 2803 1997 2826 etiam
2015 2804 2036 2826 ln
2049 2803 2192 2831 Compondio

1356 2851 1496 2879 theologicae
1513 2852 1626 2877 veritatis,
1644 2851 1682 2874 lib.
1700 2852 1731 2874 lll.
1748 2858 1767 2873 c.
1793 2850 1834 2876 2l;
1851 2850 1981 2872 communis
2005 2856 2061 2872 vero
2086 2851 2136 2873 tons
2160 2852 2193 2872 eet

1356 2899 1416 2921 Alex.
1430 2898 1541 2926 Halensis,
1555 2899 1575 2920 S.
1589 2905 1611 2926 p.
1624 2899 1647 2921 ll.
1659 2905 1682 2927 q.
1698 2898 1747 2920 148.
1759 2904 1789 2922 m.
1807 2897 1828 2923 2,
1841 2896 1880 2919 ubi
1892 2897 1913 2919 in
1926 2896 1988 2919 initio
2000 2896 2029 2919 de
2039 2897 2081 2918 hac
2093 2902 2117 2918 re
2128 2896 2192 2924 quin-

1355 2951 1401 2973 que
1418 2944 1479 2967 modi
1498 2948 1653 2972 recensentur,
1670 2945 1711 2972 qui
1728 2944 1814 2966 eisdem
1832 2943 1909 2966 verbis
1926 2944 1947 2965 in
1967 2946 2064 2971 utroque
2080 2942 2194 2970 opusculo

1356 2991 1484 3018 transcripti
1502 2995 1562 3014 sunt.
