2285 3398
811 206 853 234 DE
875 206 984 235 DECEM
1006 206 1198 234 PRAECEPTlS
1218 207 1377 236 COLLATIO
1399 209 1425 236 ΙΙ.

1924 210 1974 237 511

344 281 433 310 Verba
457 281 545 311 liuius
568 283 729 320 praecepti,
750 291 823 321 quae
849 284 990 312 continent
1017 283 1092 316 tria,
1113 283 1217 312 scilicet
1242 286 1453 321 praemittenda
1484 287 1523 314 acl
1554 287 1757 323 eoym'n'onem,
1779 286 1980 323 subiunqemta

337 332 376 360 ad
397 332 609 361 observantiam
630 336 655 361 et
675 333 880 371 interponenda
901 334 941 362 ad
961 333 1168 371 inleyritatcm,
1184 336 1208 363 7.
1225 336 1250 363 8.
1267 353 1305 356 ——
1325 336 1439 370 Primo,
1458 337 1673 374 praemittenda
1693 341 1761 365 sunl
1781 337 1855 370 duo,
1877 336 1981 365 scilicet

336 382 440 410 notitia
463 382 608 411 Creatoris
628 386 653 417 et
675 383 879 420 Repuratoris,
901 384 977 412 9-13.
1001 399 1036 404 —
1058 384 1203 418 Secundo,
1224 385 1426 423 subiunqencla
1454 387 1527 421 (luo,
1549 396 1622 425 quae
1648 387 1742 416 valent
1763 388 1802 415 ad
1829 387 1981 415 observan-

337 431 425 466 tiam,
446 432 552 461 scilicet
572 432 658 461 timor
677 437 702 461 el
722 442 816 467 amor,
841 434 935 462 ili-16.
956 450 995 454 —-
1021 434 1130 468 Tercle,
1155 435 1186 463 in
1213 436 1304 464 medio
1333 437 1466 473 ponenda
1494 446 1567 474 quac
1596 438 1691 466 valent
1721 438 1762 466 ad
1791 437 1981 474 inlcyritatem

335 482 544 510 mandatorum
564 485 589 510 et
606 482 756 519 probibent
777 484 808 512 in
829 484 963 521 nepativa
983 483 1093 512 cultum
1114 484 1240 513 aliorum
1261 489 1345 523 atque
1365 486 1515 523 implicant
1533 488 1563 515 in
1585 487 1764 525 affirmativa
1786 487 1893 516 cultum
1916 487 1982 519 Dei,-

336 532 519 570 explicantur
539 532 658 569 sinyula
680 534 781 568 verba,
803 534 908 571 quibus
925 533 1095 571 prohibetur
1117 535 1219 572 triplex
1241 535 1423 570 idololatria,
1448 538 1540 565 17-20.
1564 555 1601 558 —
1621 539 1684 567 Pars
1705 538 1733 566 ll.
1757 538 1906 575 Explicatio
1926 545 1983 565 am-

337 583 407 619 plior
427 583 579 611 secundum
594 583 675 612 tidem
697 585 872 613 christianam
897 607 901 612 .
924 583 1118 613 Proltibenlur
1139 585 1200 614 alia
1222 586 1281 614 tria
1293 596 1301 614 .·
1313 586 1461 622 pactiones
1475 587 1664 622 daemonum,
1678 588 1892 617 adinventiones
1905 596 1983 617 erro-

336 642 420 667 rum,
433 641 586 670 perversae
600 635 823 671 appretiationes
837 634 1034 663 mundialium
1048 639 1247 670 naturarum,
1269 637 1314 664 ⁹21.
1341 652 1375 656 —
1396 637 1436 665 De
1453 638 1637 674 pactionibus
1659 639 1848 673 dumnonum,
1870 640 1915 668 22.
1937 638 1982 668 23.

336 700 375 705 -—
390 684 429 712 Dc
442 683 693 713 adinventionibus
707 694 857 719 errorum,
872 685 969 714 alt-28.
982 702 1020 706 -—
1032 686 1071 714 De
1082 686 1227 723 perversis
1241 687 1502 724 appretiationibus
1517 689 1712 717 mundialium
1726 693 1921 723 naturarum,
1937 690 1982 718 29.

339 826 362 853 l.
385 824 512 853 Ascende
538 825 578 853 acl
605 834 648 854 me
675 826 706 854 in
733 830 872 861 montem,
893 830 919 855 et
943 826 1017 855 dabo
1045 826 1096 855 libi

126 873 244 895 ¹¹¹¹r0d¹¹2ti⁰1
259 871 334 900 duas
355 870 470 900 tabulas
490 870 621 908 lapideas
642 876 666 900 et
688 873 786 910 Leycm
806 876 831 901 ct
851 873 1004 907 mandata,
1019 881 1093 911 quae

130 1013 238 1036 Exemplum

131 1036 229 1062 'Gregorii

256 917 378 955 scripsi,
409 921 441 946 ut
471 917 573 946 doceas
602 918 677 955 filios
708 920 817 954 Israel,
848 919 932 948 Exodi
964 919 1094 957 vigesimo

257 967 357 1002 quarto
369 965 387 992 ¹.
409 979 445 985 —
468 963 610 993 Declinate
631 974 650 993 a
670 974 714 994 me
734 966 873 1003 maliyni,
894 970 920 995 et
939 966 1094 995 scrutabor

258 1011 400 1039 mandata
423 1010 473 1039 Dei
491 1010 554 1038 mei.
578 1011 703 1048 Legitur,
724 1011 798 1048 quod
820 1012 915 1041 beatus
936 1013 1094 1050 Gregorius,

257 1058 304 1095 qui
325 1058 377 1086 suit
398 1057 467 1094 Papa
487 1060 514 1086 et
541 1057 641 1086 Doctor
673 1058 820 1092 Ecclesiae,
842 1059 939 1088 habuit
959 1068 1010 1096 pro
1031 1067 1094 1088 con-

257 1104 416 1138 suetudine,
437 1104 510 1141 quod
531 1105 641 1141 quando
662 1105 717 1134 ibat
737 1104 771 1133 ad
796 1104 918 1133 studium
940 1106 1006 1142 legis
1025 1105 1094 1134 divi-

257 1159 323 1186 nae,
344 1158 451 1188 semper
470 1150 577 1179 dicebat
597 1151 649 1180 ista
669 1151 765 1180 verba:
783 1150 925 1179 Declinate
947 1160 966 1179 a
984 1160 1029 1179 me
1042 1154 1093 1180 etc.

256 1197 415 1234 Quaesitum
436 1197 487 1226 fuit
506 1197 541 1226 ab
561 1205 608 1231 eo,
630 1205 716 1235 quare
737 1197 788 1225 hoc
801 1196 925 1230 -faceret;
941 1200 968 1225 et
982 1204 1095 1233 respon-

257 1244 297 1272 dit
317 1244 410 1278 Petro,
430 1243 475 1272 cui
495 1244 637 1272 consuevit
657 1243 747 1272 dicere
761 1245 867 1271 secreta
880 1250 943 1277 sua,
957 1242 1031 1279 quod
1045 1250 1095 1271 ex-

257 1290 409 1328 perimento
429 1290 573 1324 didicerat,
596 1290 669 1327 quod
689 1289 798 1327 quando
819 1289 939 1326 cogitare
959 1289 1046 1317 voluit
1067 1289 1094 1317 in

258 1337 316 1374 lege
336 1337 400 1371 Dei,
421 1337 553 1366 sentiebat
573 1337 718 1366 daemones
747 1343 856 1373 semper
876 1336 927 1365 sibi
947 1336 1095 1365 adversan-

247 1383 306 1412 tes.
329 1384 356 1412 ln
377 1383 436 1412 aliis
455 1386 547 1412 autem
574 1382 770 1412 subtilitatibus
800 1391 855 1411 non
882 1383 1012 1420 instigant
1032 1383 1095 1412 dae-

258 1438 366 1465 mones,
387 1430 452 1467 quia
482 1430 509 1458 in
536 1430 602 1467 ipsis
629 1438 683 1458 non
713 1429 806 1458 vident
836 1437 919 1458 suum
949 1430 1094 1464 damnum;

257 1477 341 1506 immo
358 1480 519 1514 exspectant
538 1477 762 1506 emolumentum.
778 1477 830 1506 Sed
850 1477 961 1514 quando
975 1477 1006 1505 fit
1020 1485 1096 1506 men-

257 1524 294 1552 tio
313 1523 348 1552 de
367 1523 538 1552 documentis
559 1523 696 1557 veritatis,
718 1531 767 1560 per
787 1531 859 1560 «quae
879 1523 1012 1561 sugantur
1032 1524 1096 1553 dae-

257 1577 365 1604 mones3
387 1572 453 1598 tunc
474 1569 601 1606 princeps
623 1570 799 1599 tenebrarum
822 1570 945 1599 occurrit
972 1574 1096 1600 armatus

256 1616 336 1645 modo
356 1623 406 1652 per
425 1616 617 1653 occupationes
637 1618 776 1650 terrenas,
792 1616 872 1645 modo
892 1624 941 1653 per
956 1617 1096 1645 illusiones

256 1661 455 1699 phantasticas,
476 1664 504 1690 et
523 1661 620 1690 nititur
641 1669 771 1691 revocare
789 1662 895 1690 animos
919 1662 1062 1691 hominum
1080 1671 1096 1690 a

256 1708 346 1738 studio
365 1708 496 1737 veritatis.
518 1708 621 1737 Verum
641 1712 697 1743 est,
719 1708 792 1746 quod
814 1709 898 1737 verba
918 1709 983 1738 ista:
1008 1709 1096 1737 Decli-

255 1759 322 1784 nate
340 1764 360 1783 a
380 1764 424 1783 me
437 1758 502 1789 ete,
517 1755 589 1784 dixit
610 1755 706 1784 beatus
723 1755 886 1792 Gregorius,
902 1755 949 1792 qui
965 1755 1096 1784 virtutem

255 1801 353 1830 habuit
372 1801 559 1838 compescendi
580 1801 739 1835 daemones3
762 1801 809 1830 sed
829 1809 879 1838 ego
901 1809 954 1830 non
976 1809 1038 1830 sum
1059 1809 1096 1830 ex

256 1847 317 1876 illis.
339 1847 400 1876 Ideo
414 1847 442 1875 in
456 1847 591 1884 principio
604 1854 733 1883 rogemus
748 1847 906 1881 Dominum,
928 1849 960 1875 ut
980 1847 1097 1883 imperet

256 1893 449 1928 daemonibus,
476 1901 510 1922 ne
541 1901 591 1922 nos
620 1893 785 1930 impediant,
814 1893 860 1922 sed
888 1897 920 1922 ut
945 1893 991 1922 det
1018 1893 1096 1922 nobis

256 1943 361 1969 mentes
381 1947 492 1968 serenas
518 1939 552 1968 ad
582 1939 788 1976 intelligendum
819 1939 904 1968 verba
930 1939 963 1968 de
984 1939 1095 1968 manda-

258 1986 292 2015 tis
312 1987 377 2015 suis.

335 2034 361 2062 ⁵2.
384 2033 511 2062 Ascende
531 2034 570 2062 ad
590 2042 634 2062 me
655 2036 705 2062 etc.
727 2033 849 2062 Verbum
870 2034 937 2063 illud
952 2034 1023 2063 dixit
1042 2034 1096 2062 Do-

133 2084 240 2111 Aseenden-
251 2079 348 2113 minus
368 2080 468 2116 Moysi,
489 2082 515 2108 et
536 2080 655 2116 Moyses,
683 2080 777 2108 audito
804 2080 904 2115 verbo,
925 2081 1046 2109 ascendit
1067 2081 1094 2109 in

111 2107 155 2126 dum
174 2110 202 2127 est
221 2113 239 2126 in

111 2132 199 2150 montem.

138 2503 239 2527 Repetitio.

254 2129 375 2155 montem
396 2129 423 2155 et
442 2127 546 2163 accepit
566 2127 635 2155 duas
656 2126 762 2155 tabulas
784 2127 901 2164 lapideas
915 2130 942 2156 et
957 2128 1054 2164 Legem
1068 2130 1095 2157 et

254 2173 389 2204 mandata.
413 2173 440 2201 ln
462 2181 517 2209 quo
537 2173 724 2209 significatur,
745 2174 819 2210 quod
839 2174 861 2202 si
882 2174 1011 2203 volumus
1032 2183 1094 2212 per-

255 2220 349 2248 venire
370 2219 404 2248 ad
425 2219 629 2256 intelligentiam
660 2220 851 2249 mandatorum
877 2221 941 2255 Dei,
962 2221 1094 2251 debemus

254 2264 402 2294 ascendere
423 2265 449 2293 in
470 2265 655 2299 montem‚·id
675 2268 716 2295 est
736 2266 763 2294 in
785 2267 960 2296 eminentiam
981 2268 1092 2302 mentis;

255 2311 320 2348 quia
340 2311 492 2340 secundum
512 2311 718 2348 impressionem
743 2313 812 2342 lucis
831 2316 957 2343 aeternae
979 2314 1025 2343 lex
1046 2323 1093 2343 na-

255 2360 334 2386 turae
354 2361 395 2386 est
416 2357 493 2386 nobis
513 2357 588 2392 data,
609 2362 636 2387 et
663 2359 814 2388 secundum
835 2360 909 2389 illam
931 2361 1020 2390 lucem
1045 2361 1093 2390 do-

255 2407 383 2433 cumenta
403 2404 469 2441 legis
489 2404 596 2433 divinae
617 2405 796 2442 suscepimus.

334 2451 359 2479 3.
382 2451 535 2488 Tangebam
566 2451 643 2480 vobis
673 2452 739 2481 alias
750 2453 769 2487 ²,
801 2454 874 2491 quod
901 2457 1009 2483 certum
1040 2458 1093 2488 est,

255 2497 330 2535 quod
350 2506 399 2526 ens
419 2505 455 2526 ex
477 2505 505 2527 se
526 2498 615 2535 primo
635 2498 706 2527 cadit
726 2499 753 2527 in
773 2500 900 2529 animam.
922 2501 1031 2537 Duplex
1046 2509 1094 2529 au-

257 2547 311 2573 tem
332 2548 373 2573 est
394 2553 459 2578 em,
474 2544 576 2573 scilicet
590 2548 712 2574 creatum
727 2550 753 2575 et
767 2546 935 2581 increatum,
957 2551 983 2576 et
998 2555 1095 2576 secun-

306 2734 327 2759 .¹
340 2736 405 2758 Vei-s.
424 2737 464 2758 42:
482 2736 584 2759 Ascende
601 2737 630 2759 ad
648 2744 684 2760 me
702 2738 722 2760 in
739 2742 848 2767 montem,
865 2743 886 2762 et
903 2744 950 2762 esto
972 2740 1010 2767 ibi,
1028 2740 1095 2763 dabo-

257 2780 303 2803 que
319 2773 383 2796 tibi...
400 2775 483 2797 doceas
500 2781 546 2797 eos.
563 2787 594 2792 —
610 2776 663 2804 seq.
680 2777 742 2799 locus
758 2780 792 2800 est
808 2778 844 2801 ΡΞ.
862 2779 916 2806 118,
932 2779 983 2801 145,
1000 2791 1030 2795 -
1047 2779 1095 2801 Nou

257 2813 399 2845 invenimus,
417 2813 477 2835 unde
493 2816 567 2835 sumta
585 2814 613 2836 sit
630 2815 685 2836 haec
702 2815 730 2837 de
747 2816 982 2844 Gregoriovnarratio.

318 2849 328 2863 ⁹
345 2850 389 2873 etr.
408 2857 477 2879 supra
498 2857 552 2880 pag.
569 2852 627 2879 308,
644 2854 695 2874 nota
713 2853 735 2875 8.
751 2853 822 2876 verba
844 2854 981 2876 Avicennae.
998 2855 1042 2877 Sed
1065 2856 1093 2877 ad

257 2895 327 2918 quem
344 2895 473 2911 sermonem
492 2890 561 2912 alium
579 2890 668 2912 Parisiis
685 2897 697 2912 a
715 2891 738 2913 S.
755 2891 850 2914 Doctore
868 2892 970 2915 habitum
988 2894 1095 2921 respicia-

257 2931 300 2955 tur,
318 2927 384 2950 nobis
396 2934 451 2950 >non
474 2931 568 2950 constat.
584 2940 615 2945 —
631 2928 673 2951 Pro
690 2935 730 2952 ens
747 2936 777 2953 ea·
793 2936 829 2958 se,
849 2931 912 2959 quod
930 2930 1013 2953 liabent
1035 2932 1093 2953 clare

257 2967 311 2993 AD,
328 2966 379 2989 Vat.
395 2973 435 2990 ens
450 2973 494 2996 per
510 2973 542 2990 se.

1149 827 1216 856 dum
1238 828 1288 856 hoc
1309 827 1413 866 duplex
1433 831 1474 858 est
1495 829 1624 858 iustitia:
1646 838 1717 864 una,
1738 838 1787 867 per
1807 838 1889 867 quam
1914 830 1986 859 ordi-

1150 882 1250 903 namur
1270 875 1303 904 ad
1324 883 1373 904 ens
1393 875 1563 910 increatum,
1584 876 1652 910 alia,
1667 884 1718 913 per
1730 883 1813 914 quam
1827 877 1987 906 ordinamur

1149 920 1183 949 ad
1204 928 1252 949 ens
1272 924 1410 950 creatum.»
1428 922 1458 950 Et
1479 922 1630 951 seeundum
1658 923 1728 952 hanc
1747 923 1883 960 duplicem
1911 923 1988 952 iusti-

1150 967 1214 996 tiam
1236 967 1341 1005 duplex
1361 972 1402 997 est
1423 969 1516 997 tabula
1537 969 1619 1006 Moysi
1639 969 1717 1003 data,
1738 969 1840 999 scilicet
1861 970 1949 1006 prima
1962 973 1989 999 et

1149 1014 1277 1043 secunda.
1300 1015 1328 1043 In
1349 1015 1438 1052 prima
1460 1015 1552 1044 tabula
1582 1016 1758 1045 continentur
1778 1016 1919 1051 mandata,
1940 1025 1989 1054 per

1150 1067 1221 1096 quae
1241 1060 1402 1089 ordinamur
1424 1061 1457 1090 ad
1478 1069 1527 1090 ens
1547 1062 1715 1096 increatum,
1736 1062 1763 1091 id
1782 1065 1824 1091 est
1844 1063 1939 1091 Deum.
1962 1063 1990 1091 In

1150 1106 1270 1134 secunda
1291 1107 1384 1135 tabula
1402 1107 1578 1136 continentur
1598 1108 1737 1142 mandata,
1759 1116 1808 1145 per
1829 1116 1900 1145 quae
1917 1109 1990 1144 ordi-

1150 1159 1250 1180 namur
1270 1152 1304 1181 ad
1325 1160 1374 1181 ens
1394 1157 1518 1181 creatum
1530 1153 1550 1186 ³,
1571 1154 1673 1183 scilicet
1694 1154 1863 1191 proximum.

1147 1196 1151 1200 '
1228 1198 1254 1226 [ι.
1277 1198 1330 1227 Ens
1350 1202 1442 1227 autem
1463 1199 1617 1228 increatum
1638 1203 1680 1228 est
1700 1208 1782 1229 causa
1801 1202 1923 1230 omnium
1949 1209 1991 1230 re-

1151 1251 1230 1277 rum,
1261 1251 1359 1277 causa,
1390 1244 1466 1278 dico,
1494 1244 1632 1282 efficiens,
1667 1244 1992 1284 formalis-ezemplaris

1150 1291 1178 1317 et
1196 1288 1306 1325 finalis,
1321 1292 1349 1318 et
1366 1290 1449 1319 habet
1468 1291 1632 1328 potentiam,
1647 1292 1807 1329 sapientiam
1829 1296 1856 1322 et
1876 1293 1992 1322 benevo-

1150 1335 1263 1364 lentiam
1283 1340 1311 1365 et
1332 1337 1459 1373 producit
1479 1338 1571 1366 omnia
1602 1338 1629 1367 in
1659 1347 1726 1367 esse.
1749 1339 1779 1367 Et
1800 1339 1851 1368 ista
1873 1340 1925 1368 tria
1945 1348 1993 1376 ap-

1151 1382 1331 1419 propriantur
1353 1383 1443 1413 tribus
1457 1385 1582 1421 personis
1596 1385 1623 1413 in
1638 1385 1783 1415 Trinitate:
1795 1386 1921 1423 potentia
1936 1386 1993 1415 sive

1151 1429 1278 1459 maiestas
1305 1431 1501 1467 appropriatur
1529 1432 1616 1466 Patri,
1636 1432 1782 1470 sapientia
1809 1433 1865 1462 sive
1893 1433 1993 1463 veritas

1151 1476 1232 1511 Filio,
1247 1476 1436 1506 benevolentia
1451 1478 1507 1506 sive
1528 1478 1635 1507 bonitas
1649 1479 1762 1516 Spiritui
1777 1481 1898 1509 sancto⁴.
1915 1481 1993 1509 Sum-

1151 1531 1196 1552 ma
1217 1524 1344 1553 maiestas
1366 1524 1392 1552 in
1414 1524 1492 1553 Patre
1514 1525 1656 1554 humiliter
1670 1529 1711 1554 est
1725 1526 1871 1561 adoranda,
1886 1535 1993 1556 summa

1152 1571 1253 1599 veritas
1273 1571 1300 1599 in
1322 1571 1387 1599 Filio
1408 1570 1524 1599 fideliter
1545 1574 1586 1600 est
1606 1572 1765 1606 asserenda,
1786 1576 1813 1601 et
1833 1573 1925 1601 divina
1946 1573 1993 1602 bo-

1152 1616 1223 1645 nitas
1243 1617 1271 1645 in
1292 1616 1395 1653 Spiritu
1426 1620 1520 1645 sancto
1550 1617 1655 1646 sincere
1676 1620 1718 1647 est
1737 1618 1859 1647 amanda.
1883 1635 1919 1639 —
1941 1617 1993 1648 ista

1151 1663 1223 1692 dicta
1242 1663 1356 1691 suerunt
1376 1663 1410 1691 de
1424 1663 1559 1692 mandatis
1573 1664 1678 1700 primae
1694 1664 1802 1694 tabulae
1816 1665 1843 1693 in
1858 1665 1991 1702 generali;

1152 1709 1199 1737 sed
1220 1709 1285 1745 quia
1306 1716 1446 1738 sermones
1467 1709 1540 1738 circa
1560 1710 1687 1738 mandata
1712 1711 1738 1739 in
1768 1711 1899 1748 qemrali
1927 1711 1992 1740 dicti

1152 1758 1216 1783 sunt
1236 1755 1359 1789 inutiles,
1380 1755 1431 1784 nisi
1453 1756 1520 1784 fiant
1540 1756 1567 1784 in
1587 1756 1707 1793 speciali
1713 1768 1723 1790 ;
1740 1757 1800 1786 ideo
1814 1761 1922 1794 oportet
1943 1766 1992 1787 ex-

1152 1801 1254 1838 plicare
1268 1801 1302 1830 de
1315 1802 1450 1831 mandatis
1464 1802 1491 1831 in
1505 1803 1632 1840 speciali.
1645 1820 1682 1825 —
1694 1804 1802 1833 Dictum
1816 1804 1869 1833 fuit
1879 1805 1890 1822 ⁶
1904 1805 1932 1834 in
1946 1813 1992 1843 ge-

1152 1848 1254 1882 nerali,
1275 1848 1349 1885 quod
1370 1851 1435 1877 sunt
1454 1849 1547 1878 decem
1579 1850 1723 1885 mandata,
1753 1859 1873 1888 quorum
1904 1852 1992 1889 prima

1152 1895 1205 1924 tria
1225 1895 1400 1924 continentur
1422 1896 1449 1924 in
1480 1897 1569 1933 prima
1599 1897 1693 1926 tabula
1722 1901 1749 1927 et
1770 1901 1874 1935 septem
1895 1898 1923 1927 in
1951 1906 1992 1927 se-

1152 1941 1249 1970 cunda.

1230 1990 1255 2017 5.
1285 1989 1378 2018 Dicam
1405 1992 1498 2019 autem
1528 1990 1606 2019 vobis
1626 1991 1753 2028 generale
1779 1990 1991 2021 documentum:

1151 2038 1263 2064 aeterna
1276 2035 1324 2064 Dei
1346 2036 1490 2073 sapientia,
1505 2044 1576 2074 quae
1590 2037 1700 2074 scripsit
1713 2037 1821 2067 tabulas
1838 2038 1916 2073 istas,
1932 2038 1992 2068 bre-

1150 2081 1269 2110 vissimo
1290 2082 1385 2116 modo,
1407 2082 1572 2112 clarissimo
1593 2083 1673 2112 modo
1693 2087 1720 2112 et
1743 2083 1884 2122 facillimo
1903 2085 1992 2120 modo,

1150 2137 1206 2166 quo
1226 2129 1328 2166 potuit,
1351 2129 1469 2158 tradidit.
1492 2130 1657 2159 Brevissimo
1677 2131 1786 2168 quidem
1808 2132 1888 2161 modo
1909 2132 1992 2161 tradi-

1150 2174 1205 2208 dit,
1226 2183 1260 2203 ne
1280 2178 1444 2204 oneraretur
1465 2179 1559 2205 nostra
1573 2177 1720 2212 memoria;
1736 2178 1886 2207 clarissimo
1901 2179 1992 2214 modo,

1151 2229 1184 2250 ne
1204 2221 1388 2250 offuscaretur
1416 2226 1511 2251 nostra
1538 2223 1730 2261 intelligentia;
1752 2224 1879 2253 facillimo
1899 2225 1992 2259 mod0‚

1150 2276 1184 2297 ne
1206 2269 1396 2297 retraheretur
1416 2269 1459 2298 vel
1474 2272 1652 2299 revocaretur
1666 2274 1760 2299 nostra
1774 2271 1908 2300 voluntas.
1924 2271 1992 2300 Haec

1150 2317 1191 2343 est
1212 2315 1297 2349 ratio,
1312 2323 1399 2352 quare
1420 2323 1470 2352 per
1485 2316 1568 2344 verba
1589 2318 1692 2353 quanto
1706 2316 1834 2345 breviora
1848 2320 1874 2346 et
1888 2320 1992 2354 quanto

1150 2362 1267 2391 clariora
1287 2365 1314 2391 et
1328 2362 1448 2391 faciliora
1469 2366 1496 2391 et
1516 2357 1564 2400 per
1585 2366 1663 2392 actus
1683 2363 1914 2399 synecdochicos⁶
1929 2364 1991 2392 data

1150 2411 1215 2437 sunt
1236 2409 1371 2438 mandata.

1229 2457 1254 2484 6.
1277 2456 1366 2485 Primo
1393 2456 1477 2493 igitur
1509 2457 1649 2486 videamus
1673 2457 1706 2486 de
1734 2457 1823 2494 primo
1854 2457 1988 2486 mandato.

1151 2502 1183 2530 Et
1203 2502 1247 2531 bic
1268 2503 1434 2537 notandum,
1454 2503 1543 2540 quod,
1568 2503 1639 2532 sieut
1660 2503 1784 2532 videmus
1805 2504 1833 2533 in
1860 2504 1920 2533 aliis
1947 2512 1990 2533 re·

1150 2548 1212 2582 bus,
1233 2549 1306 2586 quod
1328 2550 1449 2587 primum
1471 2558 1541 2586 opus
1562 2553 1603 2579 est
1624 2550 1831 2579 fundamentum
1848 2554 1875 2579 et
1896 2551 1990 2588 regula

1214 2740 1223 2754 ⁸
1240 2733 1283 2765 Csr.
1300 2749 1369 2770 supra
1388 2749 1441 2770 pag.
1459 2743 1511 2769 510,
1529 2746 1579 2765 nota
1602 2743 1620 2765 i.

1213 2778 1223 2791 ⁴
1239 2776 1297 2802 Vide
1315 2781 1429 2809 Breviloq.
1446 2788 1469 2808 p.
1487 2781 1502 2803 l.
1518 2787 1538 2803 c.
1556 2782 1581 2809 6,
1598 2784 1620 2803 et
1636 2781 1665 2804 de
1682 2788 1750 2804 causa
1770 2781 1988 2808 formali-exemplari

1151 2818 1200 2839 sive
1218 2818 1304 2840 formali
1321 2818 1455 2841 extrinseca
1473 2822 1528 2841 torn.
1545 2820 1560 2841 l.
1578 2826 1631 2847 pag.
1648 2820 1691 2846 73,
1708 2823 1760 2842 nota
1777 2820 1799 2841 7.

1213 2854 1222 2867 ⁶
1239 2855 1316 2878 Collat.
1334 2857 1355 2878 1l.
1372 2863 1394 2879 n.
1411 2857 1449 2879 20.

1212 2892 1221 2905 ⁶
1239 2894 1324 2921 lsidor„
1343 2896 1356 2917 l.
1375 2896 1502 2924 Etymolog.
1519 2902 1539 2918 c.
1557 2897 1594 2919 36.
1611 2903 1633 2919 n.
1651 2897 1675 2919 8:
1693 2897 1842 2924 Synecdoche
1859 2900 1891 2918 est
1911 2902 1989 2918 conce-

1151 2932 1210 2959 ptio,
1228 2938 1280 2954 cum
1297 2939 1309 2955 a
1327 2937 1390 2961 parte
1408 2938 1493 2963 totum,
1510 2936 1546 2957 vel
1563 2941 1575 2957 a
1593 2938 1639 2958 toto
1657 2942 1709 2963 pars
1728 2936 1864 2963 intelligitur.

2008 1205 2082 1228 Trlplex
2093 1210 2136 1224 cau-

2020 1233 2039 1246 sa
2049 1228 2068 1246 in
2077 1228 2123 1247 Deo.

2010 1344 2124 1386 App'isspria-

2011 1623 2124 1643 Notandum.

2034 1996 2061 2016 De
2074 1997 2136 2019 modo,

2009 2025 2045 2043 quo
2062 2026 2137 2044 praeoe-

2009 2046 2041 2067 μω
2068 2044 2137 2063 tradita

2009 2069 2060 2085 sunt.

2007 2463 2052 2481 Para
2070 2463 2083 2480 L
2101 2463 2136 2481 Ex-

2018 2486 2093 2509 plicatio
2105 2487 2135 2505 lit·

2018 2510 2088 2528 taralis.

2011 2556 2133 2579 Praeceptum

2019 2580 2036 2597 l.
2050 2581 2078 2597 eat
2093 2579 2137 2598 Iun»

2018 2603 2133 2621 dammum.
