2285 3398
191 393 320 412 obediendum

208 416 227 435 iu
240 416 307 435 tribus.

190 1517 236 1535 l'ars
250 1516 271 1534 ll.
285 1516 317 1534 Ex-

195 1539 319 1565 plicatio-sen·

196 1568 226 1589 sus
233 1565 320 1586 spu-itua-

196 1587 245 1628 ¹''lk'lilia
257 1609 276 1627 in
290 1614 321 1632 pa-

237 1634 272 1651 tre.

191 1703 271 1721 Ratione
288 1707 320 1720 au-

191 1725 319 1745 ctoritatisalii

193 1752 230 1768 tres
263 1749 320 1767 hono-

191 1772 252 1791 randi.

213 1842 240 1861 De
253 1842 319 1866 prirno.

196 2170 222 2189 De
233 2169 321 2188 secundo.

221 2497 248 2515 De
262 2497 316 2515 tertio

339 167 402 204 διὰ,

336 244 471 273 manebit.
501 244 654 273 Benedictio
675 244 726 273 ista
746 244 901 281 appellatur
923 244 1112 281 multiplicatio
1133 241 1183 274 boss

336 300 445 321 norum.
468 308 504 313 -
527 292 608 325 Ecce,
630 294 809 328 praeceptum
830 294 857 320 et
877 299 941 320 ecce
962 291 1114 328 promissio.

418 341 461 368 10.
477 339 638 376 Obiigamur
653 338 687 367 ad
697 338 880 367 obediendum
893 338 1070 375 parentibus,
1085 347 1181 376 quam-

335 386 384 415 diu
405 386 511 415 utimur
532 386 655 422 ipsorum
677 385 773 419 bonis3
795 387 823 414 et
842 384 975 414 debemus
989 385 1028 413 eis
1041 384 1181 422 obtempe-

337 441 400 462 rare
423 433 449 461 in
470 432 675 461 emercitalione
698 435 817 461 actuum
840 431 1041 460 virtuosorum
1062 431 1119 460 sive
1139 440 1181 460 sa-

337 481 475 514 lubrium,
504 480 532 508 in
552 479 766 516 dispensatione
787 478 989 516 temporalium
1012 481 1039 507 et
1059 478 1086 506 in
1114 478 1181 507 sub-

335 527 550 557 ministratione
579 526 800 564 obsequiorum;
829 526 894 563 quia
924 525 1057 554 debemus
1088 526 1182 554 viuere

336 574 489 603 secundum
510 573 655 602 consilium
678 572 802 609 ipsorum
817 575 845 601 et
859 572 1015 609 expendere
1029 571 1181 600 secundum

337 622 460 659 ipsorum
472 621 619 658 imperium
639 622 667 648 et
680 619 800 656 quanda
815 619 941 656 exigunt,
956 618 1182 647 subministrare

336 668 510 706 obsequium.
534 667 559 696 Si
582 670 672 695 tamen
695 669 823 703 parentes
844 666 947 702 aliquid
962 666 1062 699 velint,
1077 665 1181 699 dicant,

336 716 378 744 vel
400 716 551 752 imperent,
573 714 646 751 quod
668 714 703 742 sit
724 717 820 742 contra
841 713 993 750 profectum
1016 716 1125 741 nostrae
1140 720 1182 741 sa-

336 763 416 797 lutis,
440 770 492 790 non
515 765 556 790 est
578 761 644 797 ipsis
665 760 692 789 in
716 760 815 789 talibus
844 760 929 797 pietas
957 759 1122 788 exhibenda.
1152 759 1182 787 Et

335 811 387 838 hoc
408 812 449 838 est
471 808 544 846 quod
563 808 629 836 dicit
650 807 782 836 Dominus
804 807 830 835 in
851 807 996 843 Evangelio
1010 807 1016 822 ¹
1032 817 1036 834 :
1054 806 1111 842 Qui
1124 814 1182 834 non

335 857 394 885 odit
411 859 528 893 patrem
549 863 637 883 suum
660 858 685 883 et
705 858 829 882 matrem
851 857 875 882 el
894 862 1015 881 uxorem
1030 856 1054 881 et
1067 852 1144 890 filios
1158 856 1183 881 et

333 903 462 942 fratres,
484 902 581 931 adliue
601 905 698 930 autem
712 905 737 930 et
752 901 885 930 animam
905 909 1007 934 suam,
1023 909 1081 928 non
1092 903 1183 937 potest

334 958 415 978 meus
436 958 495 978 esse
516 948 687 986 discipulus.
710 948 775 979 Vult
796 947 945 981 Dominus,
968 946 1041 984 quod
1063 954 1097 975 ex
1118 946 1181 975 asfe-

334 1000 381 1026 ctu
403 999 518 1034 paterno
539 1004 593 1024 non
614 994 734 1023 dimittat
756 995 838 1023 homo
859 994 949 1023 lacere
970 993 1044 1031 quod
1063 993 1182 1030 pertinet

334 1044 368 1073 ad
389 1044 506 1073 salutem
527 1050 614 1071 suam.
642 1042 673 1070 Et
694 1042 746 1070 hoc
773 1044 814 1070 est
841 1041 915 1078 quod
939 1041 1005 1070 dicit
1029 1040 1180 1069 Dominus:

336 1091 452 1120 Dimitte
479 1093 611 1118 mortuos
631 1089 749 1126 sepelire
770 1092 900 1117 mortuos
920 1097 1010 1121 suos‚·
1032 1092 1062 1116 tu
1084 1092 1182 1116 autem

334 1138 407 1166 vade
427 1141 453 1166 et
474 1136 621 1165 annuntia
642 1144 766 1173 reynum
788 1135 847 1163 Dei.
871 1136 902 1163 Et
922 1135 1104 1171 Hieronymus
1116 1135 1125 1150 ²
1140 1134 1180 1162 di-

335 1185 386 1214 cit:
414 1196 427 1209 «
442 1185 467 1213 Si
490 1186 567 1220 pater
588 1183 616 1211 in
638 1183 731 1211 limine
746 1183 847 1215 iaceat,
863 1182 884 1210 si
900 1185 987 1210 mater
1003 1181 1104 1215 ubera,
1120 1181 1181 1217 qui-

337 1232 390 1261 bus
405 1234 431 1260 te
446 1231 570 1264 lactavit,
590 1230 730 1263 ostendat;
747 1237 796 1266 per
811 1229 944 1257 calcatum
960 1236 1043 1265 perge
1058 1230 1180 1264 patrem,

334 1287 384 1316 per
412 1279 542 1307 calcatam
570 1285 654 1314 perge
682 1279 798 1305 matrem
829 1278 855 1317 et
880 1275 914 1303 ad
936 1274 1068 1303 vexillum
1090 1274 1181 1302 crucis

335 1326 420 1354 evola.
443 1325 536 1353 Solum
558 1324 631 1353 enim
654 1323 762 1360 pietatis
776 1330 863 1359 genus
877 1325 919 1350 est
934 1322 960 1349 in
977 1321 1028 1350 hoc
1043 1329 1102 1349 esse
1117 1329 1180 1349 cru-

335 1372 422 1401 delem
434 1384 460 1399 ».
473 1388 511 1391 —
522 1371 602 1404 Ecce,
618 1369 772 1398 intellectus
787 1369 937 1397 verborum
951 1368 1104 1397 secundum
1120 1375 1181 1396 sen-

335 1427 397 1447 sum
420 1417 570 1446 litteralem
578 1427 588 1450 ,·
609 1416 697 1445 videte
719 1415 799 1443 niodo
821 1415 954 1443 latiorem
976 1414 1152 1442 intellectum.

417 1466 459 1493 11.
483 1463 652 1499 Praecipitur
673 1461 854 1491 beneficentia
874 1461 907 1489 ad
928 1468 1009 1489 omne
1030 1468 1117 1497 genus
1132 1461 1181 1488 ho-

336 1512 451 1540 minum.
475 1511 564 1538 Pater
586 1509 709 1538 nominat
729 1516 889 1545 personam,
916 1507 942 1535 in
965 1514 1020 1543 qua
1041 1509 1082 1535 est
1102 1514 1181 1542 prae-

337 1559 418 1595 cipua
439 1557 508 1586 ratio
529 1556 732 1589 auctoritatis,
760 1553 944 1592 antiquitatis
972 1556 998 1581 et
1019 1552 1181 1580 amicabili-

338 1605 414 1633 tatis.
438 1604 465 1632 ln
486 1612 545 1632 esse
565 1607 693 1631 naturae
714 1602 788 1630 silius
808 1609 862 1629 non
884 1603 925 1629 est
946 1607 1085 1636 coaequus
1100 1599 1180 1635 patri.

338 1668 374 1672 —
397 1651 486 1679 Primo
507 1650 582 1683 dico,
605 1650 632 1677 in
654 1652 731 1685 patre
752 1651 794 1677 est
814 1646 998 1679 auctoritas,·
1020 1649 1047 1674 et
1074 1646 1102 1674 in
1129 1645 1182 1674 isto

336 1697 464 1726 mandato
490 1696 572 1725 datur
601 1697 794 1732 praeceptum,
822 1693 895 1730 quod
923 1693 1067 1721 obediatur
1093 1692 1181 1729 patri,

337 1744 403 1781 quia
424 1743 506 1772 habet
526 1741 727 1771 auctoritatem.
757 1740 953 1769 Auctoritatem
979 1743 1071 1768 autem
1100 1739 1182 1767 habet

338 1791 442 1824 omnis,
464 1790 511 1827 qui
534 1790 642 1826 praeest
670 1788 709 1816 rei
737 1787 880 1824 publicae,
908 1787 951 1814 vel
980 1786 1019 1814 rei
1040 1785 1181 1822 politicae,

338 1838 381 1867 vel
408 1837 447 1866 rei
477 1836 650 1865 monasticae.
680 1851 718 1854 —
746 1834 836 1862 Primo
863 1833 938 1866 dico,
967 1833 1042 1869 quod
1063 1833 1107 1861 ille
1134 1832 1182 1868 qui

338 1887 448 1921 praeest
469 1883 511 1911 rei
522 1882 673 1919 publicae,
688 1880 789 1909 dicitur
801 1883 887 1917 pater
902 1880 1008 1908 ratione
1022 1879 1183 1907 auetorita—

339 1932 392 1965 tis,
413 1934 445 1959 ut
466 1930 609 1966 princeps,
636 1928 718 1961 baro,
741 1934 831 1955 comes
852 1929 879 1955 et
900 1925 1074 1958 huiusmodi,
1096 1928 1123 1954 et
1143 1925 1183 1953 di-

338 1978 411 2007 citur
429 1980 514 2014 pater
536 1975 621 2004 tutela
642 1975 685 2003 vel
705 1973 881 2007 defensione;
903 1976 930 2001 et
944 1972 1076 2001 debemus
1092 1972 1182 2008 ipsum

339 2025 476 2054 honorare
505 2025 635 2060 tanquam
663 2023 778 2057 patrem.
811 2020 885 2048 Unde
916 2019 1013 2047 beatus
1044 2019 1182 2047 Petrusss:

339 2070 431 2098 Deum
452 2069 560 2102 timete,
582 2076 675 2105 reyem
698 2065 893 2102 honorificate.

420 2118 463 2145 12.
477 2115 601 2145 Secundo
615 2114 716 2143 dicitur
728 2116 814 2150 pater
829 2112 935 2141 ratione
949 2111 1120 2140 auctoritatis
1135 2111 1181 2148 qui

339 2167 447 2202 praeest
468 2163 512 2191 rei
529 2161 665 2200 politicae
679 2161 736 2189 sive
751 2159 965 2188 ecclesiasticae.
987 2159 1017 2186 Et
1032 2158 1121 2195 ipsum
1136 2157 1183 2186 de-

339 2212 437 2241 bemus
466 2211 618 2242 honorare,
646 2207 799 2237 secundum
827 2206 901 2244 quod
929 2206 1014 2242 exigit
1042 2205 1183 2242 dispositio

339 2257 536 2290 ecclesiastica,
557 2259 585 2285 et
604 2256 685 2284 debet
705 2255 729 2283 ei
751 2254 862 2282 obedire
883 2253 998 2290 vulgus;
1021 2252 1093 2280 unde
1115 2253 1183 2288 Apo-

340 2306 426 2335 stolus
447 2305 480 2333 ad
502 2303 678 2332 Hebraeos4:
708 2301 820 2329 Obedite
837 2299 1014 2337 praepositis
1034 2298 1137 2326 vestris
1159 2301 1183 2326 et

339 2352 481 2381 subiacete
501 2351 562 2383 eis‚·
584 2349 642 2386 ipsi
655 2349 732 2377 enim
743 2347 921 2385 pereiyilant
934 2346 1021 2384 quasi
1040 2345 1183 2373 rationem

338 2408 394 2436 pro
415 2398 573 2427 animabus
594 2396 697 2425 vestris
718 2394 872 2423 reddituri.

422 2446 464 2474 13.
487 2444 579 2473 Tertio
599 2443 701 2472 dicitur
720 2445 804 2479 pater
826 2441 930 2469 ratione
949 2439 1120 2468 auctoritatis
1134 2438 1182 2475 qui

342 2495 450 2530 praeest
472 2492 514 2520 rei
534 2490 718 2519 monasticae.
741 2489 772 2516 Et
793 2488 884 2524 ipsum
898 2486 1031 2515 debemus
1046 2486 1182 2514 honorare

893 166 935 194 DE
958 166 1068 195 DECEM
1090 167 1283 196 PRAECEPTIS
1304 166 1466 195 COLLtTiO
1488 168 1517 195 V.

1238 249 1265 275 et
1286 246 1309 274 ei
1330 245 1457 279 obedire,
1479 245 1630 274 secundum
1659 246 1732 283 quod
1761 246 1856 283 ‚vegula
1883 250 1911 275 et
1935 249 2078 285 promissio

1238 293 1308 322 sacta
1328 295 1376 321 est.
1400 292 1474 321 Unde
1495 293 1715 329 Hieronymus5:
1744 305 1756 317 c
1772 294 1959 330 Praepositum
1986 303 2078 324 mona-

1238 340 1313 369 sterii
1336 339 1439 376 diligite
1460 342 1491 368 ut
1511 342 1633 376 patrem,
1656 340 1745 369 tilticff'e
1769 335 1800 368 ῑιί
1814 340 1971 375 dominum,
1987 342 2079 371 audite

1238 390 1269 415 ut
1296 386 1475 423 magistrum,
1504 380 1605 415 credite
1633 387 1740 416 salisb&
1772 387 1905 424 quidquid
1933 388 2010 417 vobis
2039 389 2078 417 di-

1239 434 1312 462 xerit
1327 446 1352 461 ».
1370 450 1407 453 —
1422 433 1497 461 Patet
1512 433 1611 469 igitur,
1633 434 1703 470 que?
1720 435 1725 462 j
1740 435 1769 462 [L
1799 434 1931 463 debemus
1951 435 2078 469 obedire,

1238 480 1389 509 secundum
1411 479 1485 516 quod
1507 479 1593 516 exigit
1613 481 1782 509 azar-mrim...

1320 527 1362 555 14.
1385 526 1509 555 Secundo
1538 526 1564 554 in
1590 530 1663 563 patsst
1731 541 1750 556 ..⁴
1775 528 1849 562 flur
1870 528 2031 566 antiquitas
2052 531 2079 557 et
2092 534 2142 561 neni,
2152 534 2222 561 titique

1238 573 1390 606 debilitas;
1418 580 1497 601 senes
1524 573 1595 601 enim
1623 581 1632 602 -c
1728 579 1758 602 „³
1803 598 1807 601 ,
1838 574 1869 602 Et
1896 574 1942 610 qui
1971 577 2077 610 patrem
2095 559 2218 581 mmmmm

1239 621 1356 648 honorat
1388 620 1492 648 ratione
1524 620 1627 656 antiqui
1724 625 1748 649 p.
1793 621 1928 650 {ciuitatis
1963 621 2080 649 honorat

1238 675 1346 695 omnem
1369 667 1522 699 bominem,
1545 667 1592 703 qui
1614 667 1632 695 ξῚη
1734 668 1886 701 aslavirio,
1908 667 1951 696 vel
1966 667 2013 705 qui
2035 676 2078 696 ca-

1239 717 1282 742 ret
1302 721 1401 746 sensu,
1424 714 1465 741 vel
1487 713 1627 742 sortitum?
1684 715 1723 743 vei
1776 715 1790 739 11
1809 715 1954 743 infestatur
1968 714 2002 742 ab
2016 714 2076 742 alio.

1239 761 1270 789 Et
1284 762 1397 797 propter
1412 760 1462 788 hoc
1477 760 1607 788 debemus
1623 761 1677 789 slis,
1777 770 1815 787 ,ω’-κ
1830 769 1879 798 per
1893 762 2077 794 documenta,
2095 766 2171 790 Triplici
2185 772 2223 785 mo·

1240 808 1281 837 vel
1303 816 1352 845 per
1379 811 1622 841 sustentamenta„
1647 809 1687 836 ves.
1709 816 1729 844 ,412
1782 809 1959 845 [atrocinia.
1987 809 2019 836 Et
2045 809 2078 836 ad
2136 790 2167 809 ‘¹⁰'

1239 855 1291 883 hoc
1312 854 1466 891 specialiter
1494 856 1559 882 sunt
1580 854 1679 890 pra->1²21
1776 856 1780 858 ’
1799 863 1857 883 veno
1878 858 1952 883 caret
1980 862 2079 887 sensu,

1238 902 1339 930 debent
1360 902 1450 938 ipsum
1473 901 1568 929 iuvare
1590 909 1632 937 pei>
1660 901 1676 929 (J
1735 911 1849 934 ι
1867 902 1891 930 si
1914 901 2079 930 caretforti-

1239 948 1349 982 tudine,
1370 948 1470 977 debent
1494 948 1585 984 ipsum
1607 948 1679 976 ium?
1762 948 1764 950 ’
1791 952 2036 980 sustentamenta,-
2057 948 2079 977 si

1239 996 1385 1024 intestatur
1396 995 1430 1023 ab
1441 994 1509 1028 alio,
1520 994 1621 1023 debent
1632 994 1638 1022 i
1642 1003 1720 1031 psum
1732 1004 1759 1023 u
1767 1003 1828 1034 iare
1842 1003 1892 1032 per
1900 995 2078 1032 patrocinia.

1320 1043 1363 1071 15.
1386 1041 1477 1070 Tertio
1499 1041 1525 1069 in
1548 1044 1624 1077 patre
1645 1041 1805 1078 intelligitur
1827 1042 1897 1070 ratio
1918 1042 2080 1070 amicabili-
2097 1046 2148 1068 ne¹¹1·
2167 1045 2225 1072 ratio-

1238 1089 1327 1122 tatis,·
1348 1092 1375 1117 et
1397 1089 1425 1116 in
1445 1088 1496 1116 hoc
1518 1088 1708 1125 intelligimus.
1731 1088 1804 1125 cuod
1828 1088 1933 1117 ratione
1955 1083 2079 1126 oriyinis
2108 1074 2224 1111 ffiitffltm‘

1238 1136 1362 1164 amabilis
1383 1138 1410 1164 et
1430 1134 1563 1163 amandus
1584 1138 1625 1163 est
1639 1135 1727 1164 omnis
1742 1135 1838 1168 immo,
1853 1138 1880 1163 et
1896 1138 2005 1163 tenetur
2019 1135 2080 1172 qui-

1239 1182 1304 1210 libet
1325 1182 1407 1210 homo
1428 1182 1512 1210 alium
1539 1182 1683 1210 bonorare.
1712 1182 1787 1210 Unde
1814 1182 1995 1218 Apostolus⁶t
2022 1182 2081 1210 Ho-

1237 1237 1308 1257 nore
1335 1228 1457 1257 invicem
1481 1229 1695 1265 praevenientes
1706 1239 1716 1262 ;
1750 1232 1777 1257 ct
1811 1228 1931 1257 iterum:
1966 1229 2081 1257 Reddite

1238 1274 1372 1303 omnibus
1399 1274 1509 1309 debita,
1538 1275 1587 1303 cui
1614 1274 1765 1309 bonorem,
1793 1274 1938 1303 bonorem.
1966 1275 2081 1304 Nemini

1238 1322 1398 1359 quidquam
1420 1321 1559 1355 debeatis,
1581 1322 1640 1349 nisi
1662 1325 1693 1349 itt
1706 1321 1827 1350 invicem
1841 1321 1979 1358 diliqatis.
1995 1321 2081 1350 Debet

1238 1368 1311 1396 cnim
1344 1368 1425 1410 homo
1454 1368 1539 1396 alium
1567 1368 1695 1405 diligere,
1724 1368 1792 1397 bene
1824 1368 1938 1396 volendo
1970 1368 2081 1397 cuilibet

1238 1417 1373 1452 quantum
1388 1414 1421 1443 ad
1436 1414 1584 1452 affectum,
1600 1418 1736 1452 quantum
1755 1414 1789 1442 aii
1810 1413 1939 1452 effectum
1953 1417 1980 1443 et
1994 1422 2081 1451 quan·
2098 1418 2175 1460 virgei
2188 1423 2226 1437 mo-

1238 1467 1297 1491 tum
1319 1462 1353 1491 ad
1374 1463 1491 1499 siynum
1504 1462 1522 1490 ⁷.
2155 1447 2173 1460 ⁰*

1320 1510 1361 1537 16.
1385 1509 1468 1537 Habet
1489 1512 1580 1537 autem
1602 1508 1652 1537 ista
1670 1508 1778 1537 dileetio
1793 1508 1940 1541 ordinem,
1956 1507 2021 1545 quia
2034 1507 2082 1536 de-
2098 1511 2214 1554 Ogffssssssaff?

1239 1555 1336 1584 bemus
1356 1555 1469 1592 diligere
1490 1554 1641 1584 secundum
1657 1558 1789 1583 rationem
1805 1555 2023 1592 proximitatis,
2039 1562 2081 1583 se-
2109 1558 2151 1576 dus·

1238 1601 1360 1640 cundum
1383 1601 1515 1632 rationem
1537 1601 1739 1630 similitudinis
1766 1604 1792 1630 et
1819 1601 1971 1630 secundum
1998 1601 2081 1630 ratio-

1239 1655 1300 1676 nem
1323 1647 1513 1684 obliqationis.
1536 1664 1572 1668 —-
1595 1648 1697 1682 Primo,
1718 1648 1794 1682 dico,
1816 1648 1947 1676 debemus
1968 1647 2081 1684 diligere
2108 1652 2182 1679 Primo,
2196 1656 2225 1678 rz-

1238 1694 1390 1723 secundum
1413 1694 1546 1723 rationem
1565 1694 1786 1731 proximitatis;
1807 1697 1834 1722 et
1854 1694 2006 1723 secundum
2028 1694 2079 1722 hoc
2096 1677 2225 1717 affigim-

1238 1740 1371 1770 debemus
1392 1740 1523 1769 maiorem
1545 1748 1666 1773 amorem
1693 1740 1848 1769 domesticis
1876 1747 1959 1776 quam
1986 1742 2080 1768 extra-

1239 1787 1321 1820 neis,v
1334 1790 1361 1815 et
1382 1787 1475 1815 amicis
1497 1787 1559 1823 plus
1580 1786 1685 1815 servire
1705 1794 1789 1823 quam
1810 1785 1934 1814 inimicis.

1321 1834 1363 1861 17.
1387 1833 1511 1861 Secundo
1536 1833 1619 1861 habet
1638 1832 1746 1861 dilectio
1767 1832 1818 1861 ista
1837 1832 1962 1860 ordinem
1983 1840 2081 1861 secun·
2093 1838 2225 1866 secundam,⁴

1239 1879 1305 1907 dum
1328 1879 1461 1907 rationem
1481 1879 1699 1912 similitudinis,
1714 1879 1780 1915 quia
1797 1878 1935 1915 aliquibus
1949 1878 2081 1907 debemus
2108 1864 2225 1904 iiiiii?

1241 1926 1346 1954 ratione
1367 1924 1552 1954 similitudinis
1572 1924 1704 1953 maiorem
1719 1925 1891 1953 dilectionem
1904 1932 1988 1961 quam
2001 1924 2080 1953 aliis:

1241 1972 1279 2000 sic
1300 1972 1405 2000 ratione
1426 1965 1612 1999 similitudinis
1632 1971 1659 1998 in
1679 1969 1779 2007 forma
1799 1971 1934 2008 specifica
1954 1974 2080 1999 tenemur

1239 2018 1353 2055 diligere
1375 2018 1531 2051 hominem3
1548 2020 1637 2045 tamen
1653 2017 1802 2045 secundum
1818 2017 2022 2046 similitudinem
2037 2025 2080 2045 ra-

1242 2065 1314 2094 tione
1345 2064 1556 2093 convenientiae
1577 2063 1607 2092 in
1631 2063 1686 2100 fide
1713 2063 1844 2092 debemus
1874 2064 1937 2100 plus
1967 2063 2080 2100 diligere

1240 2112 1427 2140 Christianum
1441 2119 1524 2148 quain
1540 2112 1706 2139 Saracenum
1719 2110 1745 2144 ὃς
1768 2109 1831 2138 item
1847 2109 1952 2139 ratione
1969 2109 2080 2147 profes-

1239 2158 1330 2186 sionis
1345 2158 1376 2186 in
1391 2158 1505 2196 colleyio
1527 2158 1588 2195 plus
1611 2159 1719 2186 tenetur
1734 2157 1847 2194 diligere
1862 2155 2005 2193 religiosus
2025 2156 2080 2184 sra-

1241 2208 1311 2233 trem
1325 2206 1428 2234 ordinis
1443 2205 1501 2239 sui,
1517 2208 1543 2233 et
1558 2213 1631 2233 unus
1646 2204 1793 2233 eanonicus
1807 2203 1891 2232 alium
1910 2202 2079 2231 canonicum.

1270 2290 1271 2293 Ἰ
1321 2252 1363 2279 18.
1380 2252 1471 2280 Tertio
1485 2251 1618 2280 debemus
1632 2251 1744 2288 diligere
1760 2250 1864 2279 ratione
1878 2249 2080 2287 obliyationis,·
2107 2256 2178 2283 fremo,
2189 2261 2226 2283 *ra-

1240 2299 1267 2325 et
1281 2297 1319 2325 sic
1334 2297 1472 2334 aliquibus
1487 2297 1549 2334 pius
1565 2300 1690 2326 tenemur
1705 2305 1787 2334 quam
1802 2296 1869 2325 aliis.
1889 2296 1993 2324 Teneor
2008 2295 2080 2323 enim
2097 2280 2227 2322 iigssisf'bhffl‘

1239 2343 1353 2380 diligere
1380 2344 1464 2372 alium
1492 2346 1519 2371 et
1546 2352 1609 2372 eum
1631 2344 1768 2373 honorare
1790 2343 1894 2371 ratione
1912 2341 2079 2379 praecepti,-

1241 2394 1334 2419 teneor
1357 2393 1446 2419 tamen
1468 2391 1530 2427 plus
1551 2391 1655 2419 ratione
1674 2389 1821 2427 praecepti
1840 2392 1867 2418 et
1888 2388 2029 2425 beneficii,
2058 2387 2080 2416 si

1239 2437 1330 2475 accepi
1352 2437 1534 2470 beneficiun1;
1557 2440 1651 2466 teneor
1673 2437 1793 2465 maxime
1813 2436 1926 2473 diligere
1947 2435 2032 2463 alium
2053 2437 2080 2463 et

1240 2492 1304 2512 eum
1326 2484 1463 2512 honorare
1484 2483 1546 2519 plus
1568 2483 1671 2511 ratione
1689 2482 1837 2520 praecepti
1856 2485 1883 2511 et
1904 2481 2011 2510 ratione
2037 2480 2079 2509 be-

406 2641 413 2654 ¹
432 2643 486 2664 Luc.
504 2642 511 2662 l
520 2642 532 2663 4
541 2659 546 2668 ,
563 2642 592 2663 26
603 2650 608 2663 -.
621 2641 643 2663 Si
655 2641 707 2669 quis
719 2640 782 2663 venit
794 2640 823 2662 ad
836 2645 872 2661 me
883 2641 906 2660 et
918 2645 962 2660 non
974 2638 1023 2661 odit
1034 2641 1077 2660 etc.
1088 2650 1118 2654 —
1131 2638 1184 2666 Seq.

342 2683 405 2705 locus
416 2685 449 2704 est
461 2681 515 2703 Luc.
532 2681 544 2701 9
555 2698 559 2706 ,
575 2681 603 2701 60
614 2688 618 2701 ε
632 2680 695 2707 Sine,
709 2682 732 2701 ut
743 2679 827 2701 mortui
841 2678 949 2706 sepeliant
962 2680 1063 2699 mortuos
1075 2683 1129 2700 suos
1141 2680 1183 2699 etc.

342 2720 386 2744 Clr.
402 2721 479 2742 Mattli.
496 2720 521 2746 8,
539 2719 583 2740 ‘222
602 2718 691 2740 Dimitte
709 2720 812 2740 mortuos
827 2716 923 2744 sepelire
941 2719 1043 2738 mortuos
1059 2722 1121 2738 suos.

404 2758 413 2771 ⁹
431 2759 501 2787 Epist.
520 2757 554 2779 lsi.
574 2757 637 2785 (alias
655 2757 685 2784 i.)
704 2763 726 2778 n.
747 2757 776 2778 2:
794 2756 867 2782 Licet,
885 2761 964 2782 sparso
982 2755 1043 2777 crine
1065 2757 1086 2777 et
1108 2754 1184 2777 scissis

343 2798 455 2825 vestibus,
474 2796 557 2822 ubera,
574 2794 659 2824 quibus
676 2798 697 2817 te
714 2794 835 2820 nutrierat,
858 2796 930 2815 mater
945 2784 1066 2821 ostendat,
1088 2794 1139 2816 licet
1161 2793 1183 2815 in

343 2837 419 2859 limine
436 2838 500 2864 pater
518 2835 587 2857 iaceat
594 2843 599 2861 ;
617 2840 658 2861 per
675 2834 786 2855 calcatum
809 2838 881 2860 perge
903 2834 1003 2859 patrem,
1025 2832 1090 2855 siccis
1112 2832 1184 2855 cciiiis

343 2876 372 2899 ad
390 2875 494 2898 vexillum
509 2874 583 2897 crucis
595 2873 668 2895 evola.
688 2872 767 2894 Solum
786 2871 876 2899 pietatis
893 2877 966 2899 genus
983 2874 1025 2893 etc.

405 2912 414 2925 ‘³
431 2914 500 2942 Epist.
518 2914 533 2935 l.
550 2914 571 2939 2,
590 2912 626 2933 47.

405 2952 414 2964 ⁴
431 2953 486 2980 Cup.
507 2952 545 2979 13,
566 2951 600 2973 17.

1302 2635 1312 2648 ⁶
1329 2636 1398 2664 Epist.
1417 2636 1470 2658 425.
1487 2635 1551 2663 (alias
1569 2635 1598 2663 t.)
1622 2642 1643 2657 n.
1668 2635 1690 2657 if.
1704 2643 1709 2656 ι
1726 2634 1883 2662 Praepositum
1909 2633 2040 2655 monasterii
2057 2632 2081 2654 ti-

1241 2681 1304 2698 meas
1321 2678 1345 2697 nt
1362 2675 1490 2699 dominum,
1515 2673 1597 2701 diligas
1622 2676 1645 2695 ut
1671 2675 1799 2701 sirenterm
1822 2671 1903 2694 credas
1920 2670 1961 2694 tibi
1982 2672 2080 2693 salutare

1240 2713 1354 2743 quidquid
1370 2713 1407 2736 ille
1423 2712 1573 2741 praeceperit.

1302 2751 1312 2764 ⁶
1329 2753 1395 2775 Rom.
1413 2752 1449 2778 12,
1467 2752 1504 2773 10.
1520 2751 1576 2773 ibid.
1597 2751 1636 2777 ¹3,
1652 2750 1674 2778 7,
1692 2752 1713 2772 et
1730 2750 1752 2772 8.
1768 2752 1802 2772 est
1819 2755 1868 2778 seq.
1884 2749 1955 2771 locus.
1978 2749 2029 2770 Post
2046 2747 2081 2770 de-

1239 2782 1288 2815 'bz‘ta
1305 2792 1402 2819 Vulgata
1419 2791 1484 2818 plura
1502 2790 1622 2812 interserit.
1964 2783 1968 2787 ”

1302 2829 1311 2842 ⁷
1329 2831 1361 2853 De
1379 2831 1421 2852 liae
1437 2829 1594 2857 propositione
1611 2831 1633 2850 et
1649 2829 1678 2851 de
1696 2833 1762 2857 seqq.
1778 2829 1819 2850 ct'r.
1830 2828 1864 2850 lli.
1877 2827 1939 2849 Sent.
1955 2827 1978 2849 d.
1990 2826 2026 2848 29.
2040 2831 2081 2853 per

1240 2872 1318 2892 totam.
1487 2868 1491 2871 ’

1303 2906 1312 2920 ⁸
1329 2909 1358 2930 lta
1376 2907 1393 2929 B
1405 2907 1423 2929 D
1430 2915 1435 2933 ;
1454 2907 1503 2928 Vat.
1521 2912 1593 2935 quam
1610 2905 1728 2929 Judaeum
1748 2904 1785 2928 vel
1808 2903 1931 2934 qentilem,
1956 2904 1974 2926 Α
1998 2902 2081 2937 omittit

1191 2971 1194 2974 ,
1240 2949 1296 2970 haee
1314 2946 1392 2969 verba.
