2285 3398
451 195 554 224 xxxvi

513 276 545 298 De
562 276 648 298 lumine
664 275 718 297 artis
735 274 877 297 mechanice.
894 274 909 296 l.
926 279 977 302 cap.
994 274 1095 296 Primum
1114 273 1146 301 (in
1157 275 1234 296 nosti-a
1246 273 1295 296 edi-

451 324 511 346 tione
527 329 550 345 n.
568 322 608 350 2.).

513 371 545 393 De
561 370 647 392 lumine
664 368 801 397 cognitionis
817 367 934 390 sensitive.
950 368 973 390 ll.
991 373 1042 395 αφ.
1059 366 1191 389 Secundum
1206 366 1237 394 (n.
1253 366 1295 394 3.).

513 417 641 440 Delumine
652 415 789 444 cognitionis
801 415 969 443 philosophice.
980 415 1014 437 ΙΙΙ.
1027 420 1079 442 cap.
1091 413 1194 436 Tertium
1208 412 1239 441 (n.
1253 412 1292 441 4.).

513 465 546 487 De
568 463 654 487 lumine
677 462 814 490 cognitionis
837 460 983 489 philosophie
1003 460 1127 483 rationalis.
1143 459 1180 481 lV.
1199 465 1251 487 cap.
1269 459 1295 480 Et

450 512 559 542 quoniam
577 512 609 539 (n.
627 511 667 538 4.).

513 558 546 580 De
562 557 648 580 lumine
664 556 803 584 cognitionis
819 554 965 583 philosophie
983 554 1100 576 naturalis.
1118 553 1145 575 V.
1168 559 1218 581 cap.
1238 552 1295 574 Rur-

450 612 489 628 sus
507 606 537 633 (n.
556 604 595 633 4.).

513 653 545 674 De
561 651 648 674 lumine
665 650 803 679 cognitionis
829 648 973 678 philosophie
998 648 1099 670 moralis.
1121 647 1158 670 Vl.
1180 653 1231 674 cap.
1256 646 1294 668 Ρο-

450 701 536 722 stremo
555 698 585 725 (n.
606 698 645 726 4.),

512 745 545 768 De
562 745 647 767 lumine
663 750 727 766 sacre
744 743 866 771 scripture.
883 742 930 765 Vll.
948 748 999 770 cap.
1017 742 1129 770 Quartum
1148 741 1178 769 (n.
1197 740 1237 767 5.).

512 792 625 815 Reductio
642 790 814 814 illuminationis
830 789 970 818 cognitionis
991 789 1102 811 sensitive
1118 788 1148 810 ad
1165 788 1243 809 lumen
1259 793 1295 809 sa-

450 845 489 862 cre
505 839 626 867 scripture.
643 838 697 860 Vlll.
714 843 766 865 cap.
783 836 911 859 Videamus
928 835 960 862 (n.
978 834 1018 863 8.).

513 885 625 908 Reductio
641 884 735 906 luminis
751 883 807 906 artis
823 881 958 905 mechanice
974 881 1003 904 ad
1015 881 1093 903 lumen
1105 886 1169 903 sacre
1181 879 1295 907 scripture

450 933 488 956 lx.
505 938 558 960 cap.
575 931 681 954 Secundo
698 931 746 953 vid.
765 931 797 959 (n.
815 930 872 958 lh).

512 979 624 1003 Reductio
649 979 741 1001 luminis
765 977 881 1000 rationalis
906 976 1051 1005 philosophie
1075 975 1104 998 ad
1127 975 1206 997 lumen
1231 979 1296 996 sacre

449 1027 571 1056 scripture.
588 1027 616 1049 X.
633 1032 685 1054 cap.
702 1026 763 1048 iuxta
781 1026 814 1053 (n.
831 1024 886 1052 t5.).

512 1073 624 1096 Reductio
642 1072 734 1095 luminis
750 1071 860 1094 nnnrralis
876 1070 1023 1099 philosophie
1035 1069 1064 1092 ad
1076 1070 1155 1092 lumen
1167 1074 1231 1091 sacre
1243 1068 1295 1090 scri-

449 1125 524 1150 pture.
542 1121 578 1143 Xl.
595 1126 648 1148 cap.
664 1119 797 1142 Secundum
814 1118 884 1141 etiam
902 1117 934 1146 (n.
953 1117 1007 1145 l9.).

512 1168 625 1193 Reductio
642 1167 735 1189 luminis
752 1166 844 1189 moralis
861 1164 1008 1193 philosophie
1025 1164 1054 1186 ad
1071 1164 1150 1186 lumen
1167 1168 1231 1185 sacre
1243 1162 1296 1185 seri-

450 1219 526 1245 pture.
543 1215 590 1238 Xll.
607 1221 659 1243 cap.
675 1214 749 1236 Penes
766 1213 848 1236 modos
866 1213 896 1241 (n.
914 1212 969 1240 23.).

512 1262 600 1285 Desinit
617 1267 670 1284 cum
688 1262 731 1283 hoe
749 1260 849 1288 capitulo
868 1260 905 1282 tol.
924 1259 977 1281 113.
994 1265 1018 1280 v.
1030 1264 1103 1287 prope
1114 1258 1183 1280 tinem
1196 1257 1231 1279 his
1245 1262 1297 1279 ver-

450 1310 498 1332 bis:
515 1308 581 1332 docet
600 1314 643 1331 nos
661 1313 755 1331 omnem
774 1306 903 1330 veritatmn.
921 1305 969 1335 Ipsi
985 1311 1035 1328 una
1053 1311 1108 1328 cum
1125 1305 1197 1327 Patre
1213 1303 1244 1327 sil
1259 1290 1296 1326 lto-

451 1363 496 1380 nor
512 1358 535 1379 ec
550 1355 636 1385 qloria.
655 1355 736 1378 Amen.
754 1354 802 1377 Deo
819 1352 919 1382 qratia&
937 1351 1043 1381 Eoeplicz't
1055 1350 1138 1380 prima
1152 1355 1213 1380 pars
1231 1349 1296 1372 ltine·

450 1403 514 1426 rarii
529 1403 708 1429 Bonaeentaw,
725 1407 789 1424 anno
801 1399 897 1423 Domini
908 1397 1108 1423 MCGGCLXXX.
1119 1396 1181 1427 feria
1192 1395 1296 1419 secunda

447 1451 503 1480 post
518 1449 662 1473 dominicam
676 1448 827 1478 palmarum.

811 1540 873 1563 CAP.
891 1540 928 1562 Vi.

632 1628 664 1658 ln
684 1626 845 1658 collationes
866 1625 896 1655 in
916 1625 1111 1655 Hexaemeron.

512 1731 682 1755 Praemittimus
698 1730 811 1759 quasdam
834 1728 1008 1751 observationes
1025 1727 1085 1749 circa
1103 1728 1144 1749 has
1161 1725 1297 1749 Collationes

450 1781 472 1801 et
488 1778 554 1805 duas,
571 1783 631 1806 quae
648 1778 789 1806 sequuntur,
801 1775 886 1798 scilicet
903 1775 932 1798 de
949 1776 1038 1802 septem
1050 1773 1118 1796 donis
1129 1772 1228 1801 Spiritus
1240 1772 1263 1795 S,
1274 1774 1297 1794 et

450 1825 480 1847 de
496 1824 577 1847 decem
594 1823 732 1852 praeceptis.

513 1872 589 1894 Primo
607 1872 664 1893 haee
681 1870 723 1893 tria
740 1870 852 1898 opuscula
874 1875 919 1891 non
944 1871 998 1890 sunt
1021 1874 1033 1890 a
1057 1868 1080 1890 S.
1097 1868 1195 1890 Doctore
1212 1866 1298 1894 scripto

451 1919 524 1947 editay
541 1918 581 1941 sed
599 1924 625 1940 ex
642 1924 682 1940 ore
699 1916 797 1939 dicentis
813 1916 843 1938 ab
860 1923 872 1938 u
886 1914 1005 1938 ,ditoribus
1021 1917 1129 1942 excepta,
1146 1914 1204 1941 sive,
1222 1916 1247 1936 ut
1262 1913 1297 1935 illa

452 1968 525 1988 aetate
541 1964 669 1990 dicebatur,
680 1964 803 1993 reportata
819 1962 917 1991 aliisque
933 1961 1112 1984 communicata.
1123 1961 1171 1989 ipsa
1189 1960 1298 1983 orationis

451 2013 525 2035 forma
542 2012 594 2034 hine
612 2011 665 2033 inde
682 2011 815 2038 imperfecta
833 2012 856 2031 et
872 2009 895 2031 in
919 2008 1000 2031 ordine
1016 2008 1181 2030 sententiarum
1199 2007 1297 2035 abrupta

452 2060 496 2081 hoc
513 2059 567 2081 satis
585 2058 670 2080 indicat
686 2058 707 2080 ei
724 2058 764 2086 qui
782 2057 824 2079 stili
850 2056 1044 2079 Bonaventuriani
1063 2061 1149 2083 gnarus
1165 2057 1207 2077 est.
1229 2054 1298 2077 Stilus

452 2106 513 2128 enim
530 2106 592 2133 eius,
610 2106 661 2128 licet
678 2105 859 2133 compendiosus
875 2107 898 2126 et
914 2103 1032 2126 sententiis
1048 2102 1159 2131 singulari
1176 2101 1246 2124 modo
1263 2107 1297 2123 re-

454 2154 535 2180 fertus,
553 2153 672 2180 stringenti
691 2152 773 2175 ordine
798 2151 873 2179 logico
895 2150 1007 2179 procedit.
1025 2151 1120 2178 lnsuper
1144 2155 1189 2172 non
1215 2149 1298 2171 desunt

454 2201 592 2223 documenta
610 2200 729 2225 historica,
746 2205 807 2227 quae
824 2201 926 2220 nostram
943 2197 1095 2219 assertionem
1112 2196 1190 2225 quoad
1207 2195 1297 2223 singula

453 2247 596 2270 confirmant.

516 2294 635 2320 Secundo,
648 2295 690 2315 lioc
708 2293 809 2321 primum
822 2292 960 2320 opusculum
974 2291 1041 2313 foede
1052 2292 1187 2318 corruptum
1200 2292 1222 2312 et
1235 2289 1298 2311 inter-

454 2341 556 2369 polatum
567 2342 687 2368 hucusque
696 2338 824 2366 prodierat;
835 2338 887 2360 hinc
897 2337 1004 2360 lectiones
1013 2337 1128 2358 variantes
1137 2336 1205 2358 etiam
1219 2335 1298 2363 magni

454 2387 565 2409 momenti
577 2392 589 2408 e
601 2385 721 2408 codicibus
732 2392 744 2407 a
757 2384 824 2407 nobis
836 2385 942 2406 collectae
955 2384 983 2406 ita
997 2383 1092 2406 modum
1105 2384 1262 2409 excesserunt,
1275 2383 1299 2403 ut

453 2434 502 2456 sine
519 2433 594 2455 medio
612 2432 701 2455 lectoris
718 2438 764 2454 non
787 2431 942 2459 potuissemus
958 2430 994 2452 hic
1011 2429 1136 2452 observare
1154 2435 1242 2451 morem
1260 2434 1298 2450 no·

453 2486 537 2508 strum,
555 2481 616 2503 locos
633 2480 739 2502 editionis
759 2479 883 2501 Vaticanae
904 2480 1020 2500 correctos
1039 2478 1068 2499 ad
1089 2478 1174 2499 calcem
1197 2475 1298 2498 notandi.

454 2530 513 2551 Raro
530 2532 552 2550 et
569 2528 716 2550 solummodo
728 2529 823 2555 propter
840 2526 950 2554 speciales
967 2525 1066 2547 rationes
1087 2524 1195 2546 traditum
1213 2526 1298 2546 textum

454 2580 476 2598 ct
496 2576 653 2603 discrepantes
675 2574 782 2596 codicum
805 2573 912 2595 lectiones
933 2573 962 2594 ad
979 2572 1065 2594 calcem
1086 2571 1214 2599 posuimus.
1237 2570 1297 2592 idem

454 2622 578 2644 dicendum
591 2621 620 2643 de
631 2619 795 2643 Collationibus
807 2620 836 2641 de
848 2620 928 2641 decem
942 2618 1077 2646 praeceptis.

517 2668 605 2694 Tertio,
618 2674 659 2695 pro
672 2667 808 2694 incriptione
820 2666 945 2689 Sermones
958 2666 979 2687 in
1000 2665 1156 2687 lietacmcron
1169 2664 1297 2686 secundum

454 2714 566 2736 monitum
586 2715 607 2735 Ρ.
621 2713 706 2735 Bonelli
719 2712 846 2741 (Prodi-om.
859 2712 901 2734 col.
914 2712 968 2740 628)
981 2711 1141 2733 substituimus
1157 2710 1297 2733 Colmciones

455 2762 476 2783 in
488 2761 643 2783 Hexaeineron
651 2778 656 2787 ,
668 2766 738 2788 quem
752 2760 875 2781 tcrminuin
883 2776 888 2785 ‚
901 2761 979 2786 utpote
990 2758 1021 2781 rci
1031 2760 1218 2784 consentancum,
1230 2757 1298 2779 etiam

454 2808 531 2837 quoad
544 2808 591 2829 dno
603 2808 645 2829 alia
658 2807 769 2834 opuscula
782 2806 931 2833 retinuimus,
944 2806 994 2827 licet
1010 2805 1044 2827 llis
1062 2811 1145 2827 nomen
1161 2810 1298 2831 sermonum

454 2855 509 2876 satis
526 2854 583 2876 bene
601 2854 722 2875 conveniat
739 2855 760 2874 et
783 2859 864 2880 reapse
887 2853 909 2874 in
931 2851 1044 2874 nonnullis
1067 2851 1227 2879 manuscriptis
1244 2850 1299 2872 anti-

454 2901 506 2929 quis
524 2900 644 2922 tribuntur.
662 2898 802 2922 Collatiorws
819 2899 880 2920 enim
899 2905 925 2920 ea
943 2900 1015 2920 aetate
1027 2897 1169 2920 vocabantur
1180 2898 1299 2920 discursus

455 2946 483 2968 illi
502 2946 576 2973 magis
592 2945 725 2971 familiares,
742 2944 781 2973 qui
804 2951 845 2972 per
867 2944 963 2966 modum
981 2944 1170 2966 conserentiarum
1188 2946 1210 2965 et
1230 2949 1298 2970 saepe

457 2993 477 3014 in
496 2993 544 3015 loco
563 2999 607 3014 non
625 2998 703 3018 sat-ro,
722 2995 745 3013 ut
763 2986 786 3013 in
801 2991 920 3013 refectorio
937 2991 966 3013 ad
984 2990 1125 3012 collationem
1150 2991 1184 3012 vel
1202 2990 1224 3012 in
1242 2990 1299 3012 aulis

1144 195 1385 225 PROLEGOMENA
1407 196 1434 224 C.
1458 196 1498 225 VI.

1350 274 1480 296 sebolmum
1506 274 1668 301 refflabantur,
1681 274 1815 302 praesertim
1825 292 1829 301 ‚
1841 274 1934 302 quando
1946 275 1976 297 de
1987 275 2068 297 eadem
2082 281 2106 297 re
2117 276 2195 303 plures

1350 321 1469 343 discursus
1486 321 1637 344 habebantur.
1654 323 1704 349 lpse
1721 322 1881 344 Bonaventura
1899 321 1969 344 utitur
1984 323 2076 345 nomine
2094 322 2195 346 collacio-

1350 374 1408 390 num
1425 368 1503 396 quoad
1521 368 1676 391 llexaemeron
1694 372 1715 391 et
1727 369 1865 396 opusculum
1876 369 1907 391 de
1918 372 2005 397 septem
2019 369 2085 392 donis
2097 370 2196 397 Spiritus

1350 414 1421 436 sancti
1435 413 1521 441 (Collat.
1531 415 1552 436 2.
1561 421 1584 436 n.
1595 415 1614 442 l,
1624 415 1645 436 3.
1658 422 1679 437 n.
1692 416 1710 437 l.
1722 418 1744 437 et
1757 415 1793 437 16.
1805 421 1827 437 n.
1841 415 1880 443 6.),
1891 418 1914 437 et
1925 415 1993 438 etiam
2007 416 2029 437 S.
2041 415 2195 438 Bernardinus

1351 461 1408 483 insi-a
1426 461 1439 489 S
1455 461 1476 483 sl.
1492 461 1574 484 citatus
1590 462 1694 484 nominat
1709 462 1771 490 ipsas
1783 461 1919 485 collationes
1932 462 1954 484 in
1967 463 2123 485 Hexaemeron
2132 481 2137 490 ,
2149 469 2195 485 non

1350 513 1478 531 sermones.
1495 520 1525 525 —
1543 509 1640 537 Quarto,
1659 510 1714 531 baec
1738 509 1779 531 tria
1797 509 1907 537 opuscula
1926 510 2016 532 Parisiis
2033 510 2125 532 recitata
2143 514 2196 533 sunt

1351 555 1394 576 hoc
1411 554 1491 577 ordine
1508 555 1631 583 temporis:
1649 555 1724 583 primo
1740 555 1877 579 Collationes
1893 556 1923 578 de
1937 556 2019 578 decem
2032 556 2161 584 praoeeptis
2173 557 2195 578 in

1351 600 1533 629 Quadragesima
1558 608 1596 624 an.
1614 602 1685 630 1267,
1702 602 1750 629 vel,
1769 604 1793 624 ut
1814 602 1871 625 alius
1894 602 1946 624 cod.
1967 602 2049 629 habet,
2067 609 2105 625 an.
2123 603 2195 631 ⁴26&

1351 647 1435 669 deinde
1458 647 1539 669 iterum
1566 648 1587 670 in
1612 648 1793 678 Quadragesima
1819 648 1955 671 Collationes
1977 649 2006 671 de
2023 652 2112 677 septem
2129 650 2196 672 donis

1351 693 1450 721 Spiritus
1462 694 1492 719 5.,
1504 700 1565 722 quae
1577 694 1659 721 (collat.
1672 695 1691 716 l.
1704 701 1727 717 n.
1739 695 1770 723 2.)
1784 695 1946 722 praecedentes
1963 695 1992 717 de
2009 696 2089 718 decem
2106 702 2196 724 praece-

1352 740 1396 768 ptis
1413 743 1596 762 commemorant
1612 740 1646 763 his
1662 740 1754 763 verbis:
1773 750 1784 760 α
1795 741 1854 764 Alias
1870 742 1916 764 dixi
1933 742 2001 764 vobis
2018 743 2048 764 de
2064 743 2114 770 lege
2131 743 2197 765 deca-

1351 787 1398 815 logi
1407 805 1412 814 ,
1430 790 1452 809 et
1468 787 1539 810 inodo
1557 788 1609 809 dico
1622 786 1688 809 vobis
1700 787 1729 810 de
1741 788 1813 815 gratia
1823 797 1844 816 υ,
1857 789 1920 816 ipsae
1931 792 2008 811 autern
2022 792 2045 811 ut
2056 792 2122 812 antea
2135 789 2197 812 habi-

1352 838 1387 857 tae
1404 837 1617 857 commemorantur
1634 835 1657 857 in
1675 835 1782 857 Hexaem.
1798 836 1871 858 collat.
1889 836 1910 858 ⁴2.
1927 843 1950 858 n.
1964 836 1985 858 i.
1998 839 2021 858 et
2037 837 2058 858 3.
2070 843 2092 858 n.
2105 836 2126 858 ’1.
2139 836 2197 858 Satis

1352 881 1419 904 etiam
1438 884 1525 904 certum
1542 884 1587 908 est,
1600 881 1691 904 ultimas
1703 880 1791 904 habitas
1803 887 1853 904 esse
1865 881 1955 904 Parisiis
1968 882 2027 904 1273
2040 884 2092 910 post
2104 883 2196 905 Pascha.

1415 928 1428 956 S
1447 929 1467 950 l.
1485 927 1623 951 Cellationos
1640 927 1664 950 in
1682 927 1833 951 Hexafimaren
1850 934 1878 950 ex
1895 934 1931 950 ore
1942 927 1966 951 S.
1982 928 2156 951 Bonaventurae
2169 928 2196 951 ab

1352 973 1496 997 auditoribus
1512 974 1620 1004 exceptam
1637 974 1701 998 snut.
1718 987 1750 991 —
1767 975 1884 1003 inscriptio
1901 975 1979 1003 operis
1996 978 2058 997 certe
2075 982 2116 998 nec
2133 978 2167 998 est
2184 982 2196 997 a

1352 1022 1513 1044 Bonuventura
1530 1028 1572 1044 nec
1589 1028 1638 1044 rem
1656 1024 1773 1044 tractatam
1792 1021 1850 1044 bene
1867 1022 1973 1050 exprimit
1989 1029 2032 1045 nec
2050 1022 2071 1045 in
2085 1023 2140 1050 ipsis
2151 1024 2198 1045 col-

1352 1069 1402 1105 latis
1414 1075 1426 1091 a
1439 1068 1507 1091 nobis
1523 1069 1644 1091 codicibus
1662 1069 1784 1095 invenitur,
1797 1075 1896 1098 quorum
1914 1070 1975 1091 solus
1987 1070 2003 1091 B
2016 1070 2104 1092 titulum
2118 1069 2197 1097 liabet,

1352 1107 1397 1139 sed
1410 1123 1422 1138 a
1440 1116 1558 1144 praedicto
1575 1116 1694 1138 diversum
1714 1116 1776 1144 (ride
1794 1116 1850 1138 infra
1869 1123 1922 1144 pag.
1939 1117 1997 1144 329,
2014 1119 2066 1139 nota
2086 1117 2124 1144 1.).
2141 1116 2197 1139 Cod.

1352 1163 1458 1186 Senensis
1475 1163 1577 1186 inscribit
1599 1169 1659 1191 opus
1675 1163 1719 1185 sie:
1739 1172 1749 1182 α
1761 1163 1872 1191 incipiunt
1889 1163 2064 1186 illuminationes
2081 1164 2197 1185 Bonaven-

1320 1215 1322 1217 ·
1352 1213 1403 1233 tore
1418 1211 1448 1233 de
1462 1209 1574 1238 operibus
1592 1210 1628 1232 Vll
1645 1210 1735 1232 dierum
1753 1210 1856 1232 carisius·
1870 1210 1930 1232 edite
1940 1220 1961 1232 n.
1977 1211 1998 1232 ln
2011 1211 2086 1238 prima
2098 1210 2198 1233 editione

1354 1257 1487 1285 (Argentina
1505 1263 1541 1279 an.
1563 1256 1629 1283 ¹495)
1648 1256 1791 1279 inscribitur:
1807 1256 1926 1279 «Libeia...
1945 1257 1984 1286 qui
2004 1256 2143 1279 Luminaria
2156 1257 2196 1280 Ec-

1353 1303 1437 1327 clesiae
1454 1304 1579 1326 intitulatur
1596 1303 1644 1326 sive
1669 1303 1857 1326 illuminationes
1875 1304 1924 1326 sive
1941 1304 1970 1326 (le
1987 1304 2090 1333 quinque
2107 1303 2198 1326 visioni-

1353 1351 1397 1374 bus
1409 1360 1434 1378 »;
1453 1351 1473 1373 in
1492 1351 1612 1373 Vaticana:
1634 1351 1722 1373 «Liber
1740 1351 1863 1379 inscriptus
1880 1350 2068 1374 Illuminattbnes
2079 1350 2197 1374 Ecclesiae

1353 1398 1377 1420 in.
1394 1398 1596 1425 Hezaa'mron»,·
1613 1404 1674 1426 quae
1692 1398 1785 1426 insuper
1801 1398 1940 1426 opusculum
1964 1398 2041 1426 inepte
2058 1398 2123 1426 ponit
2141 1398 2197 1420 inter

1352 1451 1423 1473 opera
1440 1445 1565 1473 exegetica.
1577 1445 1658 1468 Neutra
1676 1445 1794 1473 inscriptio
1806 1448 1893 1468 estnec
1911 1448 1985 1473 potest
2001 1452 2052 1468 csso
2068 1445 2196 1468 secundum

1352 1494 1453 1515 mentem
1471 1493 1495 1514 S.
1512 1492 1694 1514 Bonaventurne.
1711 1504 1742 1509 -
1758 1492 1798 1514 Rei
1816 1494 1922 1514 u-actatae
1940 1493 2015 1520 magis
2027 1493 2160 1515 conveniret
2171 1494 2198 1515 ti—

1350 1540 1425 1562 tulus:
1442 1539 1579 1562 Collationes
1596 1539 1625 1562 de
1647 1541 1736 1568 septem
1758 1538 1886 1562 visionibus
1909 1540 1959 1562 sive.
1984 1539 2198 1563 illuminationibus.

1352 1586 1498 1614 Propositum
1515 1575 1576 1608 enim
1594 1586 1695 1608 auctoris
1712 1586 1752 1608 tuit
1769 1592 1883 1614 exponere
1900 1586 1922 1608 in
1940 1586 1975 1609 his
1991 1586 2152 1609 collationibus
2163 1593 2198 1609 se—

1352 1637 1415 1662 ptem
1433 1633 1546 1661 gradatim
1564 1633 1715 1655 ascendentes
1731 1632 1917 1659 illuminationes,
1934 1639 1993 1661 quas
2010 1635 2079 1655 vocat
2090 1632 2197 1662 visiones,

1352 1687 1453 1710 quarum
1471 1683 1558 1703 tantum
1576 1683 1676 1709 quatuor
1698 1686 1780 1708 reapse
1803 1680 1913 1702 tractavit.
1937 1680 2003 1708 Quod
2027 1681 2068 1702 has
2085 1680 2198 1703 illumina-

1353 1728 1425 1750 tiones
1443 1730 1562 1755 comparet
1579 1727 1643 1755 operi
1659 1733 1699 1749 sex
1718 1727 1752 1749 vel
1770 1729 1864 1755 septem
1876 1727 1967 1749 dierum
1985 1727 2007 1749 in
2025 1727 2121 1755 Genesi,
2132 1731 2154 1750 et
2171 1734 2197 1750 ex

1353 1776 1397 1797 hoc
1414 1774 1472 1797 libro
1485 1774 1507 1797 in
1520 1774 1632 1802 principio
1650 1774 1797 1796 collationum
1814 1776 1890 1796 sumat
1907 1763 1996 1797 textum·
2010 1774 2152 1802 Scripturae,
2164 1777 2198 1797 est

1352 1828 1403 1848 res,
1421 1824 1445 1844 ut
1462 1822 1492 1843 ita
1509 1821 1599 1848 dicam,
1617 1821 1769 1844 accidentalis.
1787 1821 1833 1844 Sed
1850 1827 1878 1843 ne
1895 1821 2007 1843 mutando
2019 1821 2112 1854 titulum
2122 1821 2198 1849 operis

1354 1869 1398 1891 iam
1418 1869 1530 1897 frequenti
1557 1875 1599 1891 usu
1618 1870 1736 1896 receptum
1754 1868 1879 1890 confusioni
1905 1868 2051 1890 occasionem
2077 1868 2197 1895 daremus,

1353 1916 1490 1939 retinuimus
1507 1915 1579 1937 verba
1597 1915 1620 1937 in
1638 1914 1813 1942 Hearae'inwron,
1826 1914 1936 1936 addentes
1947 1914 1997 1936 sive
2009 1913 2197 1937 illuminationes

1354 1962 1478 1986 Ecclesiae.

1417 2010 1466 2038 lpsa
1484 2011 1557 2031 torma
1582 2008 1691 2031 orationis
1716 2014 1760 2030 non
1785 2008 1839 2030 sutis
1864 2009 1963 2035 perfecta
1980 2002 2093 2036 insinuat,
2111 2008 2196 2030 utiam

1353 2057 1465 2083 diximus,
1482 2056 1552 2079 rerba
1569 2056 1591 2078 S.
1608 2055 1712 2078 Doctoris
1729 2054 1759 2076 ab
1775 2054 1824 2077 aliis
1841 2060 1891 2076 esse
1907 2055 2038 2083 reportata.
2058 2055 2105 2077 lloc
2126 2055 2198 2077 mani-

1354 2105 1409 2125 feste
1426 2103 1525 2131 probant
1541 2102 1608 2124 etiam
1626 2102 1704 2130 plures
1722 2101 1831 2124 formulae
1848 2101 1953 2127 dicendi,
1970 2101 2057 2130 quibus
2072 2101 2198 2124 scribentes

1355 2151 1464 2177 indicant,
1481 2156 1506 2172 se
1523 2156 1567 2171 non
1585 2150 1671 2171 referre
1689 2148 1737 2176 ipsa
1755 2147 1851 2170 dicentis
1868 2147 1952 2174 verba,
1970 2148 2011 2169 sed
2030 2147 2130 2178 breviter
2152 2150 2197 2170 tan-

1354 2200 1402 2219 tuin
1421 2202 1527 2223 sensum,
1546 2199 1570 2218 ut
1586 2201 1640 2223 pag.
1657 2196 1711 2222 356,
1736 2202 1758 2217 ιι.
1777 2195 1815 2216 43ε
1835 2193 1863 2216 Et
1887 2193 1989 2219 dicebat,
2013 2194 2060 2216 scil.
2080 2194 2197 2217 Bonaven-

1355 2247 1418 2271 tura3
1437 2250 1489 2271 pag.
1508 2244 1567 2276 3⁹⁰³
1584 2249 1606 2265 n.
1625 2242 1665 2264 lt:
1684 2242 1713 2265 Et
1730 2241 1790 2265 dizit
1807 2240 1857 2269 ltic,·
1875 2247 1929 2269 pag.
1948 2241 2004 2267 405,
2022 2248 2044 2263 n.
2063 2241 2148 2264 ⁴5:122
2164 2240 2197 2263 di-

1354 2289 1402 2317 zit,
1423 2289 1487 2319 qnod
1503 2289 1550 2312 iam
1569 2290 1685 2312 cenet-ut...
1704 2289 1734 2312 Et
1749 2286 1935 2317 ffeqiumtissime
1957 2286 2091 2311 inculcabat
2112 2291 2156 2310 etc.
2175 2288 2196 2310 ln

1355 2344 1421 2366 seqq.
1440 2336 1599 2359 collationibus
1617 2336 1702 2364 passim
1720 2336 1782 2358 idem
1799 2335 1910 2361 oc‹·urrit;
1928 2337 1949 2356 ct
1967 2335 2050 2357 mirum
2069 2337 2114 2362 est,
2134 2335 2196 2363 quod

1354 2383 1454 2406 editores
1472 2383 1595 2405 Vnt-iconae
1613 2383 1635 2404 in
1653 2382 1701 2404 istis
1718 2382 1772 2404 locis
1784 2382 1863 2403 frustra
1876 2380 2016 2409 quaesierint
2028 2380 2096 2403 alium
2114 2381 2194 2402 horum

1355 2429 1480 2452 verborum
1499 2433 1623 2451 auctorem.

1419 2477 1466 2498 Non
1484 2477 1567 2498 desunt
1592 2476 1721 2498 testimonia
1746 2474 1864 2501 historica⁷
1889 2480 1949 2502 quae
1976 2474 2093 2501 praedicta
2119 2474 2199 2495 contir-

1356 2526 1414 2545 mant
1445 2524 1580 2550 Anonymus
1597 2525 1676 2544 auctor
1699 2522 1788 2544 'illorum
1812 2520 1993 2548 chronicorum,
2010 2526 2071 2549 quae
2087 2523 2198 2542 vocantur

1354 2570 1428 2606 xxiv
1441 2569 1598 2595 Generalium‚
1611 2568 1689 2591 scribit
1702 2569 1733 2597 (in
1751 2567 1802 2589 cod.
1818 2567 1936 2589 Assisiensi
1950 2567 1986 2589 t'ol.
2009 2567 2057 2588 100.
2069 2573 2087 2588 r.
2099 2567 2142 2588 col.
2154 2566 2198 2593 2&

1357 2617 1446 2638 «Tunc
1462 2615 1522 2637 enim
1542 2615 1627 2637 vernali
1645 2618 1749 2643 tempore
1771 2613 1886 2636 Generalis
1908 2612 2014 2642 [Bonam]
2038 2613 2135 2635 l‘arisius
2156 2613 2199 2635 exi-

1354 2665 1416 2684 stens
1433 2662 1487 2688 texit
1503 2665 1525 2684 ct
1543 2662 1647 2690 exposuit
1665 2662 1765 2689 primum
1790 2659 1914 2687 capitulum
1933 2659 1983 2681 libri
2001 2659 2103 2686 Genesis,
2122 2659 2198 2681 multis

1355 2709 1407 2731 hinc
1425 2709 1477 2731 inde
1495 2709 1560 2737 quasi
1580 2707 1785 2730 innumerabilibus
1801 2706 1831 2728 ad
1840 2706 1960 2728 lectionem
1979 2705 2160 2733 confluentibus,
2177 2708 2196 2727 et

1354 2756 1407 2779 inde
1424 2758 1554 2783 reportatus
1570 2757 1604 2777 est
1620 2757 1642 2777 et
1659 2756 1775 2777 consectus
1791 2752 1892 2779 libellus,
1909 2752 1949 2781 qui
1967 2753 1997 2774 de
2016 2753 2051 2774 Vll
2070 2751 2199 2774 visionibus

1355 2803 1390 2825 vcl
1409 2801 1535 2824 luminibus
1552 2801 1686 2823 intitulatur.
1704 2800 1748 2823 Sed
1765 2801 1887 2827 antequam
1905 2799 2009 2826 quintam
2028 2798 2140 2820 visionem
2158 2803 2197 2818 seu

1354 2849 1520 2876 expositionem
1538 2848 1611 2876 quinti
1629 2848 1675 2870 diei
1692 2845 1865 2874 complevisset,
1882 2845 1910 2867 ad
1929 2845 2013 2867 dictam
2035 2844 2197 2872 praelationem

1355 2895 1381 2924 [i.
1392 2902 1412 2917 e.
1421 2894 1548 2916 secundum
1559 2897 1676 2916 auctorem
1689 2893 1718 2916 ad
1731 2891 1953 2919 archiepiscopatum
1968 2890 2144 2918 Eborac-ensem]
2157 2890 2198 2912 el(h

1355 2944 1416 2967 ctus,
1434 2940 1521 2962 dictum
1534 2939 1617 2962 librum
1630 2940 1745 2962 dimisit».
1758 2950 1789 2955 —
1800 2939 1868 2960 necte
1881 2940 1957 2960 monet
1970 2937 2053 2959 Bonelli
2068 2937 2197 2962 (Prodi-om.

1355 2989 1397 3011 col.
1415 2988 1479 3016 223),
1496 2988 1582 3010 dit-cam
1603 2986 1775 3017 praelationem
1797 2985 1939 3007 relerendam
1957 2991 2007 3007 esse
2025 2991 2068 3007 non
2085 2983 2115 3005 ad
2136 2983 2198 3005 illuni
