2285 3398
390 235 515 264 XXXVIII

391 315 439 337 lloc
466 315 568 342 profecto
596 313 696 336 editores
720 313 799 336 Veneti
826 312 970 339 nesciebant,
994 319 1047 335 cum
1075 313 1233 340 scripserunt:

392 371 403 381 ιι
417 361 501 384 Indocti
513 367 606 388 sumus,
623 361 641 383 si
659 360 780 383 AmbIcam
797 366 880 382 vocem
898 359 1042 389 trifurcalur
1065 359 1165 382 tribuere
1181 358 1235 380 veli-

389 415 441 431 mus
458 407 609 436 scriptoribus
628 407 711 430 saeculi
732 407 778 430 XIII
792 416 813 429 ».
829 419 860 423 —
878 407 985 429 Secundo
1001 406 1071 429 iidem
1089 408 1172 434 urgent
1188 406 1234 427 iam

389 460 492 478 notatum
510 461 612 477 errorem
629 454 688 477 circa
706 460 830 476 numerum
843 454 895 476 anui
914 453 973 476 '1274
991 459 1034 482 pro
1051 459 1111 475 anno
1130 452 1201 479 4273,
1213 454 1235 474 et

389 503 469 526 Veneti
490 505 598 524 accusant
615 501 788 529 Waddingum,
806 501 870 530 quod
887 501 1007 529 corrigens
1024 506 1138 528 errorem,
1156 502 1234 522 contra

389 550 501 572 editiones
518 549 621 577 posuerit
640 555 726 571 annum
749 548 816 576 1273;
834 547 917 570 deiude
934 548 1086 570 concludunt:
1106 556 1117 567 u
1130 547 1153 569 ld
1170 547 1189 569 si
1205 547 1235 569 ita

389 600 434 622 est.
452 597 487 619 vel
500 596 566 619 nobis
583 595 724 623 tacentibus,
737 595 800 617 facile
812 595 911 624 qtusque
923 594 1043 622 perspicit,
1055 594 1109 616 nihil
1127 595 1169 616 hac
1181 599 1236 621 epo-

389 646 430 667 cha
452 644 562 670 validius,
584 649 631 672 quo
653 643 799 671 suppositum
823 643 998 664 Bonaventurae
1019 648 1079 669 opus
1101 647 1150 664 esse
1176 641 1236 663 dica-

390 699 441 715 mus
454 701 475 714 ».
493 691 539 714 Sed
556 698 568 713 e
585 691 700 714 contrario
718 690 782 712 facile
800 690 898 718 quisque
917 689 1052 717 perspiciet,
1069 688 1123 711 nihil
1143 689 1185 710 hoc
1203 693 1235 709 ar-

390 742 499 766 gumento
522 744 572 760 esse
597 737 717 760 intlrmius.
740 737 795 759 Nam
817 743 862 759 non
883 736 1057 763 Bouaventura,
1074 736 1117 758 sed
1139 735 1235 764 quidam

390 792 519 814 anonymus
544 786 635 814 scripsit
660 786 703 807 hoc
727 784 924 810 additament-im,
949 787 971 806 et
997 782 1095 806 dubium
1121 785 1236 810 remanet,

391 837 466 856 utrum
479 840 544 855 error
561 833 650 855 numeri
667 826 817 860 imputandus
829 832 857 854 sit
873 831 961 854 auctori
972 831 1134 859 additamenti,
1151 830 1187 852 vel
1200 830 1236 851 alii

390 880 491 903 librarlo,
508 880 608 907 Deinde,
625 880 715 902 etiamsi
733 883 804 902 totum
817 879 871 901 illud
884 879 1067 901 additamentum
1086 878 1158 907 (quod
1173 877 1237 900 deest

390 928 412 950 in
430 927 540 950 omuibus
551 927 652 955 antiquis
668 926 797 955 codicibus)
811 926 840 948 sit
857 925 976 954 spurium,
988 925 1042 947 nihil
1060 931 1101 953 per
1119 925 1162 946 hoc
1174 929 1237 952 prae-

390 975 504 998 iudicatur
521 975 648 998 auctoritati
666 976 748 997 harum
765 973 930 1001 Collatkmum,
947 979 1007 1002 quae
1023 979 1071 995 non
1088 976 1133 995 tam
1151 972 1187 994 illo
1200 971 1238 993 ad-

391 1023 515 1045 ditamento
533 1029 603 1052 quam
621 1022 713 1045 aliunde
731 1022 797 1044 cortis
809 1021 966 1044 monumentis
983 1020 1102 1049 probatur.

453 1070 560 1093 Sbaralea
576 1070 704 1098 (Supplem.
721 1072 763 1091 etc.
782 1075 837 1097 pag.
853 1068 908 1097 ⁶256)
927 1068 1003 1096 primo
1015 1067 1112 1096 opponit
1128 1067 1203 1089 locum
1217 1066 1238 1088 111

391 1119 463 1141 collat.
481 1119 517 1140 22.
536 1125 557 1140 u.
573 1119 607 1140 18.
619 1121 640 1139 et
658 1120 734 1145 putat,
746 1116 810 1146 quod
823 1116 853 1139 ibi
866 1119 945 1139 auctor
958 1116 986 1138 ita
1005 1115 1111 1138 historiae
1133 1115 1238 1143 Ignarum

391 1172 415 1189 se
432 1166 548 1192 ostendat,
567 1168 590 1188 ut
607 1166 629 1187 S.
647 1164 796 1187 Ambrosium
820 1164 886 1187 faciat
909 1163 1064 1186 consiliarium
1083 1162 1238 1189 Constantini,

392 1219 433 1236 nec
450 1213 573 1241 distinguat
591 1212 741 1236 Sui-acanum
758 1218 770 1233 a
789 1212 963 1233 catechumeno.
978 1210 1023 1232 Sed
1040 1209 1119 1238 quoad
1136 1209 1238 1237 primum

392 1259 498 1282 sbaralea
516 1260 571 1282 falso
588 1259 696 1281 intellexit
708 1259 770 1280 illum
789 1259 873 1280 locum.
891 1258 947 1280 Nam
960 1257 992 1279 ibi
1009 1263 1086 1279 sermo
1103 1259 1137 1279 est
1150 1259 1197 1278 tum
1210 1256 1240 1278 de

392 1307 458 1330 malis
474 1310 496 1329 et
516 1306 582 1329 bonis
600 1305 755 1335 principibus,
776 1309 824 1327 tum
844 1305 874 1327 de
895 1305 960 1326 malis
977 1307 999 1326 et
1019 1303 1086 1326 bouis
1105 1303 1240 1326 consiliariis

393 1354 532 1382 principum.
544 1354 587 1375 Pro
599 1353 704 1380 exempto
722 1351 777 1375 bani
792 1351 909 1381 principis
927 1351 1049 1373 adducitur
1066 1350 1240 1377 Constantinus,

392 1407 435 1429 pro
452 1400 556 1428 exemplo
574 1399 629 1423 boni
644 1399 776 1423 consiliarii
793 1400 815 1421 S.
838 1398 987 1425 Ambrosius;
1005 1398 1045 1421 sed
1063 1398 1191 1420 nullatenus
1203 1392 1241 1420 ⁴as-

393 1448 483 1474 seritur,
495 1447 642 1470 Ambrosium
661 1447 731 1469 fuisse
743 1446 898 1469 consularium
911 1445 1066 1469 Constantini.
1079 1445 1145 1474 Quod
1163 1445 1241 1467 attinet

394 1501 475 1517 vocem
493 1494 641 1521 Saracenas,
653 1494 706 1516 cod.
718 1497 794 1516 noster
806 1494 823 1515 Α
837 1493 859 1515 111
875 1493 977 1520 margine
990 1492 1054 1515 addit
1065 1498 1107 1515 seu
1116 1498 1240 1521 puyanus,

393 1546 415 1565 et
432 1549 476 1565 vox
495 1542 677 1565 catechumenus
695 1549 740 1564 non
758 1541 903 1569 intelligenda
922 1544 968 1569 est,
981 1543 1005 1563 ut
1017 1540 1129 1568 exprimat
1141 1540 1241 1562 eundem

394 1595 487 1612 sensum
506 1596 532 1611 ac
549 1589 693 1617 Saracenas,
711 1589 751 1611 sed
770 1592 794 1611 ut
811 1588 881 1610 addat
898 1593 983 1610 novam
999 1588 1171 1615 proprietatem.
1183 1586 1241 1610 Cum

394 1640 470 1659 autem
488 1636 521 1659 illa
535 1639 607 1658 aetate
620 1636 641 1658 in
660 1637 750 1664 Europa
763 1636 799 1658 vix
811 1636 846 1658 alii
860 1635 944 1664 pagani
957 1635 1004 1657 noti
1015 1637 1091 1657 essent
1103 1638 1193 1663 praeter
1206 1635 1243 1657 Sa-

394 1690 500 1711 racenos,
518 1684 553 1706 ille
565 1684 676 1707 terminus
692 1684 715 1706 in
727 1684 805 1712 lingua
817 1683 907 1711 vulgari
921 1683 1026 1711 accipere
1043 1686 1133 1711 poterat
1149 1689 1241 1705 sensum

395 1731 537 1759 genericum.
557 1743 587 1748 —
608 1731 711 1760 Denique
733 1731 793 1753 idem
815 1730 981 1752 scandalizatur
1004 1735 1031 1752 eo
1045 1730 1109 1758 quod
1127 1730 1243 1759 sequitur:

397 1787 409 1798 «
422 1779 466 1801 Sed
485 1779 554 1801 modo
572 1779 687 1807 principes
704 1781 757 1801 sunt
772 1778 827 1800 socii
845 1779 921 1800 furum
934 1779 956 1799 et
973 1777 1094 1800 consiliarii
1112 1777 1135 1799 in
1149 1783 1243 1800 munere

395 1826 539 1849 consulunt»
561 1826 624 1855 (lsai.
647 1827 666 1855 1.
685 1826 744 1855 23.),
762 1829 784 1848 et
806 1826 872 1849 dicit:
895 1835 906 1845 «ι
919 1826 975 1854 Quis
993 1826 1048 1848 feret
1066 1825 1188 1854 [Ecclesiae
1203 1825 1244 1847 Do-

396 1873 491 1903 ctorem]
510 1877 556 1896 tam
574 1874 653 1902 pravis
670 1873 773 1896 moribus
790 1873 841 1903 [!],
860 1876 883 1896 ut
906 1873 1021 1895 universis
1041 1872 1185 1901 principibus
1207 1872 1244 1894 de-

396 1922 495 1942 traheret
512 1929 533 1942 ».
552 1921 597 1943 Sed
614 1921 656 1943 ista
673 1921 796 1949 applicatio
808 1919 934 1942 verborum
947 1919 1135 1947 propheticorum
1149 1925 1194 1941 non
1211 1921 1245 1941 est

397 1968 506 1990 detractio
525 1968 692 1991 universorum
706 1967 850 1995 principum,
868 1969 890 1988 et
906 1966 1023 1988 auditores
1040 1966 1124 1988 saeculi
1142 1965 1200 1987 illius
1212 1972 1245 1987 as-

398 2015 456 2037 sueti
473 2018 536 2036 erant
553 2014 658 2037 liberiore
675 2014 854 2042 reprehensione
872 2014 993 2040 vitiorum,
1011 2017 1057 2041 qua
1074 2013 1245 2041 praedicatores

400 2067 440 2083 nec
450 2062 543 2089 magnis
557 2061 701 2089 principibus
713 2067 754 2083 nec.
767 2060 873 2088 praelatis
885 2060 976 2089 publice
988 2059 1138 2088 peccantibus
1150 2066 1245 2088 parcere

400 2108 553 2131 solebant.—
565 2108 627 2130 Idem
645 2108 760 2135 vituperat
781 2110 806 2129 ut
822 2107 899 2129 minus
920 2107 1046 2135 prudenter
1063 2107 1150 2129 dictum
1169 2106 1244 2128 locum

400 2158 422 2178 in
439 2156 513 2178 collat.
530 2156 552 2178 5.
570 2162 593 2178 11.
616 2155 658 2177 211
681 2163 690 2175 ι
704 2154 810 2176 Similiter
828 2154 895 2182 logici
919 2160 971 2177 cum
994 2154 1042 2176 suis
1064 2152 1246 2182 sophismatibus

400 2206 421 2226 et
439 2203 486 2225 suis
504 2203 564 2225 falsis
582 2201 733 2230 positionibus
755 2202 857 2224 fecerunt
879 2201 992 2224 mundum
1016 2201 1114 2223 insanire
1127 2208 1153 2229 u,
1170 2203 1192 2223 et
1209 2200 1247 2222 ad-

400 2250 444 2272 dit:
460 2258 470 2269 ιι
483 2249 553 2278 Quasi
572 2249 744 2275 Bonaventura‚
757 2248 858 2270 Thomas
874 2248 958 2277 aliique
974 2247 1099 2270 doctissimi
1111 2253 1138 2269 ac
1150 2247 1247 2275 piissimi
1268 2269 1270 2271 ,

401 2296 443 2319 viri
460 2297 482 2319 in
499 2302 524 2319 ea
544 2296 648 2319 facultate
662 2302 707 2318 non
724 2301 749 2317 se
765 2295 908 2318 exercueriiit
919 2304 930 2315 ιι
945 2298 987 2317 etc.
1005 2295 1051 2317 Sed
1069 2295 1125 2317 mira
1148 2296 1182 2317 est
1202 2295 1247 2316 hal-

402 2344 507 2366 lucinatio
525 2343 651 2366 doctissimi
668 2342 720 2365 viri.
736 2343 860 2371 Postquam
879 2342 1038 2364 Bonavcntura
1057 2342 1079 2364 iu
1097 2342 1171 2364 collat.
1188 2341 1209 2363 4.
1225 2344 1247 2363 et

402 2392 424 2414 ὃ.
441 2392 470 2414 de
487 2398 571 2414 novem
590 2391 656 2413 bonis
672 2389 772 2412 scientiis
790 2390 878 2412 locutus
887 2392 921 2411 est
937 2392 959 2411 et
974 2395 1054 2411 eorum
1073 2388 1159 2412 bonum
1175 2394 1247 2411 usum

402 2440 586 2467 commendavit,
603 2439 626 2461 in
644 2440 687 2461 hoc
705 2445 726 2460 n.
739 2439 776 2460 2¹.
794 2438 874 2466 paucis
891 2436 969 2459 verbis
986 2437 1127 2464 sIngularum
1145 2435 1248 2459 abusum

399 2489 579 2510 commemorat:
600 2495 611 2506 a
624 2486 668 2508 Sed
686 2485 708 2507 in
726 2485 760 2507 his
777 2484 886 2507 omnibus
908 2484 1018 2506 luxuriata
1042 2486 1075 2505 est
1097 2483 1169 2505 ratio:
1187 2483 1248 2505 1111111-

404 2536 458 2557 riam
476 2538 510 2557 est
526 2533 686 2564 metaphysica
696 2542 706 2553 u
724 2536 766 2555 etc.
784 2532 842 2554 Num
863 2531 902 2554 soli
922 2530 992 2560 1091σὶ
1008 2530 1067 2553 bona
1089 2536 1129 2552 sua
1155 2529 1248 2552 scientia

404 2582 499 2610 turpiter
511 2587 629 2610 nunquam
645 2580 710 2603 abusi
728 2581 796 2603 sunt?
809 2579 873 2608 Quid
881 2579 949 2601 sentit
960 2578 1069 2606 egregius
1080 2579 1160 2599 auctor
1173 2576 1208 2598 ille
1220 2576 1249 2598 de

406 2635 447 2651 usu
466 2629 564 2656 logicae,
576 2635 646 2657 quern
665 2629 766 2650 fecerunt
783 2634 829 2649 non
847 2626 913 2655 pauci
932 2626 984 2648 inde
1002 2632 1014 2647 a
1032 2625 1141 2653 sophistis
1156 2624 1249 2646 Graecis

406 2679 427 2697 et
443 2675 566 2697 dialecticis
589 2678 691 2703 tempore
709 2674 830 2697 Abaelardi
853 2680 927 2702 usque
950 2673 977 2695 ad
1002 2672 1155 2698 Buridanum,
1179 2671 1250 2693 immo

407 2729 480 2752 usque
496 2723 525 2745 ad
543 2723 592 2745 dies
609 2724 714 2745 nostros?
733 2723 757 2744 Et
775 2722 877 2749 praecise
894 2727 921 2743 eo
939 2724 1053 2748 tempore,
1070 2726 1117 2749 quo
1135 2720 1251 2741 Bonaven-

407 2773 455 2792 tura
479 2771 535 2792 haec
555 2769 622 2796 dixit,
640 2769 770 2797 Stephanus
788 2768 903 2796 Tempier,
921 2769 992 2796 episc.
1009 2767 1152 2795 Parisiensis,
1170 2766 1252 2789 cunde-

408 2816 552 2839 ωηεν-11219
570 2817 655 2844 theses,
668 2822 766 2845 quarum
780 2816 864 2837 multae
882 2818 903 2837 et
920 2815 1077 2838 insanissimae
1094 2821 1106 2837 a
1125 2814 1205 2843 logicis
1223 2814 1252 2836 in-

408 2866 489 2885 ventae
517 2865 581 2885 crant
603 2862 652 2889 (cfr.
674 2861 775 2884 Chartul.
801 2861 904 2884 Univers,
928 2862 1048 2884 Parisiens.
1076 2867 1129 2889 pag.
1158 2861 1202 2883 486
1231 2863 1253 2883 et

409 2909 454 2932 543
471 2912 553 2939 seqq.).
570 2922 601 2926 ——
619 2909 722 2932 Subinde
748 2909 837 2937 obiicit,
854 2910 917 2938 quod
937 2919 948 2929 «
961 2912 1040 2932 auctor
1063 2912 1162 2932 sectatur
1188 2908 1253 2931 fabu-

410 2958 442 2979 las
454 2966 475 2984 n,
492 2957 546 2985 quia
564 2956 586 2978 in
604 2957 676 2979 collat.
694 2958 716 2979 5.
733 2963 755 2978 n.
772 2956 806 2978 19.
823 2960 911 2984 narrat,
927 2956 990 2985 quod
1009 2957 1105 2978 Romani
1123 2963 1164 2984 per
1180 2958 1253 2978 artem

409 3003 494 3026 diaboli
512 3003 633 3031 elegissent
645 3003 817 3025 Diocletianum.
830 3003 862 3024 Sit
875 3002 949 3025 fabula
968 3004 1024 3029 haec
1036 3003 1147 3031 narratio,
1160 3006 1184 3025 ut
1196 3003 1255 3025 mul-

409 3053 445 3073 tae
462 3051 517 3073 aliae
534 3056 571 3072 res
588 3050 709 3072 historicae
726 3050 761 3071 ille
779 3053 852 3072 aetate
869 3050 1021 3073 communiter
1038 3050 1146 3072 creditae.
1163 3050 1208 3072 Sed
1220 3055 1255 3072 re-

1087 233 1329 262 PROLEGOMENA
1350 234 1377 262 C.
1400 234 1441 262 VI.

1294 313 1352 334 ferre
1370 318 1438 335 unam
1461 312 1527 334 talem
1544 313 1736 335 narratiunculam
1755 312 1784 335 ab
1801 312 1849 334 aliis
1869 312 2002 335 auctoribus
2018 315 2135 341 acceptam

1293 365 1335 387 pro
1352 359 1460 389 eoeemplo
1478 359 1500 381 in
1517 366 1635 387 sermone,
1652 360 1746 382 minime
1763 365 1797 382 est
1813 359 1901 383 sectari
1916 359 2012 382 fabulas.

1356 406 1438 428 Ultima
1455 412 1551 428 censura
1569 409 1614 434 est,
1632 407 1696 435 quod
1717 416 1726 427 ιι
1737 406 1857 429 verbosior
1874 409 1920 434 est,
1931 413 2003 436 quam
2020 410 2137 435 oporteat,

1293 455 1315 474 et
1334 458 1405 480 quam
1422 453 1493 475 soleat
1510 453 1636 482 deceatque
1653 454 1770 476 doctorem
1795 460 1891 482 gravem
1912 457 1935 476 et
1956 454 2103 482 seraphicum
2116 464 2138 476 ».

1294 498 1348 521 Mira
1360 502 1467 522 censurat
1480 499 1563 523 Verius
1574 500 1688 524 diceretur
1699 510 1704 523 z
1715 504 1749 524 est
1761 502 1828 523 nimis
1845 501 1933 530 broxas,
1946 505 1968 524 et
1979 502 2090 529 scriptum
2108 502 2136 524 ita

1294 545 1412 568 immensis
1423 547 1539 569 sententiis
1551 550 1585 570 est
1596 548 1719 576 repletum,
1733 551 1757 570 ut
1773 549 1826 570 hinc
1838 548 1891 570 inde
1908 549 1978 571 lector
1990 549 2054 576 plura
2067 548 2136 570 verbu

1294 593 1331 614 vel
1347 593 1470 616 sententias
1487 593 1570 616 debeat
1586 595 1702 622 supplere.
1722 595 1809 618 Sufficit
1826 596 1902 623 legere
1919 598 1994 618 nostra
2013 595 2137 618 summaria

1294 641 1330 663 x‘el
1347 640 1416 663 etiam
1433 641 1538 663 additum
1556 642 1670 669 scholion,
1689 646 1712 665 ut
1729 643 1828 672 quisque
1846 643 1910 665 facile
1926 642 1969 665 sibi
1989 643 2138 671 persuadeat.

1295 688 1331 710 vix
1349 688 1418 710 alium
1436 688 1534 710 inveniri
1552 695 1618 716 posse
1636 689 1734 717 librum,
1752 691 1773 713 in
1790 697 1837 719 quo
1856 693 1887 713 tot
1904 693 2040 718 argumenta
2058 693 2080 712 ct
2092 697 2140 713 sen·

1295 735 1377 757 tentiae
1394 735 1522 763 profundae
1540 735 1562 757 in
1580 736 1660 763 paucis
1677 737 1767 764 paginis
1784 737 1829 759 sint
1846 741 1983 760 coarctatae.

1357 783 1442 805 Bonelli
1465 783 1597 811 (I'rodrom.
1615 783 1658 805 col.
1680 784 1735 812 627)
1753 784 1788 806 liis
1810 784 1874 807 addit
1895 784 1963 806 aliam
1987 779 2139 807 abiectionem

1295 833 1395 852 sumtam
1412 836 1439 852 ex
1456 830 1529 852 collat.
1546 831 1568 852 2.
1587 830 1650 858 (edit.
1667 831 1718 853 Vat.
1735 837 1789 859 pag.
1803 832 1844 859 15,
1858 833 1901 854 col.
1915 832 1958 861 l.),
1976 832 2016 861 qui
2028 833 2091 854 locus
2108 832 2141 854 in-
2174 843 2177 857 ς

1296 877 1421 904 terpolatus
1437 882 1520 904 reapse
1539 880 1629 899 sumtus
1646 880 1680 899 est
1696 883 1722 899 ex
1739 878 1850 905 opusculo
1867 878 1897 900 de
1908 882 1996 906 septem
2014 879 2081 901 donis
2093 879 2141 906 Spi-

1296 923 1353 945 ritus
1371 923 1405 951 S.,
1424 923 1496 945 collat.
1516 924 1533 945 I.
1550 930 1574 945 11.
1594 924 1634 950 12,
1652 923 1697 961 ubi·
1708 924 1802 952 legitur:
1823 934 1834 944 α
1847 925 1928 949 Gratis
1939 925 2068 955 accepistis,
2088 931 2141 955 ora>

1296 969 1325 992 tis
1343 969 1403 992 date.
1420 970 1438 992 O
1459 971 1503 997 sol,
1521 976 1593 999 quare
1610 977 1655 993 uon
1672 972 1755 994 vendis
1772 972 1849 994 lumen
1867 974 1950 995 tuum?
1968 974 1993 995 lit
2010 976 2046 1000 tu,
2064 972 2141 995 Rhene

1298 1015 1339 1045 [sic
1357 1016 1426 1039 habet
1444 1017 1523 1047 Vat.],·
1534 1024 1607 1046 quare
1625 1025 1668 1041 nou
1687 1019 1769 1041 vendis
1786 1022 1862 1047 guttas
1874 1021 1923 1042 tuas
1936 1021 1965 1042 n?
1984 1021 2048 1043 Unde
2065 1020 2141 1042 obiici-

1297 1068 1344 1093 tur,
1361 1065 1423 1087 hunc
1446 1066 1522 1087 locum
1547 1066 1647 1095 indicare
1663 1072 1708 1088 non
1731 1066 1833 1094 Parisiis,
1855 1067 1896 1089 sed
1921 1068 1996 1095 potius
2021 1068 2050 1089 ad
2068 1068 2141 1095 ripam

1297 1111 1370 1134 Rheni
1388 1112 1567 1139 praedicantem.
1584 1114 1705 1141 Superllua
1723 1116 1776 1135 sunt
1793 1113 1864 1136 verba
1882 1114 1904 1136 P.
1922 1115 2006 1137 Bonelli
2020 1116 2063 1137 hoc
2081 1114 2142 1136 refel-

1297 1158 1343 1181 lere
1360 1159 1471 1191 conantis.
1491 1159 1546 1181 Nam
1565 1159 1657 1182 codices
1674 1162 1696 1182 et
1713 1162 1790 1182 nostra
1808 1160 1877 1183 editio
1894 1160 1978 1183 habent
1995 1162 2052 1183 hanc
2069 1161 2142 1183 lectio-

1297 1211 1367 1227 nem:
1387 1214 1398 1225 ει
1411 1206 1436 1228 Et
1448 1208 1485 1233 tu,
1502 1205 1614 1235 Sequana
1627 1215 1637 1226 n
1657 1210 1700 1229 etc.

1361 1253 1446 1275 Omnes
1466 1254 1536 1281 igitur
1558 1254 1657 1276 rationes
1674 1255 1805 1282 praedictae
1823 1255 1858 1278 vel
1876 1256 1965 1283 penitus
1982 1262 2027 1278 uon
2048 1259 2141 1284 tangunt

1299 1305 1381 1322 verum
1394 1302 1478 1322 textum
1491 1301 1603 1328 opusculi,
1616 1301 1651 1324 vel
1664 1302 1747 1324 nullius
1759 1305 1812 1324 sunt
1823 1301 1920 1325 roboris.
1930 1315 1961 1319 —
1971 1303 2071 1330 Accedit,
2080 1303 2141 1332 quod

1298 1346 1356 1369 ratio
1374 1346 1479 1369 habenda
1498 1351 1532 1369 est
1549 1348 1611 1370 modi
1629 1348 1768 1376 imperfecti,
1788 1355 1835 1378 quo
1852 1349 1923 1372 verba
1941 1350 1963 1372 S.
1981 1351 2085 1373 Doctoris
2102 1357 2143 1378 per

1299 1394 1354 1416 alios
1371 1394 1439 1416 nobis
1456 1395 1537 1417 tradita
1555 1398 1614 1417 sunt.
1627 1396 1649 1418 Si
1663 1396 1732 1424 igitur
1743 1397 1822 1424 legens
1839 1397 1923 1419 incidat
1935 1397 1956 1419 in
1974 1398 2144 1426 propositiones

1298 1441 1443 1469 imperfecte,
1461 1441 1559 1465 obscure
1578 1443 1614 1465 vel
1631 1442 1742 1471 ambigue
1759 1450 1889 1472 expressas,
1907 1445 1973 1472 culpa
1991 1451 2036 1467 non
2054 1448 2088 1467 est
2107 1451 2144 1468 su-

1299 1488 1346 1511 bito
1360 1489 1504 1512 attribuenda
1523 1490 1622 1518 auctori,
1641 1490 1681 1513 sed
1700 1491 1775 1518 potius
1788 1491 1865 1513 audita
1880 1492 2010 1519 imperfecte
2027 1492 2145 1514 scribenti-

1297 1536 1350 1559 bus.
1368 1538 1433 1560 Unde
1450 1538 1518 1560 etiam
1536 1539 1646 1567 sequitur,
1664 1541 1687 1560 ut
1705 1537 1775 1560 verba
1793 1539 1870 1566 scripti
1883 1545 1928 1561 nou
1946 1539 1989 1561 sint
2006 1539 2144 1567 premenda,

1298 1584 1339 1606 sed
1357 1585 1433 1612 potius
1452 1585 1473 1607 in
1491 1584 1597 1607 obscuris
1615 1586 1669 1607 lucis
1687 1585 1787 1612 benigna
1806 1586 1959 1614 Interpretatio
1976 1586 2116 1608 adhibenda.

1362 1634 1375 1660 ζ’,
1393 1632 1415 1654 3.
1431 1631 1496 1654 Nunc
1512 1630 1629 1654 dicendum
1647 1632 1694 1661 est,
1716 1631 1819 1661 quomodo
1837 1638 1859 1654 se
1881 1631 1988 1655 habuerit
2005 1632 2085 1656 textus
2103 1632 2145 1655 he-

1298 1686 1348 1702 rum
1365 1678 1516 1702 Collatinum
1534 1679 1557 1701 in
1580 1679 1765 1709 praecedentibus
1787 1679 1932 1709 editionibus.
1953 1680 1976 1703 et
1993 1688 2037 1711 que.
2056 1680 2145 1704 ratione

1299 1733 1348 1749 eum
1365 1726 1556 1749 emendaverimus
1568 1733 1606 1756 ope
1618 1727 1701 1757 septem
1719 1727 1827 1750 codicum.
1840 1740 1870 1744 -—
1881 1728 1952 1756 Typis
1964 1729 2040 1756 primo
2053 1729 2146 1757 impres-

1299 1780 1351 1796 sum
1368 1777 1403 1796 est
1424 1775 1466 1795 hoc
1483 1774 1621 1801 opusculum
1642 1774 1663 1795 in
1686 1775 1817 1796 collectione
1839 1775 2003 1802 opusculorum
2023 1775 2144 1803 argentina

1299 1827 1336 1843 an.
1356 1820 1426 1848 Isin-5³3
1445 1820 1467 1842 in
1485 1820 1637 1849 sequentibus
1654 1821 1804 1848 editionibus,
1823 1822 1840 1843 si
1858 1821 2040 1849 praescindimus
2057 1828 2069 1844 a
2090 1828 2147 1850 pau-

1301 1868 1333 1890 cis
1349 1871 1371 1890 et
1387 1868 1463 1896 exigui
1481 1868 1592 1890 momenti
1609 1868 1745 1890 lectionibus
1762 1869 1832 1891 variis
1849 1872 1871 1891 et
1887 1875 1898 1891 a
1916 1869 1977 1891 vitiis
1995 1869 2146 1897 typographi-

1300 1916 1343 1943 cis,
1360 1915 1422 1937 idem
1440 1918 1514 1937 textus
1533 1915 1687 1942 reimpressus
1706 1918 1748 1938 est.
1765 1914 1823 1938 Cum
1845 1916 1908 1938 locus
1928 1916 2017 1943 primae
2041 1916 2146 1939 editionis

1301 1962 1329 1984 ad
1348 1961 1454 1985 Rhenum
1471 1962 1560 1990 positus
1576 1962 1615 1989 sit,
1630 1962 1694 1984 facile
1710 1962 1846 1990 explicatur,
1858 1962 1921 1990 quod
1938 1969 2022 1985 nomeu
2035 1963 2145 1993 Sequana

1301 2011 1415 2031 mutatum
1432 2008 1460 2031 sit
1478 2008 1498 2030 in
1516 2008 1631 2031 Rhenum.
1652 2008 1732 2031 Habita
1745 2012 1826 2031 *autem
1844 2009 1931 2031 ratione
1951 2009 2044 2037 saepius
2062 2016 2146 2032 memo-

1302 2055 1343 2077 rati
1361 2055 1523 2083 additamenti,
1540 2055 1608 2077 etiam
1626 2055 1644 2078 si
1661 2055 1690 2078 sit
1707 2056 1833 2083 posteriore
1850 2058 1953 2083 tempore
1970 2056 2093 2085 s‹·riptum;
2112 2063 2148 2079 ve-

1301 2103 1396 2125 risimile
1413 2103 1516 2130 videtur,
1534 2103 1733 2131 interpolationem
1750 2107 1773 2126 et
1794 2104 1941 2126 mutationem
1965 2106 2038 2127 textus
2058 2111 2069 2126 a
2091 2111 2146 2133 quo-

1303 2149 1356 2171 dam
1380 2150 1448 2171 fratre
1470 2149 1561 2172 Ordinis
1584 2150 1695 2173 Minoi-um
1720 2150 1852 2173 Provinciae
1873 2151 2012 2178 Argentiuae
2034 2151 2145 2179 originem

1303 2196 1396 2219 habere.
1414 2197 1511 2225 Quando
1529 2198 1572 2219 hoc
1593 2198 1713 2225 acciderit,
1730 2203 1752 2222 et
1768 2199 1820 2228 quis
1842 2200 1884 2221 hoe
1903 2199 1992 2226 fecerit,
2009 2205 2054 2221 non
2076 2199 2147 2221 deter-

1303 2242 1391 2265 minare
1408 2250 1545 2272 possumus,
1562 2247 1584 2267 et
1601 2251 1683 2273 parum
1701 2247 1770 2268 refert
1786 2246 1829 2267 hoc
1846 2245 1911 2267 scire.

1365 2290 1512 2314 Conferentes
1524 2292 1615 2314 codices
1633 2292 1688 2314 infra
1706 2293 1788 2315 relatos
1804 2298 1856 2315 cum
1871 2292 1971 2314 editione
1984 2293 2105 2321 VatIcana,
2118 2291 2148 2314 vi-

1302 2337 1392 2365 dimus,
1410 2338 1433 2360 in
1451 2339 1524 2361 tribus
1541 2339 1657 2367 prioribus
1673 2339 1841 2366 collationibus,
1853 2345 1902 2361 esse
1915 2345 2011 2367 magnas
2029 2339 2148 2368 interpola-

1304 2385 1387 2412 tiones,
1399 2386 1483 2408 scilicet
1495 2387 1516 2408 in
1529 2393 1550 2408 n.
1564 2387 1600 2409 33.
1613 2387 1740 2410 collationis
1757 2387 1844 2415 primae
1855 2389 1876 2408 et
1889 2386 1910 2408 in
1923 2393 1943 2408 n.
1961 2387 1979 2409 l.
1990 2387 2115 2410 collationis
2126 2387 2147 2408 2.

1303 2435 1325 2454 et
1342 2432 1362 2454 3.
1376 2432 1438 2457 (vide
1456 2433 1487 2455 ibi
1504 2434 1588 2461 notas).
1600 2434 1731 2457 Invenimus
1748 2437 1835 2461 autem,
1848 2434 1869 2455 in
1887 2435 1909 2456 2.
1923 2434 1996 2456 collat.
2014 2434 2147 2462 interpolata

1303 2482 1378 2502 sumta
1390 2485 1440 2502 esse
1451 2486 1478 2502 ex
1490 2481 1563 2502 collat.
1580 2481 1596 2502 1.
1608 2484 1630 2503 et
1642 2482 1663 2504 9.
1675 2482 1704 2504 de
1715 2484 1803 2510 septem
1820 2481 1887 2504 donis
1905 2481 2002 2509 Spiritus
2015 2482 2049 2509 S„
2062 2481 2083 2504 in
2099 2487 2148 2509 seq.

1304 2533 1360 2549 vero
1372 2533 1398 2549 ex
1411 2527 1485 2549 collat.
1498 2528 1519 2549 8.
1533 2528 1617 2550 Textus
1632 2529 1713 2551 harum
1732 2528 1929 2556 interpolationum
1943 2529 2012 2556 paulo
2024 2528 2117 2550 brevior
2128 2529 2151 2561 et

1306 2574 1376 2596 multo
1388 2574 1518 2602 corruptior
1529 2578 1574 2601 est,
1586 2581 1657 2603 quam
1675 2576 1709 2598 ille
1726 2581 1796 2604 quem
1813 2575 1834 2597 in
1852 2576 1895 2597 hoc.
1912 2577 1975 2596 tomo
1993 2574 2150 2602 publicamus,

1305 2621 1345 2643 sed
1362 2621 1474 2648 diffusior,
1491 2628 1561 2650 quarn
1579 2623 1618 2651 qui
1636 2623 1718 2651 legitur
1735 2623 1756 2645 in
1774 2622 1938 2650 supplemento
1956 2621 1979 2644 Ρ,
1996 2622 2089 2644 Bonelli.

1370 2670 1487 2691 Praeterea
1497 2687 1502 2695 ,
1520 2669 1541 2691 in
1558 2670 1607 2700 aliis
1625 2669 1728 2697 partibus
1740 2670 1762 2692 2.
1773 2672 1795 2691 et
1806 2669 1826 2691 3.
1839 2669 1964 2691 collationis
1977 2672 2036 2691 tanta
2049 2668 2152 2691 differen-

1308 2716 1335 2738 tia
1355 2716 1377 2738 in
1394 2716 1476 2738 ordine
1493 2718 1515 2738 et
1532 2716 1555 2738 in
1573 2716 1650 2738 verbis
1667 2716 1831 2739 sententiarum
1849 2721 1873 2737 se
1884 2715 2006 2743 offerebat,
2020 2718 2044 2738 ut
2055 2715 2153 2743 paginas

1308 2763 1408 2791 integras
1425 2763 1531 2785 codicum
1549 2763 1701 2785 transcribere
1718 2762 1874 2785 debuerimus.
1892 2761 2076 2790 Insequentibus
2088 2762 2153 2783 colla-

1308 2810 1408 2833 tionibus
1425 2817 1471 2833 non
1488 2813 1541 2833 sunt
1559 2811 1587 2833 ita
1605 2811 1686 2838 longae
1703 2809 1887 2837 interpolationes
1904 2815 1946 2831 nec
1964 2809 2153 2837 transpositiones

1308 2857 1344 2880 vel
1361 2857 1496 2879 omissiones
1513 2857 1676 2879 sententiarum
1694 2856 1747 2879 tanti
1766 2855 1888 2881 momenti;
1904 2855 2052 2877 nihilominus
2063 2856 2153 2881 farrago

1310 2905 1425 2927 variarum
1444 2907 1466 2926 et
1482 2910 1528 2926 non
1545 2904 1630 2926 levium
1653 2904 1775 2926 lectionum
1794 2902 1822 2924 ita
1845 2901 1991 2930 abundabat,
2009 2904 2033 2923 ut
2054 2901 2154 2928 scriptae

1309 2953 1431 2980 implerent
1447 2952 1487 2973 361
1509 2952 1606 2979 paginas
1624 2952 1645 2974 in
1662 2954 1752 2980 quarto.

1373 3001 1432 3022 Luce
1449 2999 1532 3021 clarius
1553 2999 1671 3027 apparuit,
1689 3001 1772 3021 textum
1795 2996 1942 3025 antiquorum
1966 2996 2086 3021 codicum,
2104 2995 2154 3016 licet

1311 3050 1466 3076 repraesentet
1484 3048 1580 3069 formam
1599 3046 1711 3069 sermonis
1727 3052 1752 3067 ex
1769 3051 1809 3066 orc
1826 3045 1922 3067 dicentis
1940 3050 1986 3066 nou
2004 3044 2103 3071 perfecte
2120 3048 2154 3063 ex-
