2285 3398
208 1689 261 1711 ltem,
275 1690 325 1714 Apo·

220 1713 308 1738 ealypsis.

341 208 397 237 430

341 285 418 314 lestis²
439 283 636 313 monarchiae.
660 285 688 313 ln
709 284 857 313 Cantico¹:
882 285 963 320 Quae
979 289 1020 313 est
1040 286 1097 314 ista
1111 294 1186 323 quae

340 331 470 360 ascendit
483 331 571 370 quasi
584 339 700 359 aurora
715 339 907 367 consumens,
929 331 1039 368 pulcra
1057 335 1089 360 ut
1103 331 1185 366 luna,

339 379 425 407 electa
446 382 480 407 ‘ut
504 378 560 411 sol,
583 377 722 406 terribilis
749 381 782 405 ut
803 381 972 406 castrorum
999 378 1076 406 acies
1107 378 1186 407 orili—

338 429 418 454 nata.
443 426 565 453 Aurora
593 427 649 458 est,
671 424 781 461 quando
809 424 951 461 consurgit
972 424 1000 452 in
1031 425 1187 453 considera-

340 472 440 509 tionem
461 471 511 499 sui
518 481 527 503 ,⁴
549 471 642 504 luna,
657 471 685 499 in
706 470 953 502 considerationem
970 471 1112 500 Ecclesiae
1133 472 1186 499 mi-

340 518 467 551 litantis;
487 517 543 551 sol,
566 517 678 554 quando
692 517 719 545 in
734 517 823 546 Deum
845 517 1025 552 absorbetur;
1048 521 1074 546 et
1089 526 1124 546 ex
1144 518 1187 546 his

339 568 380 593 est
401 563 539 592 terribilis
560 568 593 591 ut
613 567 783 592 castrorum
803 563 880 593 adies
901 564 1049 592 ordinata.

417 612 462 639 27.
485 611 523 639 De
545 611 605 639 viro
620 611 832 647 contemplativo
852 611 955 639 dicitur
974 611 1001 639 in
1022 610 1186 639 1111111601ὃί-

196 665 326 707 cssoefflsiffiig
338 658 442 691 monis,
463 657 548 686 Oniae
569 657 633 691 filii,
666 657 693 686 in
724 657 948 686 Ecclesiastico²z
982 657 1076 692 Quasi
1104 657 1186 685 stella

196 712 325 735 contemplati·
337 704 485 732 matutina
506 704 537 732 iu
558 704 651 732 metlio
670 704 791 732 nebulae
811 707 836 731 et
854 704 942 741 quasi
962 703 1034 731 lima
1053 703 1140 739 plena
1155 703 1186 730 in

336 751 437 780 <liebus
461 751 525 779 suis
547 751 619 779 lucet
646 755 670 779 et
692 751 780 789 quasi
806 751 849 779 sol
876 749 1042 787 refulgen&
1069 749 1112 777 sic
1142 749 1186 777 illc

336 796 454 834 refulsit
473 797 504 825 in
526 797 627 834 teiizplo
652 798 719 831 Dei,
741 798 829 835 quasi
849 806 939 825 arcus
965 795 1113 833 refulqens
1141 796 1184 824 in-

337 848 379 873 ter
399 844 520 873 nebulas
538 844 659 881 qloriae.
676 860 713 864 —
729 844 815 872 Stella
836 844 863 872 in
885 844 1103 872 consideratione
1114 851 1184 880 pro-

332 892 397 929 prii
417 892 596 925 adornatus,
618 891 665 920 sed
686 891 714 919 in
735 891 828 919 medio
852 890 972 919 nebulae
993 894 1106 927 propter
1132 891 1184 918 hu-

336 939 494 972 militatem,
523 946 595 975 quae
615 941 656 967 est
683 938 838 966 necessaria
868 938 928 966 viro
954 938 1183 974 contemplativo;

335 994 391 1014 non
412 985 447 1014 sit
467 988 499 1014 ut
519 985 625 1019 lucifer,
646 985 694 1013 sed
715 988 746 1013 ut
767 985 854 1021 magis
874 985 961 1013 dicat:
986 984 1130 1020 Quoniam
1153 987 1184 1012 tu

336 1032 488 1060 illuminas
516 1032 667 1060 lucernam
688 1040 799 1065 meam,
830 1031 966 1063 Domine;
998 1031 1073 1059 Deus
1103 1038 1185 1058 meus

337 1078 473 1107 illumina
494 1078 625 1106 tenebras¹
646 1086 726 1106 meas
737 1078 757 1105 ³.
782 1094 818 1098 -
842 1077 936 1113 Quasi
956 1077 1028 1105 luna
1049 1085 1099 1113 per
1121 1084 1184 1105 con-

337 1125 529 1154 siderationem
553 1124 694 1153 Ecclesiae
714 1124 883 1157 militantis,
905 1124 1103 1152 considerando
1125 1123 1185 1152 eius

336 1171 519 1208 principium,
545 1171 668 1199 medium
699 1173 726 1199 et
747 1170 838 1199 finem.
871 1171 946 1199 Unde
978 1178 1032 1198 0011
1066 1170 1184 1198 habetur

337 1218 512 1251 illuminatio,
534 1218 586 1246 nisi
607 1217 718 1254 quando
740 1217 859 1246 Ecclesia
873 1217 1064 1246 consideratur
1086 1225 1185 1245 secun-

337 1264 403 1292 dum
425 1272 475 1292 sua
493 1267 629 1300 tempora;
652 1263 752 1292 Rachel
773 1263 864 1292 adhuc
885 1264 1020 1300 concipiet
1041 1267 1068 1292 et
1089 1266 1185 1300 partu-

337 1311 405 1344 riet,
427 1314 454 1339 et
479 1311 616 1339 Beniamin
648 1313 786 1339 nascetur.
809 1327 846 1330 -
868 1310 949 1338 Sicut
979 1310 1022 1338 sol
1052 1308 1184 1346 refulsit,

338 1358 448 1395 quando
469 1357 571 1386 scilicet
593 1357 697 1385 elevata
718 1359 760 1385 est
780 1357 807 1385 in
830 1357 1058 1393 contemplatione
1073 1357 1129 1385 Dei.
1148 1374 1186 1377 -—

338 1404 369 1432 Et
391 1407 457 1432 tunc
478 1407 519 1432 est
540 1403 611 1431 sicut
633 1403 705 1431 luna
723 1403 825 1439 plena,
847 1402 958 1439 quando
972 1403 1039 1431 istos
1059 1403 1185 1439 splendo-

337 1458 383 1479 res
403 1450 608 1486 pulcherrimos
628 1453 655 1478 et
677 1450 832 1486 praeclaros
853 1450 888 1477 ab
908 1450 954 1477 illa
968 1450 1110 1486 praeclara
1124 1450 1186 1478 luce

338 1496 468 1532 suscipit;
490 1499 517 1524 et
539 1499 604 1524 tunc
627 1496 688 1524 talis
708 1496 799 1524 anima
821 1498 862 1524 est
881 1496 957 1523 sicut
984 1504 1092 1530 arcus,
1121 1496 1186 1532 quia

338 1543 542 1571 reconciliatrix
564 1543 611 1571 Dei
633 1545 660 1571 et
681 1543 800 1571 hominis
811 1543 832 1576 4,
854 1543 926 1571 sicut
941 1543 1044 1570 lumina
1060 1543 1186 1579 portabat

338 1590 442 1626 Moyses
463 1598 479 1617 a
500 1590 555 1618 Deo
576 1589 610 1618 ad
631 1590 787 1626 populum..

417 1637 462 1665 28.
482 1636 520 1665 De
537 1637 587 1665 hoc
602 1636 715 1664 loannes
729 1636 757 1664 in
772 1635 931 1672 Apocalypsi
943 1636 967 1663 ⁵:
991 1635 1055 1663 Victi
1067 1635 1186 1675 signium

337 1692 481 1721 maquum
503 1684 534 1711 iu
548 1683 641 1711 caelo:
664 1683 769 1711 mulier
790 1683 900 1711 inuicta
914 1682 984 1716 sole,
1006 1686 1031 1710 et
1045 1682 1118 1710 luna
1132 1682 1186 1710 sub

335 1730 458 1767 pellibus
485 1730 564 1764 eius,
586 1734 611 1758 et
638 1730 784 1766 incapite
812 1729 875 1757 eius
896 1737 1006 1757 corona
1035 1728 1184 1757 duodecim

336 1777 495 1805 stellarum.
520 1777 609 1805 Prima
623 1777 692 1805 visio
713 1780 754 1805 est
775 1776 808 1804 de
824 1776 996 1804 candelabris
1017 1778 1044 1804 et
1066 1775 1186 1804 11110110-

338 1824 419 1852 minis
439 1826 467 1852 et
487 1828 591 1860 septem
613 1823 716 1857 stellis;
743 1823 864 1851 secunda
885 1822 918 1851 de
947 1826 1053 1858 septem
1074 1821 1184 1858 sigillis;

338 1871 419 1899 tertia
445 1870 478 1899 de
501 1870 607 1906 Angelis
635 1870 701 1898 tuba
726 1869 902 1902 canentibus;
932 1872 1044 1905 quarta,
1075 1868 1185 1905 quando

338 1920 470 1953 apertum
493 1920 534 1944 est
555 1916 705 1953 templum,
733 1919 758 1944 et
778 1915 897 1952 siqnum
922 1924 1065 1952 maqnum
1093 1923 1185 1952 appa-

338 1963 400 1990 ruit
420 1953 453 1991 de
474 1963 591 1991 muliere
618 1963 726 1991 amicta.
750 1962 777 1990 ln
802 1962 893 1998 prima
919 1962 1111 1991 manifestatur
1132 1962 1185 1990 ful—

338 2018 388 2046 gor
409 2009 513 2038 ordinis
531 2009 784 2046 pracsiilentium;
806 2009 831 2037 in
861 2009 996 2043 secunda,
1018 2009 1110 2046 fulgor
1128 2017 1184 2045 pu-

337 2056 494 2093 ynantium
514 2060 545 2084 nt
560 2058 727 2092 martyrum;
750 2056 776 2083 in
792 2056 886 2090 tertia,
901 2056 992 2093 fulgor
1006 2056 1183 2089 docentium,

338 2110 388 2139 per
409 2103 564 2138 clangorem
586 2102 683 2135 tubae;
706 2102 732 2130 in
755 2105 867 2139 quarta,
884 2102 974 2139 fulgor
989 2102 1183 2139 contemplan-

952 208 983 236 1N
1005 202 1224 238 ΗΕΧΑΕΜΕΒΟΝ
1245 208 1407 237 COLLATIO
1428 208 1482 236 xx.

1244 286 1333 318 tium,
1355 285 1403 321 (1111
1426 285 1528 312 habent
1551 284 1636 312 solem
1663 287 1690 312 et
1711 284 1804 312 lunam
1826 288 1853 313 et
1874 286 1974 314 stellas.
1991 303 2027 307 —
2048 287 2089 315 Ex

1242 330 1460 359 consideratione
1482 329 1606 357 caelestis
1626 330 1803 358 monarchiae
1824 334 1866 359 est
1886 328 1995 360 amicta
2016 333 2089 367 sole,

1243 377 1308 414 quia
1329 379 1370 404 est
1392 375 1551 412 principale.
1572 391 1609 396 -
1630 376 1681 404 Sed
1703 375 1814 412 quando
1838 376 1979 405 descendit
1998 378 2091 407 anima

1243 423 1276 451 ad
1298 422 1545 451 considerationem
1574 422 1717 451 Ecclesiae
1744 422 1914 457 militantis,
1943 424 2026 452 habet
2047 424 2091 452 lu-

1243 478 1314 498 nam
1335 468 1388 497 sub
1407 468 1547 505 pedibus,
1568 477 1624 498 non
1644 469 1677 498 ad
1699 470 1934 504 conculcandum,
1956 471 2002 499 sed
2024 471 2090 508 quia

1243 524 1272 545 56
1293 515 1390 544 fundat
1410 518 1437 543 et
1458 518 1594 544 sustentat
1608 524 1693 552 super
1715 516 1871 545 Ecclesiam.
1888 517 1941 545 Nec
1962 517 2036 545 enim
2049 521 2091 546 est

1243 563 1334 591 anima
1355 562 1581 598 contemplativa,
1603 563 1653 591 nisi
1677 571 1726 599 per
1752 563 1898 592 Ecclesiam
1919 566 2091 592 sustentetur

1242 609 1320 646 quasi
1336 617 1421 645 super
1436 609 1531 637 basim.
1541 609 1649 638 —l’ost
1664 610 1911 638 considerationem
1927 609 2089 638 hierarchi-

1243 664 1349 684 carum
1364 655 1615 683 illuminationum
1629 659 1671 684 est
1691 657 1769 693 quasi
1786 656 1890 684 liabens
1908 656 2004 685 stellas
2018 657 2090 685 cluo-

1242 702 1342 730 (lecim.
1372 701 1474 730 Stellae
1502 705 1567 730 sunt
1593 702 1738 731 duodecim
1768 703 1898 738 mysteria
1927 703 2090 738 reseranda,

1242 756 1313 785 quae
1335 756 1384 784 per
1405 748 1550 776 duodecim
1578 748 1743 785 signationes
1765 749 1792 777 in
1814 749 1910 777 futuro
1935 749 2091 786 significan-

1242 798 1304 828 tur,
1326 803 1397 832 quae
1419 798 1484 823 sunt
1505 795 1671 831 signationes
1692 796 1852 824 electorum.

1321 842 1366 870 29.
1393 842 1476 875 Nota,
1498 841 1572 878 quod
1592 842 1736 871 duodecim
1759 843 1925 879 signationes
1953 846 2018 872 sunt
2039 844 2091 873 sub
2119 850 2221 869 verutum

1240 893 1319 917 sexto
1340 889 1435 926 siqillo
1457 892 1484 917 et
1505 889 1558 917 sub
1581 893 1659 918 serto
1687 890 1835 927 Anqelof',
1864 893 1892 918 et
1922 891 2091 920 mensuratio
2104 875 2157 920 ἶῗτῗ
2175 875 2222 892 ιη’

1241 936 1359 964 civitatis
1379 939 1406 964 et
1426 936 1547 965 ostensio
1567 936 1684 965 civitatis
1704 940 1732 965 61
1752 937 1858 973 apertio
1877 937 1955 970 libri;
1971 940 1997 966 et
2012 940 2092 966 sexto

1242 983 1356 1019 Angelo,
1372 982 1475 1011 scilicet
1489 983 1705 1020 Philadelpliiae‚
1721 984 1768 1020 qui
1788 984 2004 1020 interpretatur,
2026 993 2091 1012 corn-

1241 1038 1364 1058 seruans
1385 1028 1585 1063 hereditatem,
1607 1030 1711 1059 dictum
1733 1034 1774 1059 est
1794 1030 1827 1059 de
1842 1030 1921 1059 clane
1936 1031 2049 1065 David,
2064 1033 2092 1059 et

1241 1076 1274 1105 de
1295 1085 1351 1113 11110
1371 1076 1516 1105 (1161111171
1544 1077 1602 1112 Qui
1627 1077 1728 1105 vicerit
1754 1077 1884 1105 scribam
1909 1086 1998 1114 super
2026 1086 2091 1105 eum

1241 1132 1344 1152 nomeu
1363 1132 1461 1152 meum
1476 1127 1500 1151 et
1514 1133 1617 1152 nomen
1631 1124 1759 1152 civitatis
1772 1133 1864 1152 novae
1879 1125 2037 1153 Ierusalem
2054 1141 2090 1146 —

1242 1170 1319 1203 vide,
1340 1169 1414 1206 quod
1435 1170 1525 1198 adhuc
1548 1179 1601 1198 000
1623 1170 1725 1199 fecerat
1746 1171 1912 1199 mentionem
1929 1171 1962 1199 de
1982 1171 2091 1199 civitate

1243 1234 1281 1237 -—
1296 1217 1347 1244 hoc
1362 1220 1415 1249 651,
1430 1216 1500 1245 dabo
1515 1217 1639 1245 notitiam
1662 1218 1870 1254 scripturarum
1886 1218 1929 1246 isti
1944 1221 2024 1246 sexto
2039 1219 2091 1246 An-

1242 1263 1320 1299 gelo;
1343 1263 1390 1291 sed
1411 1264 1629 1292 amaricabitur
1649 1268 1746 1292 venter
1767 1265 1845 1297 cius,
1868 1267 1892 1292 et
1913 1265 1944 1292 in
1965 1273 2014 1292 ore
2028 1265 2090 1293 eius

1242 1310 1296 1337 erit
1317 1309 1399 1338 (laice
1420 1313 1562 1348 tauquam
1582 1311 1645 1339 mel.
1670 1311 1700 1338 Et
1715 1311 1765 1339 iste
1780 1310 1848 1339 ordo
1863 1311 2027 1347 intelligitur
2041 1319 2090 1347 per

1242 1357 1385 1389 Ioannem,
1408 1357 1451 1385 cui
1474 1357 1577 1385 dictum
1600 1357 1682 1386 est⁸:
1712 1358 1760 1386 Sic
1785 1366 1851 1385 cum
1874 1358 1933 1385 bolo
1957 1366 2091 1393 ›manci-e„

1242 1403 1330 1431 donec
1350 1404 1474 1431 veniam.

1321 1449 1366 1478 30.
1391 1450 1421 1478 Et
1441 1450 1564 1483 dicebat,
1586 1450 1660 1487 quod
1686 1451 1902 1487 malignitatibus
1932 1451 2091 1479 latrantium

1243 1504 1353 1525 neccsse
1375 1500 1416 1525 est
1437 1497 1546 1533 impleri
1569 1497 1621 1525 hoc
1642 1500 1722 1525 sexto
1744 1500 1882 1533 tempore,
1903 1498 1929 1525 10
1951 1506 2008 1534 quo
2028 1497 2092 1526 fecit

1242 1543 1317 1572 Deus
1332 1542 1474 1572 hominem
1486 1544 1526 1571 ad
1541 1543 1698 1580 imaqiuem
1709 1547 1735 1571 et
1745 1544 1967 1572 similitudinem
1983 1544 2090 1572 suam9.

1244 1589 1275 1617 Et
1295 1590 1430 1618 addebat:
1460 1591 1551 1618 Vislcle
1572 1590 1751 1619 vocatiouem
1771 1594 1915 1624 vestram,
1941 1591 2007 1627 quia
2034 1599 2092 1619 ma-

1243 1644 1296 1672 gna
1316 1639 1366 1664 est.
1389 1637 1420 1664 Et
1440 1637 1562 1670 dicebat,
1585 1637 1659 1673 quod
1674 1637 1891 1673 malignitatibus
1906 1637 2029 1673 ipsorum
2046 1637 2091 1665 iu-
2104 1643 2235 1685 tffisinffiffig

1243 1682 1354 1710 dicium
1375 1683 1449 1711 Deus
1466 1683 1650 1719 pauperibus
1679 1683 1800 1717 tribuet,
1829 1686 1861 1712 ut
1882 1684 1936 1712 sint
1957 1683 2167 1712 iudicari-*mel-

1243 1733 1282 1757 tes
1303 1729 1453 1757 duodecim
1476 1729 1570 1757 tribus
1591 1730 1705 1763 lsrael,·
1726 1733 1753 1759 et
1774 1730 1801 1759 in
1827 1731 1878 1758 hac
1906 1731 1962 1759 vita
1990 1730 2091 1759 talibus

1242 1775 1359 1804 debetur
1381 1776 1583 1815 contemplatio.
1612 1776 1812 1813 Contemplatio
1839 1785 1894 1805 non
1921 1780 2010 1813 potest
2030 1785 2090 1806 esse

1242 1822 1294 1851 nisi
1326 1822 1353 1850 in
1382 1830 1489 1851 summa
1519 1822 1711 1859 simplicitate;
1740 1827 1767 1851 et
1795 1832 1903 1852 summa
1931 1824 2091 1861 simplicitas
2109 1829 2216 1871 [gieuffiige

1242 1878 1296 1898 000
1318 1872 1408 1906 potest
1429 1877 1488 1898 esse
1510 1869 1561 1898 nisi
1583 1869 1611 1897 in
1632 1870 1757 1898 maxima
1771 1873 1952 1907 paupertate;
1975 1874 2002 1900 et
2024 1871 2091 1900 haec
2210 1867 2215 1871 ’

1241 1920 1282 1944 651
1304 1916 1389 1945 huius
1409 1916 1522 1944 ordinis.
1545 1916 1661 1944 Intentio
1689 1916 1760 1944 beati
1790 1917 1924 1945 Francisci
1953 1917 2006 1946 fuit
2032 1925 2092 1946 esse

1242 1963 1269 1991 in
1290 1970 1400 1991 summa
1422 1965 1593 1999 paupertate.
1615 1978 1655 1983 —
1677 1963 1707 1991 Et
1728 1962 1850 1996 dicebat,
1873 1964 2003 2000 quoniam
2018 1964 2090 1992 mul·
2104 1969 2219 1994 somnum.

1241 2013 1301 2038 tum
1330 2009 1541 2038 retrocessimus
1562 2018 1578 2037 a
1598 2012 1673 2038 statu
1693 2012 1804 2044 nostro,
1826 2013 1853 2039 et
1874 2010 1934 2039 ideo
1955 2011 2091 2047 permittit

1241 2064 1291 2085 nos
1312 2056 1386 2085 Deus
1407 2056 1506 2093 affligi,
1528 2058 1560 2084 ut
1580 2064 1630 2093 per
1652 2056 1704 2085 hoc
1726 2056 1894 2085 reducamur
1915 2057 1948 2085 ad
1970 2059 2088 2091 statum,

1240 2103 1288 2139 qui
1309 2103 1390 2141 debet
1412 2102 1515 2131 habere
1537 2105 1640 2131 terram
1662 2103 1865 2139 promissionis„
1876 2104 1971 2140 Magna
1986 2103 2088 2140 promi-

400 2291 407 2303 ¹
425 2291 481 2319 Cap.
501 2292 528 2319 6,
545 2291 568 2312 9.
585 2291 627 2313 Pro
644 2289 748 2313 ascendit
765 2291 861 2318 Vulgata
877 2291 1039 2320 prom-editur.

399 2330 408 2343 ’-’
426 2331 481 2358 Cap.
499 2331 541 2357 50,
558 2330 605 2351 6-8.
880 2342 886 2346 .
1006 2337 1012 2341 -

399 2367 408 2381 ³
425 2369 507 2391 Psalm.
525 2368 566 2395 17,
585 2368 622 2390 29.
634 2380 664 2384 —
676 2368 770 2389 inferius
786 2368 906 2395 respicitur
923 2369 977 2391 Gen.
995 2370 1037 2397 35,
1059 2371 1092 2392 16.
1105 2373 1127 2392 61
1148 2371 1182 2392 te.

338 2408 375 2438 (de
392 2408 493 2436 Rachel).
509 2407 554 2429 Cfr.
566 2413 635 2434 supra
647 2406 719 2428 collat.
733 2406 770 2428 15.
781 2412 803 2428 0.
815 2407 851 2428 26.
869 2407 980 2429 Alluditur
996 2409 1025 2430 ad
1043 2409 1113 2431 vitam
1131 2415 1182 2431 con-

337 2448 493 2476 templativam
510 2447 589 2474 ultimo
609 2448 712 2473 tempore
730 2446 836 2467 futuram.
857 2458 887 2462 —-
907 2447 999 2469 Inferius
1017 2448 1060 2469 DE
1083 2447 1180 2476 Rachel,

336 2486 408 2513 clarit,
426 2485 545 2514 concipiet.

398 2524 407 2537 ⁴
424 2525 552 2552 Respicitur
569 2525 625 2546 Gen.
642 2524 668 2552 9,
687 2524 728 2545 '132
745 2524 830 2545 Arcum
843 2530 921 2545 meum
933 2530 1016 2551 ponam
1034 2526 1055 2547 in
1069 2525 1181 2554 nubibus,

335 2567 358 2587 61
374 2564 416 2586 erit
432 2564 523 2591 siguum
543 2563 639 2585 foederis
650 2565 693 2585 etc.
704 2575 735 2578 —
746 2562 778 2584 De
796 2562 872 2589 Moyse
890 2566 992 2589 portante
1009 2563 1097 2586 tabulas
1114 2564 1181 2593 Legis

335 2604 376 2626 cfr.
394 2603 463 2625 Exod.
480 2602 521 2630 24,
539 2602 561 2624 3.
578 2608 654 2630 seqq.,
673 2602 714 2629 32,
733 2601 769 2623 45.
787 2604 809 2622 et
825 2600 867 2628 34,
886 2602 922 2622 29.
934 2613 965 2617 —
978 2601 1020 2624 BC
1038 2602 1073 2625 liic
1090 2603 1180 2631 legunt:

336 2641 392 2671 quia
408 2643 441 2664 est
457 2640 554 2670 siquam
570 2639 769 2663 reconciliationis
790 2639 833 2662 Dei
853 2641 875 2662 et
895 2639 996 2662 hominis
1005 2649 1012 2665 ,·
1034 2647 1067 2664 ste
1088 2642 1180 2671 Moyses

332 2680 444 2710 portabat
460 2680 503 2702 illa
519 2679 590 2703 verba
607 2686 622 2702 a
638 2680 685 2702 Deo
703 2678 734 2701 ad
747 2678 867 2708 populum
884 2680 905 2701 et*
921 2685 935 2700 a
950 2679 1038 2708 populo
1054 2680 1086 2703 ad
1098 2682 1180 2703 Deum.

335 2720 368 2743 De
384 2719 428 2742 hac
445 2718 526 2741 anima
543 2718 598 2741 dicit
614 2718 714 2740 Ioannes
731 2720 774 2740 etc.
791 2718 806 2739 F
823 2716 885 2739 sicut
904 2717 1016 2741 ”laudata
1039 2719 1183 2747 apportabat

334 2759 426 2788 Moyses
443 2757 486 2780 Dei
500 2756 532 2779 ad
545 2756 671 2786 populum.

397 2795 407 2809 ³
424 2796 479 2825 Cap.
497 2797 538 2824 42,
557 2796 565 2818 1
577 2804 581 2818 z
599 2797 625 2818 Et
641 2796 733 2823 signum
746 2801 857 2823 magnum
869 2796 976 2823 apparuit
987 2796 1008 2818 10
1021 2798 1083 2819 caelo
1095 2800 1139 2819 etc.
1150 2809 1181 2815 -—

336 2837 438 2866 Quatuor
448 2835 548 2857 visiones
556 2835 698 2857 insinuantur
707 2835 779 2862 Apoc.
790 2834 810 2861 1,
821 2834 858 2856 12.
870 2840 942 2863 5611114
952 2835 973 2862 5,
989 2836 1007 2861 l;
1021 2836 1042 2863 Β,
1054 2836 1081 2861 6;
1097 2836 1130 2863 tl,
1145 2836 1182 2860 19,

334 2875 357 2896 et
374 2874 415 2901 ⁴2,
433 2874 455 2895 1.

397 2911 406 2924 ⁶
424 2912 456 2934 De
473 2911 596 2934 duodecim
614 2910 781 2939 signationibus
798 2910 852 2933 vide
874 2912 944 2939 Apoc.
962 2911 989 2939 7,
1009 2911 1062 2939 4³3,
1079 2912 1108 2934 de
1125 2919 1182 2937 cete-

334 2951 365 2974 ris
382 2952 409 2978 6,
431 2951 464 2972 12.
481 2956 546 2978 seqq.
567 2952 589 2971 et
606 2950 632 2978 9,
651 2949 688 2971 14.
710 2955 787 2978 seqq.;
809 2949 866 2972 ibid.
883 2950 920 2978 21,
937 2950 959 2971 9.
977 2956 1043 2977 seqq.
1063 2950 1092 2973 de
1109 2956 1182 2975 osten·

333 2990 397 3012 sione
411 2989 459 3018 [cfr.
473 2990 499 3017 3,
512 2988 558 3018 42]
576 2991 598 3011 et
609 2988 778 3011 mensuratione
790 2988 887 3011 civitatis
892 2998 898 3016 ;
911 2989 935 3011 11
947 3006 952 3017 ,
964 2989 987 3010 2.
999 2994 1064 3018 seqq.
1078 2991 1108 3014 de
1119 2998 1182 3019 aper.

1240 2293 1301 2315 tione
1317 2292 1369 2315 libri
1383 2294 1432 2320 (err.
1447 2294 1487 2320 10,
1500 2294 1540 2321 2.).
1551 2305 1582 2310 -
1593 2289 1674 2316 Ouinia
1688 2293 1724 2316 liic
1736 2293 1796 2315 dicta
1808 2293 1865 2315 infra
1878 2293 1951 2315 collat.
1964 2293 2005 2321 23,
2017 2299 2039 2315 n.
2052 2292 2089 2315 44.

1242 2332 1278 2354 15.
1295 2332 1378 2355 clarius
1394 2332 1541 2360 exhibentur,
1559 2335 1583 2355 ut
1600 2332 1744 2361 ostendatur,
1761 2333 1834 2354 sexto»
1846 2334 1949 2359 tempore
1971 2332 2035 2359 plura
2052 2338 2089 2354 se-

1240 2374 1300 2394 creta
1313 2379 1331 2394 s.
1343 2372 1474 2399 scripturae
1486 2372 1561 2399 magis
1578 2372 1625 2393 fore
1642 2371 1807 2393 manifestanda
1824 2371 1880 2393 viris
1898 2370 2088 2398 contemplativis.

1303 2410 1311 2423 ⁷
1329 2412 1400 2439 Apoc.
1418 2412 1444 2440 3,
1461 2411 1483 2433 7.
1504 2412 1537 2432 ¹2.
1556 2411 1654 2438 Vulgata
1677 2410 1742 2438 plura
1765 2410 1885 2432 interserit.
1901 2423 1932 2426 —
1950 2411 2003 2438 Seq.
2024 2410 2089 2433 locus

1240 2453 1274 2472 est
1290 2450 1347 2472 ibid.
1365 2450 1405 2477 lO,
1424 2450 1450 2471 9:
1468 2449 1551 2477 Accipe
1568 2448 1652 2471 librum
1670 2452 1691 2471 et
1708 2449 1794 2471 devora
1812 2449 1886 2476 illum,
1904 2452 1926 2470 et
1944 2449 2010 2471 faciet
2025 2454 2089 2471 ama-

1239 2489 1307 2511 ricari
1323 2492 1427 2511 ventrem
1445 2491 1522 2516 tuum,
1540 2488 1581 2510 sed
1598 2488 1621 2510 in
1637 2494 1677 2510 ore
1694 2491 1733 2510 tuo
1751 2487 1792 2510 erit
1814 2488 1880 2509 dulce
1902 2490 2012 2516 tanquam
2033 2487 2086 2510 mel.

1238 2539 1270 2543 —
1287 2528 1380 2555 Haym.‚
1398 2528 1413 2549 l.
1430 2527 1528 2555 Exposit.
1547 2527 1570 2549 in
1586 2527 1658 2553 Apoc.
1678 2527 1704 2554 3,
1721 2527 1748 2548 7:
1769 2526 1935 2553 Pliiladelpliia,
1952 2526 2012 2548 iuxta
2024 2526 2088 2554 quod

1239 2566 1300 2588 Beda
1319 2566 1351 2596 [in
1368 2568 1428 2589 hunc
1445 2565 1530 2595 locum]
1548 2566 1651 2593 exponit,
1669 2566 1830 2593 interpretatur
1847 2564 1938 2587 dilectio
1955 2565 2087 2594 fraterna...

1238 2605 1275 2627 vel
1291 2606 1419 2628 secundum
1436 2605 1574 2627 Ansbertum
1592 2604 1740 2627 Ambrosium
1758 2603 1825 2633 [inter
1842 2610 1911 2631 opera
1923 2603 2040 2626 Ambrosii
2055 2610 2088 2626 re-

1239 2648 1344 2667 censetur
1361 2645 1459 2672 Exposit.
1477 2650 1547 2672 super
1563 2646 1651 2672 septem
1669 2644 1769 2666 visiones
1786 2642 1837 2664 libri
1849 2643 1932 2670 Apoc.;
1947 2645 2027 2664 auctor
2038 2642 2088 2665 eius

1238 2683 1358 2706 exhibetur
1374 2682 1553 2712 Berenqaudas.
1570 2684 1593 2705 10
1610 2683 1685 2710 prima
1702 2682 1791 2704 visione
1807 2681 1837 2703 ad
1854 2682 1926 2708 Apoc.
1944 2681 1965 2707 1,
1978 2681 2088 2703 14.1ον6-

1238 2721 1299 2743 nitur
1315 2722 1379 2750 quod
1396 2721 1426 2743 ab
1443 2722 1524 2749 Haym.
1535 2720 1637 2750 affertur]
1651 2720 1805 2748 philadelphia
1818 2720 1978 2747 interpretatur
1990 2718 2087 2741 salvans

1239 2760 1390 2784 hereditatem
1406 2760 1510 2784 Domini.

1301 2798 1311 2811 ⁵
1327 2801 1388 2822 loan.
1405 2801 1442 2828 21,
1460 2801 1498 2822 22.
1515 2799 1559 2822 Cfr.
1575 2805 1645 2827 supra
1663 2799 1734 2821 collat.
1757 2799 1790 2820 13.
1807 2804 1829 2820 0.
1848 2797 1884 2819 14.

1301 2837 1311 2850 ⁹
1328 2839 1384 2861 Gen.
1402 2839 1422 2866 l,
1441 2839 1483 2860 26:
1495 2851 1526 2855 -
1543 2839 1596 2867 Seq.
1613 2838 1676 2860 locus
1693 2841 1727 2860 est
1743 2838 1758 2860 l.
1775 2837 1827 2860 Cor.
1847 2837 1853 2858 l
1867 2855 1872 2864 ,
1890 2837 1934 2864 26;
1957 2836 2035 2858 tertius
2052 2838 2086 2858 est.

1239 2877 1277 2899 Iob
1306 2878 1348 2904 36,
1374 2878 1409 2899 ὃς
1435 2877 1546 2900 ludicium
1571 2876 1713 2904 pauperibus
1737 2876 1824 2898 tribuit.
1849 2874 1951 2897 Subinde
1976 2874 2086 2902 allegatur

1239 2917 1293 2938 Luc.
1311 2917 1352 2943 22,
1370 2916 1407 2937 30.
1420 2928 1451 2932 —
1462 2917 1505 2938 Pro
1517 2915 1672 2943 latrantium,
1689 2915 1751 2944 quod
1770 2914 1854 2936 habent
1868 2914 1887 2947 ’Β
1897 2914 1926 2941 1),
1936 2914 1952 2935 Α
1962 2914 1979 2944 li
1996 2912 2086 2935 intran-

1239 2954 1312 2981 tium,
1330 2955 1381 2976 Vat.
1398 2953 1550 2977 intrantibus.
1568 2954 1613 2976 Sed
1630 2954 1694 2976 locus
1710 2953 1802 2976 videtur
1818 2952 1942 2974 omissione
1958 2950 2084 2973 verborum

1240 2999 1290 3015 esse
1307 2995 1436 3020 corruptus.
