2285 3398
236 617 263 635 De
282 615 363 634 seeundo

268 640 343 658 motivo.

237 663 310 687 Triplex
330 662 363 680 uti-

279 686 327 704 litus.

296 941 364 960 Prima.

273 1176 366 1195 Secunda.

307 2340 376 2359 Tertia.

381 157 435 185 508

380 235 456 263 bules
485 234 513 262 in
539 233 594 261 viis
615 232 676 260 eius
703 235 729 260 et
755 231 862 269 diligas
883 239 949 258 eum
969 238 1004 258 ac
1031 230 1142 259 servias
1164 231 1217 259 Do-

379 281 458 310 mino
480 282 536 309 Deo
557 283 606 308 tuo
627 279 658 307 in
679 282 733 307 toto
755 278 840 307 corde
865 281 913 305 tuo
935 280 959 305 et
979 277 1010 304 in
1039 280 1096 305 tota
1117 278 1219 306 anima

381 332 448 361 tua,
470 326 671 364 custodiasque
691 325 834 353 mandata
855 323 995 352 Domini?
1011 339 1047 343 —
1068 323 1217 357 Dominus,

381 374 426 412 qui
450 377 475 402 te
496 373 622 405 creavit‚·
645 372 736 405 Deus,
759 371 806 408 qui
833 374 859 399 te
878 369 1038 407 qubernat;
1060 373 1143 404 tuus,
1171 370 1217 407 qui

382 425 406 450 te
426 421 528 449 salvat.
544 436 582 439 ——
596 419 671 447 Patet
691 418 787 451 modo,
809 417 882 454 quod
903 416 937 445 ad
958 416 1122 445 servandum
1143 425 1218 444 man-

379 468 441 496 data
462 467 508 495 Dei
530 466 609 495 debet
635 473 684 494 nos
705 472 815 493 movere
843 463 933 501 primo
960 462 1122 491 auctoritas
1144 471 1218 491 man-

380 514 476 542 dantis.

458 561 483 588 6.
506 559 630 589 Secundo
650 559 731 588 debet
752 559 801 587 iios
824 565 934 586 movere
956 556 987 584 ad
1017 556 1218 584 observandum

381 607 506 636 mandata
520 607 567 636 Dei
589 605 788 635 observationis
803 596 922 633 utilitas.
945 603 973 631 In
996 602 1130 631 servando
1148 602 1218 631 enim

381 653 506 682 mandata
527 652 574 681 Dei
596 655 637 681 est
664 650 841 680 multiformis
862 650 981 683 utilitas,
1006 656 1077 685 quae
1105 648 1137 676 ad
1165 651 1221 676 tres

379 700 510 729 utilitates
532 699 682 728 reducitur.
706 698 795 726 Prima
816 697 919 728 utilitas
936 699 978 724 est
998 695 1161 732 impetratio
1180 695 1221 723 di-

380 747 507 776 vinorum
529 745 761 778 charismata-im
782 744 902 773 secunda
922 746 963 771 est
979 743 1111 770 revelatio
1132 746 1221 771 sacra-

381 802 444 823 rum
465 793 710 830 Scripturarum;
732 791 812 820 tertia
832 793 874 819 est
894 789 1036 818 assecutio
1065 788 1220 817 caelestium

380 840 589 878 praemiorum.

458 887 484 914 7.
508 885 613 919 Prima,
644 885 720 917 dico,
742 884 845 912 utilitas
877 883 903 911 in
932 882 1066 912 servando
1096 882 1223 911 mandata

382 933 429 962 Dei
444 935 485 962 est
500 931 664 969 impetratio
678 931 834 959 divinorum
856 929 1086 962 cliarismatum;
1101 929 1174 959 unde
1194 929 1222 958 in

383 980 480 1008 Ioanne
492 980 517 1007 ¹:
540 978 573 1007 Si
585 977 708 1016 diligitis
728 985 786 1011 me,
801 977 944 1005 mandata
965 985 1030 1005 mea
1050 980 1176 1010 servate,
1198 980 1223 1005 et

381 1034 431 1064 eyo
452 1025 560 1063 royabo
582 1025 702 1053 Patrem
730 1032 841 1057 meum,
863 1027 888 1052 et
915 1023 995 1052 dabit
1023 1023 1103 1052 uobis
1130 1023 1220 1051 alium

380 1071 575 1109 paracletum?
1225 1091 1227 1094 Α

461 1119 487 1147 8.
509 1117 634 1147 Secunda
662 1117 764 1146 utilitas
795 1120 836 1145 est
867 1116 1054 1154 intelligentia
1081 1124 1224 1145 sacrarum

384 1165 630 1203 Scripturarum;
652 1164 774 1193 Psalmus
789 1164 818 1191 ²:
851 1163 945 1200 Super
974 1172 1053 1192 senes
1085 1162 1223 1195 intellexi,

384 1212 455 1251 quia
481 1212 623 1240 mandata
645 1214 696 1239 tua
724 1210 862 1249 quaesiui.
884 1210 935 1239 Sed
963 1209 1100 1247 quomodo
1128 1216 1224 1245 perve-

385 1260 492 1288 niamus
523 1258 557 1287 ad
590 1258 796 1295 intelligentiam
828 1265 970 1286 sacrarum
1001 1257 1224 1293 Scripturarum,

383 1306 501 1336 ostendit
514 1305 675 1342 Gregorius;
696 1304 769 1333 unde
783 1312 866 1340 super
888 1303 970 1337 illud,
992 1303 1065 1345 quod
1083 1302 1224 1339 discipuli,

385 1353 493 1391 quando
514 1352 644 1381 viderunt
674 1352 778 1384 lesum,
805 1351 894 1387 ipsum
926 1359 978 1379 non
1012 1350 1224 1382 intellexerunt,

385 1400 431 1429 sed
452 1399 561 1436 quando
582 1399 730 1427 audierunt
751 1398 841 1434 ipsum
857 1398 1026 1434 loquentem,
1050 1399 1114 1425 tunc
1136 1396 1225 1432 ipsum

387 1446 597 1479 intellexerunt,
618 1445 683 1473 dicit
711 1445 747 1473 ibi
774 1444 939 1481 Gregorius,
965 1443 1038 1480 quod
1065 1442 1226 1471 «audiendo

386 1493 433 1521 Dei
454 1495 600 1529 praecepta
620 1491 746 1527 discipuli
772 1490 917 1518 illuminati
940 1498 993 1518 non
1015 1491 1092 1521 sunt,
1114 1488 1161 1517 sed
1189 1488 1226 1516 sa-

386 1539 480 1568 ciendo
501 1546 533 1567 ea
554 1537 698 1566 illuminati
719 1540 784 1565 sunt
798 1547 831 1569 »,·
852 1536 917 1573 quia
937 1544 995 1563 non
1016 1535 1164 1563 auditores
1192 1535 1227 1562 le-

383 1585 430 1622 ,qis
451 1588 573 1618 tantum,
594 1584 644 1612 sed
668 1583 794 1621 factores
821 1582 1060 1619 iustificabuntur
1072 1581 1090 1608 ³.
1114 1581 1227 1617 Propter

388 1633 438 1661 hoc
458 1632 524 1660 dicit
545 1631 657 1660 lacobus
678 1631 705 1659 in
731 1638 781 1659 sua
811 1629 956 1658 canonica:
980 1629 1072 1656 Estote
1102 1627 1228 1664 factores

388 1678 466 1707 uerbi
480 1678 533 1706 Dei
546 1681 571 1706 et
584 1686 643 1705 non
657 1677 807 1705 auditores
822 1678 946 1709 tantum,
961 1674 1092 1711 fallentes
1110 1676 1228 1702 vosmet-

389 1725 480 1762 ipsos,·
494 1724 575 1762 quia,
590 1723 617 1751 si
630 1723 695 1761 quis
717 1722 836 1751 auditor
850 1724 890 1750 est
904 1721 984 1749 verbi
1000 1721 1051 1749 Dei
1072 1724 1187 1748 tantum
1205 1723 1229 1748 et

387 1779 445 1805 non
459 1770 565 1807 factor,
580 1769 626 1798 bic
640 1768 862 1806 comparabitur
877 1767 940 1796 viro
955 1766 1151 1796 consideranti
1167 1766 1229 1794 ‘otti-

390 1821 451 1846 tum
464 1816 627 1845 natiuitatis
648 1824 719 1844 suae
733 1815 765 1843 in
777 1815 899 1852 speculo.
916 1814 942 1842 Si
958 1814 1030 1842 videt
1045 1814 1127 1842 homo
1141 1813 1230 1842 decies

392 1863 499 1892 vultum
521 1870 602 1891 suum
624 1861 768 1898 proprium
791 1861 818 1889 in
833 1861 959 1897 speculo,
981 1859 1071 1888 adhuc
1093 1868 1146 1888 non
1161 1859 1230 1887 bene

391 1912 534 1945 cognoscet
554 1908 660 1944 ipsum;
689 1907 735 1936 sed
757 1907 777 1935 si
807 1907 880 1935 videt
908 1907 1015 1935 vultum
1041 1906 1154 1934 alterius
1182 1906 1230 1934 ho-

393 1955 473 1983 minis
493 1957 574 1982 extra
595 1954 754 1990 speculum,
775 1954 844 1982 bene
862 1953 1000 1989 cognoscit
1020 1952 1123 1988 ipsum;
1138 1955 1165 1980 et
1180 1952 1231 1980 hoc

393 2004 433 2030 est
454 2004 566 2037 propter
587 2000 685 2028 sortem
707 2000 913 2036 impressionem
935 1999 1032 2035 speciei
1048 2006 1131 2035 super
1152 2007 1230 2035 orga-

394 2055 460 2075 num
482 2047 557 2075 visus
578 2046 728 2074 secundum
751 2046 848 2073 lineam
870 2048 988 2077 rectam,
1010 2044 1099 2073 sedin
1120 2045 1231 2081 speculo

395 2103 448 2123 non
469 2097 509 2122 est
527 2101 610 2122 verus
630 2093 754 2121 intuitus.
771 2092 908 2125 Similiter,
930 2091 1039 2128 quando
1062 2091 1142 2119 homo
1156 2091 1232 2119 audit

396 2141 509 2170 verbum
531 2140 594 2175 Dei,
610 2139 719 2169 videtur
739 2140 779 2174 ei,
795 2139 868 2176 quod
890 2139 978 2175 ipsum
998 2138 1067 2167 bene
1088 2138 1230 2174 intelligat,

394 2188 441 2217 sed
462 2187 553 2217 statim
575 2187 691 2221 1·ecedit;
714 2187 760 2216 sed
775 2186 884 2224 quando
907 2185 981 2223 ponit
996 2186 1085 2222 ipsum
1100 2185 1133 2213 ad
1148 2193 1231 2222 expe—

395 2235 520 2265 rientiam
542 2235 610 2264 bene
631 2233 783 2271 operando,
806 2236 871 2262 tunc
892 2233 982 2270 ipsum
1004 2232 1136 2269 intelligit.

472 2284 497 2311 9.
520 2281 610 2311 Tertia
631 2281 733 2310 utilitas
754 2280 951 2309 observationis
972 2279 1162 2308 mandatorum
1185 2278 1231 2306 Dei

395 2332 435 2360 est
449 2329 590 2357 assecutio
605 2327 762 2357 caelestium
774 2326 986 2364 praemiorum.
1002 2325 1076 2354 Unde
1090 2325 1191 2353 dicitur
1206 2324 1232 2352 in

397 2375 586 2405 Proverbiis4:
609 2374 700 2403 Serva
721 2374 864 2402 mandata
885 2381 964 2406 inea,
986 2376 1011 2401 et
1040 2373 1132 2405 vioes;
1153 2375 1177 2399 ct
1198 2371 1233 2400 le-

395 2431 457 2460 qem
478 2431 572 2451 meam
599 2421 686 2459 quasi
703 2420 847 2458 pupillam
874 2419 957 2448 oculi.
980 2419 1049 2447 Haec
1076 2422 1117 2447 est
1148 2418 1232 2452 ratio,

942 153 984 181 DE
1007 153 1116 182 DECEM
1138 153 1331 182 PRAECEPTIS
1352 151 1513 180 COLLATIO
1535 151 1552 179 l,

1274 237 1360 266 quare
1382 229 1483 257 homini
1499 228 1627 257 existenti
1649 228 1676 256 in
1695 228 1819 264 paradiso
1834 228 1907 257 Deus
1927 229 2000 257 dedit
2018 229 2111 258 obser-

1276 276 1393 304 vantiam
1415 275 1616 303 mandatorum.
1629 292 1667 295 ——
1679 275 1752 303 Patet
1766 274 1861 308 modo,
1876 275 1950 311 quod
1964 275 1997 304 ad
2018 276 2111 304 obser·
2159 304 2164 308 ,

1275 322 1393 351 vandum
1416 322 1542 350 mandata
1562 321 1609 350 Dei
1630 321 1710 350 debet
1731 329 1780 350 nos
1801 329 1911 351 movere
1932 323 2043 351 utilitas
2064 323 2110 351 ob-

1275 368 1445 398 servationis.

1356 417 1398 443 10.
1420 415 1512 443 Tertio
1539 415 1618 443 debet
1638 424 1687 444 nos
1715 423 1825 444 movere
1851 415 1884 444 ad
1911 416 2112 445 observantiam
2142 420 2236 461 chmio

1277 462 1467 491 mandatorum
1495 462 1718 497 transgressionis
1737 461 1915 498 periculum,
1940 463 2005 499 quia
2026 465 2113 491 trans·
2150 449 2224 462 mom

1276 516 1384 546 gressor
1412 507 1601 536 mandatorum
1630 508 1723 536 incidit
1744 508 1770 536 in
1792 508 1879 536 multa
1899 509 2036 545 pericula:
2058 510 2114 546 pri-
2129 513 2258 554 Trffixuyeri-

1276 564 1335 589 mo,
1358 555 1422 592 quia
1452 554 1539 582 multa
1567 554 1640 583 bona
1652 555 1764 592 perdit‚·
1784 555 1920 589 secundo,
1942 556 2007 592 quia
2027 557 2053 585 in
2069 565 2115 586 ne-
2219 550 2222 554 ’

1278 601 1358 630 landa
1387 600 1503 637 slayitia
1525 600 1601 633 ruit;
1628 601 1724 634 tertio,
1746 601 1810 637 quia
1835 604 1946 630 aeterna
1970 602 2115 639 supplicia

1279 651 1412 676 meretur.
1429 663 1465 667 —
1481 647 1585 680 Primo,
1606 647 1679 681 dico,
1699 647 1779 676 debet
1800 656 1849 676 nos
1873 656 1983 676 movere
2004 648 2037 676 ad
2059 656 2115 677 ser·
2133 653 2221 671 Primum-

1280 693 1398 722 vandum
1420 692 1547 721 mandata
1561 693 1607 722 Dei
1629 694 1851 731 transgressionis
1866 694 2036 731 periculum,
2052 694 2117 731 quia

1279 744 1495 777 transgressores
1516 739 1602 767 multa
1630 740 1703 769 bona
1721 742 1864 778 perdunt‚·
1892 741 1964 770 unde
1986 741 2012 769 in
2042 741 2117 770 Levi-

1281 788 1368 816 tico⁵:
1392 787 1424 815 Si
1444 796 1502 815 non
1524 787 1676 815 audieritis
1705 797 1798 816 vocem
1826 797 1920 816 meam
1948 791 1972 816 et
1999 797 2055 817 non
2076 787 2116 825 fe-

1279 834 1375 863 ceritis
1396 834 1496 862 omnia
1517 834 1659 862 mandata
1678 843 1759 867 mea:
1780 835 1902 863 visitabo
1929 844 1979 863 vos
2000 835 2031 863 in
2059 844 2117 872 eqe-

1279 885 1349 910 state
1364 884 1388 909 et
1409 881 1517 914 calore,
1532 880 1584 918 qui
1603 880 1727 917 conficiet
1743 882 1838 910 oculos
1857 885 1964 910 vestros
1978 885 2003 910 et
2016 891 2118 911 consu-

1279 932 1334 957 met
1348 928 1466 956 animas
1480 922 1599 956 vestras.
1622 928 1705 957 Dicit:
1727 928 1851 957 Visitabo
1869 937 1918 957 vos
1939 929 1970 957 in
1984 932 2118 966 eycstate;

1279 983 1357 1006 eece,
1388 974 1512 1003 omnium
1543 974 1678 1003 bonorum
1709 975 1843 1013 privati03
1871 978 1897 1003 et
1927 975 2035 1009 calore,
2067 976 2118 1014 qui

1280 1022 1408 1059 conficiet
1425 1021 1521 1050 oculos
1544 1025 1649 1050 uestros
1664 1024 1687 1049 et
1701 1026 1847 1050 consumet
1861 1022 1978 1050 animas
1996 1027 2118 1057 vestras,

1280 1070 1346 1106 quia
1359 1071 1488 1098 excaecat
1503 1069 1670 1097 intellectum
1685 1069 1742 1098 veri
1757 1072 1784 1097 et
1798 1069 1889 1097 aufert
1899 1069 2026 1097 affectum
2042 1069 2117 1103 boni;

1281 1120 1307 1145 et
1328 1119 1441 1153 propter
1463 1116 1513 1144 hoc
1536 1116 1562 1143 in
1584 1123 1700 1152 persona
1721 1116 1932 1152 transgressoris
1956 1115 2021 1144 dicit
2048 1116 2120 1145 Psal-

1280 1163 1361 1191 mista
1372 1163 1398 1190 ⁶:
1422 1162 1578 1200 Dereliquit
1599 1171 1642 1190 me
1664 1162 1756 1190 uirtus
1776 1170 1841 1190 mea
1861 1166 1885 1190 et
1906 1162 2002 1190 lumen
2027 1162 2120 1191 oculo-

1283 1218 1350 1237 rum
1372 1217 1517 1243 meorum,
1539 1213 1564 1237 et
1585 1209 1681 1246 ipsum
1702 1218 1759 1237 non
1780 1213 1820 1237 est
1841 1217 1959 1237 mecum.

1363 1257 1405 1283 11.
1429 1256 1564 1289 Secundo,
1587 1259 1804 1293 transgressores
1820 1256 2010 1284 mandatorum
2032 1256 2060 1285 in
2074 1264 2121 1285 ne·
2138 1258 2250 1277 Secundum-

1282 1302 1362 1331 sanda
1383 1302 1497 1340 flagitia
1513 1307 1621 1336 ruunt;
1642 1303 1715 1332 unde
1736 1303 1763 1330 in
1779 1303 1885 1331 Baruch
1899 1303 1921 1331 ⁷:
1944 1302 2008 1331 Non
2029 1303 2120 1332 obedi-

1284 1349 1377 1376 vimus
1400 1349 1461 1377 coci
1477 1349 1607 1383 Domini,
1630 1353 1662 1378 ut
1682 1349 1900 1377 ambularemus
1925 1349 1955 1377 in
1973 1350 2122 1378 mandatis

1283 1395 1361 1428 eius,
1376 1399 1400 1423 et
1415 1395 1559 1423 abivimus
1575 1397 1773 1434 unusquisque
1788 1396 1819 1424 in
1832 1404 1949 1424 sensum
1964 1396 2060 1424 cordis
2074 1396 2123 1424 sui

1285 1442 1414 1479 maligni.
1438 1442 1475 1470 De
1498 1443 1597 1471 talibus
1619 1443 1868 1480 transgressoribus
1889 1443 1954 1471 dicit
1982 1443 2121 1471 Psalmus:

1284 1488 1415 1525 Populus
1437 1497 1516 1516 meus
1539 1498 1594 1517 non
1615 1490 1729 1518 audiuit
1749 1498 1966 1523 vocemmeam,
1988 1492 2011 1517 et
2031 1489 2125 1517 Israel

1280 1543 1341 1562 non
1363 1535 1482 1563 intendit
1502 1534 1587 1569 milti,
1610 1540 1634 1564 et
1654 1536 1755 1564 dimisi
1774 1545 1819 1564 eos
1837 1537 1996 1565 secundum
2017 1536 2124 1565 deside-

1286 1581 1334 1608 ria
1345 1581 1451 1608 cordis
1472 1584 1579 1609 corum.
1596 1582 1673 1611 Tales
1687 1583 1759 1611 enim
1774 1586 1991 1620 transgressores
2011 1583 2057 1612 dat
2071 1583 2124 1612 Do-

1285 1627 1377 1657 minus
1399 1627 1425 1654 in
1446 1635 1545 1655 manus
1565 1627 1736 1657 daemonum.
1759 1629 1836 1665 Quod
1851 1630 1920 1658 bene
1940 1630 2123 1666 significatum

1287 1676 1327 1701 est
1347 1673 1373 1701 in
1395 1673 1514 1701 Danielis
1541 1674 1634 1707 tertio,
1659 1675 1705 1703 ubi
1727 1675 1837 1709 dicitur,
1859 1676 1932 1713 quod
1961 1679 2017 1705 tres
2044 1676 2123 1713 pueri

1287 1719 1436 1747 existentes
1458 1719 1484 1747 in
1506 1719 1615 1748 fornace
1636 1720 1705 1757 ignis
1725 1721 1873 1750 dixerunt:
1893 1723 2082 1750 Peccavimus
2100 1725 2125 1750 ct

1288 1766 1384 1803 inique
1404 1765 1516 1802 eyimus
1529 1769 1553 1794 et
1573 1767 1773 1802 praevaricati
1785 1776 1905 1802 sumus;
1927 1769 2068 1805 sequitur:
2091 1769 2125 1797 Et

1288 1812 1391 1840 traditi
1410 1820 1515 1839 sumus
1537 1812 1568 1839 in
1588 1812 1724 1840 manibus
1745 1813 1931 1842 inimicorum
1957 1818 2126 1842 nostrorum

1288 1858 1457 1896 iniquorum
1477 1861 1502 1886 et
1523 1858 1718 1895 pessimorum
1743 1860 2075 1898 praevaricatorumque
2101 1863 2127 1887 et

1288 1905 1350 1942 reyi
1370 1905 1477 1933 iniusto
1498 1908 1523 1932 et
1540 1905 1665 1941 pessimo
1686 1905 1766 1933 ultra
1787 1914 1897 1934 omnem
1919 1909 2037 1934 terram.

1370 1952 1411 1979 102.
1434 1951 1539 1983 Tertio,
1562 1954 1778 1988 transgressores
1802 1952 1994 1981 mandatorum
2015 1955 2126 1982 aeterna

1287 1998 1433 2036 supplicia
1454 2002 1676 2034 promerentur;
1705 1999 1863 2028 Psalmus3:
1889 1999 2047 2034 Maledicti,
2076 2000 2127 2038 qui

1288 2045 1432 2073 declinant
1452 2053 1471 2072 a
1492 2044 1641 2072 incendatis
1662 2045 1719 2073 tuis
1727 2055 1737 2078 ;
1758 2045 1918 2080 maledicti,
1940 2047 2005 2083 quia
2019 2046 2125 2075 dicetur

1288 2092 1342 2120 eis:
1358 2092 1407 2125 Ite,
1422 2091 1579 2124 maledicti,
1596 2091 1625 2119 in
1647 2092 1740 2128 iynetn
1761 2095 1923 2127 aeternum,
1939 2093 2065 2122 Matthaei
2086 2094 2126 2122 vi-

1288 2139 1390 2175 gesimo
1411 2138 1515 2175 quinto.
1540 2174 1544 2176 μ

1370 2186 1411 2214 13.
1435 2186 1517 2219 Ecce,
1539 2186 1736 2215 observationis
1763 2186 1832 2215 mira
1859 2187 1963 2216 utilitas
1990 2190 2017 2216 et
2038 2190 2125 2216 trans-

1289 2232 1436 2268 gressionis
1457 2233 1526 2260 mira
1554 2232 1700 2265 calamitas
1723 2233 1797 2262 Unde
1824 2233 1957 2262 Dominus
1984 2242 2032 2270 per
2054 2235 2126 2270 Moy-

1289 2287 1352 2307 sen:
1376 2280 1435 2312 En,
1451 2279 1552 2315 inquit,
1573 2288 1701 2316 propono
1716 2280 1767 2308 tibi
1788 2280 2005 2309 benedictionem
2026 2284 2051 2308 et
2064 2289 2126 2309 ma-

1290 2324 1481 2353 ledictionem:
1504 2324 1736 2360 benedictionem,
1758 2326 1785 2354 si
1804 2326 1947 2354 mandata
1971 2334 2035 2354 mea
2056 2328 2127 2363 sece—

1290 2372 1349 2404 ris‚·
1371 2371 1614 2406 maledictionem,
1639 2372 1667 2400 si
1685 2381 1744 2400 non
1763 2371 1874 2409 feceris.
1902 2372 1978 2400 Ponit
1999 2380 2047 2401 nos
2074 2372 2127 2401 Do-

1290 2417 1381 2446 minus
1409 2417 1435 2445 in
1463 2417 1551 2445 medio
1578 2421 1605 2446 et
1631 2422 1762 2455 operatur
1790 2418 1930 2447 nobiscum
1956 2418 2125 2447 mirabiliter.

2143 1954 2231 1973 Tertium.
2266 1969 2273 1972 s

2143 2188 2269 2207 Confirmatio.

460 2580 467 2593 ¹
486 2581 541 2609 Cap.
559 2581 598 2609 tt,
618 2582 655 2603 45.
671 2584 693 2603 et
711 2581 747 2602 16.

460 2617 469 2631 ²
487 2620 568 2641 Psalm.
586 2620 641 2647 tis,
662 2620 711 2641 ¹00.
727 2631 758 2635 —
775 2618 888 2641 Sententia
913 2618 1028 2645 Gregorii.
1048 2624 1093 2646 qua
1117 2617 1235 2645 exponitur

400 2659 453 2680 Luc.
468 2657 505 2684 24,
519 2658 554 2679 13.
566 2664 638 2686 seqq„
651 2657 745 2680 liabetur
763 2658 785 2679 ll.
798 2657 880 2680 Homil.
891 2657 913 2679 in
931 2657 1017 2684 Evang.
1036 2657 1112 2678 homil.
1125 2657 1167 2683 23,
1179 2663 1200 2678 n.
1214 2657 1234 2678 2.

461 2694 470 2707 ²³
488 2696 553 2718 Rom.
570 2697 594 2723 2,
613 2696 653 2718 ⁴3:
671 2697 719 2728 N'on
741 2696 801 2719 enim
819 2696 934 2718 auditores
955 2695 1011 2723 legis
1033 2695 1083 2718 iusti
1105 2699 1157 2718 sunt
1174 2695 1236 2723 apud

401 2735 484 2760 Deum,
501 2734 542 2756 sed
555 2735 649 2757 factores
661 2735 717 2762 legis
729 2734 918 2757 iustificabuntur.
930 2747 960 2759 ,-
973 2735 1025 2764 Seq.
1042 2735 1104 2757 locus
1116 2737 1149 2757 est
1160 2735 1202 2757 lac.
1216 2735 1236 2761 l,

401 2773 438 2795 22.
454 2775 476 2794 et
493 2773 530 2794 23.

463 2810 472 2823 ⁴
489 2811 543 2839 Cap.
561 2811 587 2837 7,
604 2813 625 2833 2.

464 2849 473 2862 ⁶
490 2849 545 2877 Cap.
564 2851 605 2876 26,
625 2850 660 2872 it.
678 2853 699 2872 et
717 2851 757 2873 ts:
775 2851 877 2873 Visitabo
894 2855 936 2874 etc.

464 2888 474 2902 ‘³
491 2890 572 2911 Psalm.
589 2889 626 2915 37,
643 2889 679 2911 41.

465 2926 474 2939 ⁷
491 2927 547 2955 Cap.
565 2928 584 2955 l,
603 2928 643 2950 ts:
667 2928 713 2950 Non
735 2928 866 2950 audivimus
883 2935 964 2951 vocem
987 2929 1075 2952 Domini
1098 2929 1136 2951 Dei
1157 2928 1236 2957 nostri,

1292 2581 1316 2600 ut
1332 2580 1374 2600 etc.
1391 2577 1447 2599 ibid.
1464 2584 1486 2598 v.
1504 2578 1544 2599 22:
1562 2578 1588 2600 Et
1605 2578 1720 2601 abivimus
1734 2578 1892 2607 unusquisque
1910 2577 1931 2599 in
1943 2584 2035 2600 sensum
2052 2577 2129 2600 cordis

1292 2617 1361 2639 nostri
1385 2616 1484 2643 maligni.
1504 2628 1534 2633 —
1554 2618 1605 2646 Seq.
1627 2618 1691 2640 locus
1713 2620 1747 2640 est
1769 2618 1803 2640 Ps.
1826 2617 1866 2643 80,
1885 2617 1922 2638 42.
1944 2619 1967 2638 et
1988 2617 2027 2644 1133
2050 2616 2129 2639 tertius

1292 2657 1347 2679 Dan.
1365 2656 1390 2683 3,
1408 2656 1448 2677 29:
1461 2656 1608 2679 Peccavimus
1620 2657 1680 2679 enim
1698 2659 1720 2679 et
1731 2657 1807 2685 inique
1819 2656 1916 2683 egimus,
1928 2656 2060 2677 recedentes
2075 2662 2087 2677 a
2100 2658 2136 2682 tek

1292 2698 1313 2717 ct
1331 2694 1469 2722 deliquimus
1486 2695 1508 2716 in
1525 2695 1639 2718 omnibus.
1656 2695 1711 2718 lbid.
1728 2702 1750 2718 τ.
1768 2696 1810 2718 3·2;
1827 2696 1852 2717 Et
1868 2694 1980 2719 tradidisti
1998 2700 2039 2716 nos
2056 2697 2097 2716 etc.

1354 2731 1364 2744 θ
1381 2733 1461 2754 Psalm.
1482 2734 1533 2761 its,
1552 2735 1631 2756 2¹.—
1643 2735 1695 2764 Seq.
1712 2735 1775 2757 locus
1795 2734 1921 2756 est-Matth.
1938 2734 1978 2761 25,
1997 2733 2036 2755 ll:
2053 2733 2129 2755 Disce-

1293 2773 1339 2795 dite
1356 2779 1367 2794 a
1380 2779 1428 2799 me,
1441 2773 1552 2796 maledicti
1570 2777 1624 2801 σίας
1643 2774 1721 2796 tertius
1738 2774 1803 2796 Deut.
1821 2773 1845 2794 Μ
1856 2790 1861 2799 ,
1879 2773 1961 2795 26-28:
1978 2773 2009 2794 En
2024 2778 2128 2800 propono

1294 2813 1316 2834 in
1333 2814 1456 2839 conspectu
1474 2816 1550 2834 vestro
1568 2813 1635 2835 hodie
1652 2812 1833 2835 benedictionem
1850 2811 1872 2833 et
1884 2811 2080 2834 maledictionem:
2092 2810 2129 2833 he-

1293 2850 1456 2876 nedictioncm,
1474 2850 1492 2872 si
1514 2850 1645 2873 obedieritis
1662 2850 1775 2873 mandatis
1796 2850 1886 2872 Domini
1909 2850 1948 2872 Dei
1970 2850 2047 2878 vestri,
2070 2855 2129 2878 quae

1294 2895 1337 2917 ego
1354 2889 1421 2911 hodie
1446 2889 1562 2917 praecipio
1587 2889 1666 2916 vobis;
1683 2889 1873 2916 maledictionem,
1890 2889 1908 2911 si
1930 2895 1975 2911 non
1999 2887 2129 2911 obedieritis

1294 2927 1405 2950 mandatis
1422 2928 1511 2950 Domini
1528 2928 1567 2950 Dei
1584 2928 1653 2950 vestri
1671 2930 1752 2950 etc.—
1763 2928 1837 2950 Locus
1848 2927 1884 2950 hic
1901 2927 2011 2950 omittitur
2028 2927 2049 2949 in
2062 2926 2129 2949 codd,
