2285 3398
235 502 325 520 Peccator

215 525 256 544 odit
264 525 344 543 animam

249 554 307 567 suam.

255 966 345 985 Tertium.

247 1106 343 1130 Exempla.

360 232 417 260 470

357 309 429 338 Talis
451 309 523 338 enim
544 308 624 345 fliius
651 310 690 335 est
712 305 886 343 perditionis
899 306 917 333 ¹.
944 306 983 335 De
1011 307 1057 335 tali
1085 307 1201 335 dicitur:

357 356 473 393 Spiritu
494 356 640 384 labiorum
664 361 789 381 suoram
809 353 948 390 percutiet
968 353 1109 390 impium,
1131 354 1203 383 scili-

357 405 400 431 cet
421 402 498 430 illum
520 401 566 437 qui
589 400 700 428 habebit
720 399 872 427 maximam
894 399 1012 435 speciem
1033 400 1148 436 pietatis.
1166 416 1201 420 —

357 449 442 485 Igitur
463 447 582 477 secunda
603 446 765 474 exercitatio
779 445 841 474 doni
864 446 972 482 pietatis
986 449 1027 474 est
1047 454 1097 483 per
1111 450 1203 475 custo-

357 495 429 524 diam
448 493 598 523 sanctitatis
618 492 791 521 intrinsecae.
808 509 844 513 —
860 492 911 521 Sed
926 492 1036 529 quidam
1058 492 1091 521 de
1112 493 1203 521 anima

357 549 407 570 sua
428 549 481 568 non
504 540 605 568 liabent
622 538 855 573 misericordiam,
872 539 955 567 immo
972 538 1075 567 faciunt
1096 540 1203 567 animae

357 595 422 616 suae
454 586 547 622 peius,
569 586 644 622 quod
671 588 795 622 possunt.
818 586 929 614 Summe
957 585 1054 613 odiunt
1084 586 1202 614 animam

356 641 451 666 suam,
473 641 527 661 non
549 636 660 669 possent
687 633 711 661 ei
740 633 819 669 peius
843 633 948 666 facere,
970 640 1053 669 quam
1084 633 1202 666 faciunt,

356 680 422 716 quia
442 679 546 708 faciunt
567 679 674 713 onmia,
697 687 768 715 quae
788 679 914 707 diabolus
938 679 1061 715 suggerit
1081 679 1128 707 eis.
1151 679 1203 707 Mi-

356 734 451 754 serere
472 726 590 754 animae
611 726 695 754 tacte!
718 726 749 753 Et
770 725 882 762 quidam
904 725 956 753 sub
978 725 1068 761 specie
1095 726 1203 761 pietatis

356 775 503 801 assumunt
528 780 600 809 quae
627 775 692 801 sunt
713 775 809 801 eontra
836 772 954 800 animam
977 779 1064 800 suam.
1086 772 1201 800 Dicunt:

357 819 402 847 ibo
422 818 456 846 ad
478 818 679 855 turpitudinem
700 818 752 847 sub
773 818 865 857 specie*
884 818 1001 854 pietatis.
1022 819 1097 854 Quae
1118 819 1204 855 pietas

357 868 398 894 est
419 866 492 894 ista?
513 865 592 894 Certe
613 866 697 894 nulla.

437 913 462 940 8.
486 912 578 940 Tertia
598 912 760 940 exercitatio
778 912 841 940 doni
860 912 968 949 pietatis
983 915 1024 940 est
1039 912 1065 940 in
1081 912 1204 949 affluen-

360 959 403 987 tia
423 959 622 987 miserationis
643 959 782 987 internae.
809 959 847 987 De
869 959 920 987 ista
941 959 1042 987 dicitur
1064 959 1091 987 in
1114 959 1203 987 Eccle-

358 1005 504 1034 siastico2:
520 1005 561 1033 Hi
580 1008 648 1033 sant
669 1005 729 1033 viri
749 1005 978 1038 misericordiae,
998 1014 1125 1043 quorum
1144 1006 1204 1042 pic-

358 1055 429 1080 tates
456 1061 515 1080 non
542 1051 717 1089 defuerant,·
738 1060 805 1080 cam
826 1052 933 1080 sentiae
959 1061 1060 1080 eornm
1086 1061 1203 1089 perina-

356 1102 423 1127 nent
454 1099 536 1127 bona.
566 1116 605 1119 —
631 1099 788 1127 Carissimi!
814 1098 919 1127 debetis
941 1107 1106 1136 percurrere
1136 1100 1204 1128 vitas

356 1138 516 1175 sanctorum
539 1146 667 1179 Patrum,
688 1149 715 1174 et
737 1145 879 1179 videbitis,
902 1146 976 1182 quod
1006 1146 1032 1174 lii
1062 1150 1126 1175 sunt
1152 1147 1203 1174 viri

355 1192 576 1226 misericordiae,
598 1192 701 1220 scilicet
716 1192 787 1225 Noe,
802 1192 955 1226 Abrabam,
971 1193 1091 1228 Moyses,
1108 1193 1203 1229 loseph

356 1241 383 1266 et
404 1239 521 1267 Samuel.
544 1239 620 1274 Quae
641 1238 693 1267 suit
714 1238 800 1275 pietas
821 1239 894 1267 Noe!
918 1239 967 1267 l'er
989 1242 1098 1268 centum
1118 1247 1204 1268 annos

356 1293 411 1313 non
432 1284 495 1314 fecit
523 1285 573 1313 nisi
602 1285 747 1313 aedificare
775 1293 883 1319 arcam,
912 1289 943 1313 ut
971 1286 1091 1314 salvaret
1117 1293 1205 1322 genus

357 1332 511 1360 humanum
524 1331 543 1359 ⁸.
566 1332 674 1367 Quanta
694 1331 781 1367 pietas
802 1331 854 1359 suit
874 1332 900 1359 in
924 1332 1107 1360 sacratissimo
1122 1332 1205 1359 Abra-

357 1378 437 1406 ham!
459 1377 534 1406 Deus
554 1377 709 1410 descendit,
729 1380 761 1405 ut
775 1380 933 1413 percuteret
948 1378 1087 1411 civitates,
1102 1378 1128 1405 in
1145 1378 1205 1414 qui-

357 1423 411 1452 bus
431 1426 511 1451 erant
531 1422 747 1450 abominationes
768 1423 890 1458 peccati;
912 1426 940 1451 et
954 1423 1108 1451 intercessit
1122 1424 1205 1451 Abra-

358 1469 422 1497 ham
451 1469 485 1497 ad
512 1468 660 1496 Dominum
689 1476 740 1504 pro
768 1468 821 1495 illis
848 1471 875 1496 et
900 1469 1018 1496 extorsit
1038 1477 1054 1496 a
1075 1469 1205 1502 Domino,

359 1515 433 1552 quod
455 1515 475 1544 si
498 1515 634 1543 inveniret
654 1514 748 1542 decem
770 1514 857 1542 iustos
875 1514 902 1542 in
917 1515 1089 1549 civitatibus,
1112 1523 1206 1551 parce—

359 1565 403 1591 ret
422 1562 462 1591 eis
482 1562 626 1590 Dominus.
648 1561 755 1596 Quanta
776 1560 863 1596 pietas
877 1560 929 1588 suit
944 1561 1039 1596 Ioseph
1053 1563 1058 1588 t
1074 1561 1125 1596 Qui
1141 1569 1206 1590 ven-

359 1609 433 1637 ditus
447 1617 463 1637 a
476 1608 611 1636 fratribus
632 1607 689 1636 suis
705 1623 740 1627 —
757 1607 840 1635 immo
861 1607 989 1635 volebant
1010 1607 1100 1643 ipsum
1123 1608 1207 1636 inter-

359 1656 442 1684 ficere
456 1655 556 1683 fratres
571 1654 613 1683 sui
630 1670 665 1674 —
681 1656 707 1682 et
721 1653 821 1682 fratres
842 1661 907 1682 suos
928 1653 1091 1687 custodivit,
1106 1654 1207 1691 guber-

359 1703 435 1731 navit
456 1705 483 1731 et
503 1701 600 1730 ditavit
620 1704 647 1729 et
675 1700 745 1729 filios
766 1708 882 1734 eoruni;
904 1703 931 1729 et
952 1701 1081 1737 pietatem
1111 1701 1206 1730 babuit

360 1749 394 1778 ad
412 1748 632 1778 conservandum
647 1747 809 1776 universum
825 1747 920 1776 orbem
936 1748 1087 1785 colligendo
1102 1751 1128 1777 et
1143 1756 1208 1777 con-

361 1796 496 1825 servando
516 1795 636 1824 bladum.
659 1796 766 1832 Quanta
788 1795 875 1831 pietas
896 1795 947 1823 suit
968 1795 1069 1831 Moysi!
1093 1796 1144 1832 Qui
1160 1804 1207 1833 po-

361 1843 458 1879 pulum
474 1842 621 1870 Dominum
636 1842 791 1870 irritantem
806 1841 904 1870 dilexit
918 1844 945 1870 et
959 1850 1010 1878 pro
1025 1850 1057 1870 eo
1071 1842 1160 1870 oravit
1174 1843 1206 1871 ad

361 1889 509 1917 Dominum
523 1889 650 1917 dicens4:
668 1888 749 1916 Aucti
762 1897 816 1921 me,
831 1888 959 1922 Domine,
974 1889 1103 1925 peccauit
1114 1898 1207 1926 popu-

362 1935 407 1964 tus
429 1936 497 1969 1510,-
512 1939 566 1964 aut
586 1935 695 1963 dimitte
713 1934 820 1971 populo
836 1933 904 1963 litiic
920 1934 994 1963 lianc
1012 1944 1138 1969 norant,
1155 1940 1208 1963 aut

361 1982 389 2010 si
408 1991 466 2010 non
480 1980 567 2018 facis,
582 1981 640 2009 dele
660 1990 704 2009 me
725 1981 759 2009 de
781 1981 853 2009 libro
869 1985 931 2015 tito,
947 1991 1031 2019 qztcin
1052 1982 1206 2019 scripsisti.

363 2029 438 2057 Ponit
460 2028 617 2056 Bernardus
638 2028 798 2064 exemplum
820 2028 853 2056 de
874 2029 1006 2062 muliere,
1029 2037 1099 2066 quae
1125 2029 1208 2058 habet

362 2075 528 2103 infantulum
550 2082 633 2103 suum
654 2077 681 2103 et
702 2076 744 2102 est
764 2077 846 2102 extra
866 2074 986 2103 domum.
1003 2076 1028 2103 Si
1044 2076 1152 2104 dicatur
1167 2076 1207 2104 ei:

363 2121 468 2149 dimitte
489 2120 654 2149 infantulum
677 2123 757 2149 tuum
778 2123 859 2149 extra
886 2121 1014 2155 domum,
1036 2126 1062 2150 et
1084 2125 1114 2150 tu
1137 2123 1209 2150 intra

363 2167 495 2201 domum;
517 2175 571 2195 non
594 2167 675 2195 vellet
702 2166 813 2195 domum
836 2168 956 2202 intrare,
978 2169 1015 2196 ita
1036 2169 1110 2206 quod
1138 2177 1208 2205 puer

364 2216 519 2242 remaneret
546 2215 635 2241 extra.
659 2213 696 2241 lta
724 2213 829 2249 Moyses
854 2214 955 2248 voluit,
977 2215 1051 2252 quod
1076 2215 1209 2244 Dominus

364 2260 465 2297 populo
486 2260 637 2288 dimitteret
658 2263 801 2296 peccatum
824 2268 922 2294 suum,
941 2264 989 2289 aut
1010 2262 1084 2298 quod
1105 2261 1209 2290 deleret

364 2307 455 2344 ipsum
476 2306 509 2335 de
524 2306 595 2334 libro
610 2306 689 2334 vitae.
705 2306 747 2334 Sic
761 2306 812 2334 fuit
827 2307 860 2335 de
875 2308 1015 2341 Samuele,
1037 2308 1147 2345 quando
1162 2316 1209 2344 po-

364 2353 448 2390 pulus
459 2353 537 2390 petiit
548 2360 639 2389 regem
654 2364 659 2386 ;
676 2356 769 2389 postea
783 2354 909 2389 cognovit
924 2354 1058 2390 populus,
1074 2354 1148 2391 quod
1163 2355 1209 2382 Sa-

364 2400 438 2429 muel
450 2400 519 2429 bene
530 2402 643 2428 rexerat
656 2399 799 2436 populum,
815 2402 915 2428 etcum
928 2401 1046 2436 populus
1061 2404 1208 2437 peccasset,

925 228 968 256 DE
989 228 1088 258 DONIS
1109 229 1253 258 SPIRITUS
1275 229 1299 257 S.
1322 228 1484 256 COLLATlO
1506 227 1546 255 lll.

1261 306 1389 339 timebat,
1405 313 1439 334 ne
1454 305 1563 334 Samuel
1576 313 1628 342 pro
1642 305 1701 342 ipso
1716 306 1798 334 vellet
1808 306 1842 334 ad
1853 307 2001 336 Dominum
2015 317 2105 338 orare.

1261 353 1291 380 Et
1314 352 1419 388 rogavit
1440 359 1504 380 euni
1526 352 1661 388 populus,
1676 354 1708 380 ut
1730 360 1780 388 pro
1795 352 1854 388 ipso
1868 357 1976 387 oraret,
1991 357 2018 383 et
2035 355 2106 383 dixit

1260 398 1370 427 Samuel
1382 398 1411 426 5:
1435 397 1517 426 Absit
1538 407 1557 426 a
1577 407 1639 432 nze,
1661 402 1695 426 ut
1715 407 1818 426 cessem
1841 407 1929 427 orare
1943 408 1999 436 pro
2017 401 2104 429 vobis.

1260 446 1383 481 Quantae
1406 444 1513 481 pietatis
1534 445 1585 473 suit
1606 445 1691 473 David
1714 453 1765 473 rex
1788 445 1888 473 lsrael!
1911 446 1975 474 Saul
1991 454 2106 483 quaere-

1261 492 1306 520 bat
1327 499 1391 520 eum
1412 491 1446 519 ad
1468 491 1704 526 interficiendum,
1719 494 1747 520 et
1761 491 1847 520 David
1862 492 1980 520 habehat
1998 493 2107 522 Saulem

1260 538 1287 565 in
1309 545 1394 565 manu
1416 545 1484 571 sua,
1507 538 1595 573 potuit
1617 538 1708 574 ipsum
1736 537 1907 571 interficere,
1936 546 1986 567 nec
2014 539 2108 575 prohi-

1261 585 1342 612 bente
1363 584 1435 617 Deo,
1463 584 1529 621 quia
1555 585 1629 614 Deus
1656 585 1728 613 dixit
1756 584 1798 613 ei:
1833 584 1963 613 Tradam
1984 594 2049 613 cam
2077 586 2108 613 in

1260 639 1368 659 manus
1390 631 1489 658 tnasfl.
1519 631 1608 660 Potuit
1636 632 1727 668 ipsum
1750 631 1922 665 interlicere,
1944 639 1993 659 nec
2014 632 2108 668 prohi-

1261 678 1341 706 bente
1363 677 1490 711 homine,
1512 685 1561 706 nec
1582 679 1746 715 prohibente
1768 679 1844 715 lege3
1864 681 1892 706 et
1906 681 1996 706 tamen
2012 685 2108 714 peper-

1261 725 1297 753 cit
1318 725 1341 752 ei
1364 727 1390 752 et
1411 724 1504 752 domui
1534 732 1607 753 suae.
1634 725 1663 753 lli
1686 728 1751 754 sunt
1773 725 1858 761 igitur
1880 725 1930 752 viri
1953 724 2109 752 misericor—

1261 771 1336 804 diae,
1359 778 1480 807 quorum
1502 770 1615 807 pietates
1636 780 1695 802 non,
1712 771 1870 800 defuerunt.
2273 801 2274 805 ,

1341 818 1366 845 9.
1389 817 1426 845 Ad
1448 818 1527 846 istam
1550 818 1677 854 pietatem
1700 819 1797 847 invitat
1819 818 2238 852 00511031051)οῑῐ“115,1ῑι1]οτωῑῑο.
2273 838 2274 850 2

1261 864 1308 901 qui
1330 864 1383 892 suit
1403 865 1472 892 alter
1493 865 1649 900 Apostolus,
1665 865 1691 893 in
1707 865 1828 894 secunda
1848 865 1984 893 Canonica
2005 873 2055 893 sua
2069 864 2108 893 di-

1262 918 1326 939 cens
1338 910 1347 927 ⁷
1362 921 1366 938 :
1390 911 1554 939 Ministrate
1568 911 1599 939 in
1613 911 1668 948 fide
1684 912 1819 939 uirtutem
1829 934 1836 944 ,
1853 911 1882 939 iii
1898 911 2004 939 virtute
2018 910 2108 939 scien*

1263 958 1351 991 tiam,
1374 958 1405 985 in
1426 958 1546 986 scientia
1567 957 1788 991 abstinentiam,
1811 959 1842 986 in
1863 958 2039 986 abstinentia
2053 967 2108 995 pa-

1263 1005 1405 1038 tientiam,
1428 1005 1458 1032 in
1478 1005 1621 1041 patientia
1639 1005 1790 1042 pietatem,
1814 1006 1843 1033 in
1858 1005 1964 1042 pietate
1979 1014 2108 1034 amorem

1261 1050 1462 1088 fraternitatis
1487 1056 1512 1080 et
1537 1052 1568 1080 in
1596 1060 1695 1080 amore
1718 1051 1918 1088 fraternitatis
1946 1052 2107 1080 caritatem.

1262 1098 1331 1134 Quid
1355 1098 1414 1126 vult
1436 1098 1549 1126 dicere?
1573 1098 1700 1127 Pietatem
1723 1099 1799 1135 ponit
1819 1099 1846 1126 in
1868 1099 1958 1127 medio
1972 1098 2108 1129 duorum,

1262 1145 1364 1173 scilicet
1385 1144 1457 1173 inter
1475 1145 1646 1181 patientiam
1665 1149 1692 1174 et
1711 1146 1874 1174 caritatem.
1891 1145 2031 1174 Pietatem
2045 1145 2109 1173 dicit

1262 1199 1321 1219 0550
1342 1194 1445 1220 vestem
1468 1200 1655 1228 purpuream,
1677 1195 1704 1221 et
1728 1192 1886 1229 patientiam
1915 1195 1942 1220 et
1967 1192 2108 1220 caritatem

1261 1238 1327 1266 dicit
1348 1246 1407 1266 esse
1429 1242 1531 1267 vestem
1556 1239 1668 1275 regiam.
1691 1240 1742 1275 Qui
1766 1239 1825 1267 vult
1846 1246 1906 1267 esse
1921 1239 1983 1275 pius
1997 1238 2029 1266 ad
2046 1246 2109 1275 pro-

1262 1285 1387 1317 ximum,
1409 1287 1531 1320 oportet,
1554 1285 1627 1321 quod
1649 1288 1794 1322 supportet
1815 1286 1905 1321 ipsum
1928 1285 2063 1321 patienter
2083 1287 2110 1313 et

1263 1330 1404 1358 caritative
1425 1330 1527 1365 diligat.
1550 1331 1635 1359 David
1658 1332 1792 1367 patienter
1814 1335 1840 1359 et
1862 1331 2004 1359 caritative
2018 1339 2047 1360 se
2061 1331 2109 1359 ha-

1263 1376 1324 1404 huit
1344 1375 1377 1403 ad
1400 1376 1524 1408 liostem;
1554 1376 1591 1404 ita
1612 1379 1735 1412 oportet,
1762 1377 1836 1413 quod
1857 1377 1940 1405 homo
1962 1385 1990 1405 se
2012 1377 2111 1405 habeat

1264 1422 1296 1450 ad
1311 1422 1481 1458 proximum.
1499 1438 1534 1442 —
1550 1422 1599 1450 [Tbi
1621 1425 1663 1450 cst
1684 1423 1769 1459 pietas
1792 1423 1872 1451 hodie
1885 1426 1895 1450 ¹?
1917 1423 1974 1450 Non
1996 1426 2037 1451 cst
2054 1431 2111 1452 me-
2124 1428 2237 1451 lnerepat'm»
2273 1433 2274 1436 ¹

1263 1468 1356 1501 (1111111,
1378 1468 1443 1504 qula
1464 1468 1538 1496 Deus
1563 1468 1676 1496 abstulit
1698 1472 1843 1501 extrema;
1866 1472 1941 1497 tanta
1962 1472 2003 1496 est
2030 1469 2111 1497 hodie

1264 1514 1427 1547 crudelitas,
1449 1514 1522 1550 quod
1546 1514 1627 1541 homo
1655 1522 1708 1542 non
1738 1517 1826 1550 potest
1855 1514 1947 1542 satiari
1969 1514 2002 1543 de
2024 1514 2111 1542 vindi-

1265 1562 1326 1593 cta;
1349 1562 1444 1596 regnat
1466 1560 1546 1588 hodie
1561 1560 1730 1597 impatientia
1751 1563 1778 1589 et
1800 1561 1959 1594 iracundia;
1983 1561 2052 1589 male
2069 1561 2111 1589 iu-

1264 1606 1336 1634 dicat
1357 1607 1458 1640 liomo;
1480 1607 1561 1635 etiam
1584 1607 1605 1635 si
1628 1615 1681 1635 non
1703 1607 1816 1635 ostendit
1844 1616 1887 1636 me
1917 1608 2013 1642 1101110,
2041 1608 2111 1636 male

1266 1655 1356 1681 tamen
1382 1653 1508 1681 iudicabo
1528 1653 1561 1682 de
1583 1654 1650 1690 ipso.
1674 1654 1748 1682 [nde
1769 1657 1810 1682 est
1831 1654 1882 1682 lioc.
1898 1657 1908 1682 ἱ)
1930 1654 2024 1688 Certe,
2047 1654 2112 1691 quia

1266 1708 1319 1728 non
1341 1699 1429 1728 liabeo
1451 1700 1601 1728 caritatem.
1624 1701 1722 1729 Beatus
1744 1701 1840 1729 Petrus
1855 1701 1924 1729 bene
1939 1701 1989 1729 scit
2004 1701 2110 1736 dicere,

1266 1746 1403 1784 quomodo
1431 1750 1527 1783 potero
1555 1747 1657 1776 habere
1685 1747 1842 1781 caritatem,
1871 1748 1951 1785 quia,
1980 1749 2001 1776 si
2024 1748 2112 1777 liabeo

1266 1794 1424 1830 patientiam
1446 1802 1481 1822 ex
1504 1802 1559 1822 una
1574 1797 1652 1830 parte
1667 1798 1693 1823 et
1708 1795 1850 1823 caritatem
1865 1803 1901 1823 ex
1916 1796 2017 1829 altera;
2033 1803 2112 1830 ecce,

1266 1840 1431 1869 exercitium
1454 1841 1570 1877 pietatis.

1349 1889 1390 1916 10.
1414 1888 1492 1917 Dices
1507 1888 1592 1922 sorte,
1608 1888 1708 1917 frater:
1725 1897 1778 1917 non
1795 1889 1883 1918 liabeo
1904 1889 1977 1918 istud
1999 1890 2110 1918 donum.
2124 1891 2254 1938 jssssi'sssflsrssfi

1266 1935 1381 1972 Oportet
1395 1935 1488 1972 igitur,
1504 1938 1536 1963 ut
1554 1935 1691 1971 explicem
1707 1935 1753 1963 tibi
1769 1936 1912 1973 originale
1927 1936 2109 1973 principiam
2123 1939 2162 1985 ἷζῗὲί
2184 1938 2254 1962 princi·
2274 1936 2278 1964 ἐ

1267 1981 1382 2018 pietatis.
1407 1982 1437 2009 Et
1457 1981 1549 2010 dices:
1572 1984 1603 2009 tu
1624 1981 1742 2010 debuisti
1765 1982 1886 2018 incipere
1907 1990 1923 2010 a
1943 1981 2111 2018 prineipio;

1266 2031 1292 2056 ct
1314 2028 1438 2064 incepisti
1460 2028 1495 2056 ab
1516 2028 1658 2056 exercitio.
1689 2028 1762 2062 Non,
1791 2028 1892 2062 frater,
1920 2037 1974 2056 non
2003 2036 2109 2064 possem

1267 2078 1292 2103 te.
1314 2074 1416 2103 ducere
1437 2074 1471 2103 3(1
1492 2074 1624 2111 originale
1652 2074 1818 2111 principium
1848 2075 1955 2111 pietatis
1983 2074 2034 2103 nisi
2063 2082 2112 2111 per

1266 2123 1358 2149 actum
1380 2124 1407 2149 et
1428 2120 1593 2149 exercitium
1623 2121 1738 2157 pietatis.
1761 2121 1922 2158 Originatur
1943 2124 2035 2149 autem
2065 2121 2113 2149 do-
2126 2124 2158 2143 Est
2172 2124 2246 2148 triplex.

1267 2175 1332 2195 num
1356 2167 1464 2203 pietatis
1492 2167 1581 2203 primo
1609 2175 1625 2195 a
1659 2167 1801 2195 Trinitate
1822 2168 1970 2201 increata,
1992 2167 2112 2196 secundo

1266 2222 1279 2241 a
1308 2213 1459 2250 Sapientia
1490 2214 1665 2248 incarnata,
1691 2217 1717 2242 et
1742 2214 1823 2242 tertio
1848 2222 1864 2242 a
1887 2218 1992 2242 sancta
2019 2217 2113 2242 matre

1269 2260 1395 2288 Ecclesia
1416 2268 1465 2296 per
1487 2260 1620 2296 Spiritum
1643 2260 1819 2289 sanctificata.

1348 2308 1390 2334 11.
1414 2306 1523 2339 Videte,
1549 2307 1624 2341 dico,
1653 2307 1727 2344 quod
1754 2307 1857 2335 donum
1887 2307 1995 2343 pietatis
2023 2307 2112 2335 oritur
2135 2311 2204 2332 Primo·
2215 2310 2256 2329 Tri-

2125 2335 2174 2352 nitas
2184 2335 2255 2352 inei-ea·
2280 2337 2285 2349 τ

1267 2354 1356 2390 primo
1377 2362 1393 2381 a
1421 2353 1562 2381 Trinitate
1589 2353 1738 2387 increata,
1768 2353 1870 2382 scilieet
1897 2361 1913 2380 a
1941 2353 1997 2380 Deo
2024 2353 2150 2381 Patrem-

1267 2401 1440 2436 Quamquam
1470 2400 1547 2428 Deus
1563 2400 1662 2428 habeat
1683 2408 1778 2428 omnes
1798 2399 1981 2436 proprietates
2002 2399 2113 2428 nobilis-

430 2617 437 2630 ¹
457 2619 487 2640 113
496 2621 591 2640 vocatur
601 2617 672 2641 ludas
682 2619 743 2640 10311.
754 2617 790 2644 17,
801 2618 837 2639 12.
847 2620 869 2640 et
877 2617 1030 2641 antichristus
1038 2620 1060 2641 ii.
1068 2620 1148 2642 Tliess.
1157 2621 1178 2646 2,
1188 2621 1209 2642 3.

368 2668 399 2673 -
417 2657 469 2684 Seq.
486 2657 550 2678 locus
567 2659 600 2678 est
617 2657 666 2679 lsai.
684 2657 720 2683 tt,
739 2656 760 2678 4.
778 2656 876 2684 Vulgata
894 2656 1014 2686 interficiet
1032 2664 1073 2684 pro
1087 2658 1209 2687 percutiet.

430 2693 439 2706 ²
457 2694 513 2722 Cap.
531 2695 571 2721 tt,
591 2695 627 2717 10.
644 2701 705 2723 seq.:
724 2695 769 2716 Sed
787 2695 814 2716 illi
832 2694 899 2717 viri...
917 2697 959 2717 etc.

431 2732 440 2745 ¹³
457 2732 503 2755 Csr.
519 2733 576 2755 Gen.
593 2734 615 2755 6.
632 2736 653 2755 et
669 2733 693 2756 7.
709 2745 740 2750 —-
757 2733 789 2755 De
811 2733 927 2755 Abraham
950 2734 1088 2761 deprecante
1112 2742 1154 2763 pro
1172 2737 1210 2757 So-

368 2773 437 2795 doma
455 2771 509 2793 vide
526 2770 582 2793 ibid.
600 2772 641 2798 18,
659 2772 696 2794 20.
713 2778 789 2800 seqq.;
807 2772 836 2794 dc
851 2772 931 2799 loseph
945 2772 1000 2795 ibid.
1013 2773 1049 2795 37.
1062 2777 1083 2796 et
1096 2774 1132 2796 41.
1145 2780 1210 2803 seqq.

431 2809 440 2822 ⁴
457 2810 528 2832 Exod.
546 2810 588 2836 32,
607 2810 644 2832 31.
661 2816 721 2838 seq.:
738 2810 853 2837 Obsecro,
871 2812 975 2837 peccavit
991 2815 1032 2834 etc.
1047 2825 1078 2829 —
1089 2814 1210 2840 Bernard.,

369 2850 443 2872 Serm.
467 2849 503 2870 12.
521 2848 544 2870 in
560 2848 646 2871 Cantic.
664 2855 685 2870 n.
704 2848 729 2875 4,
747 2849 781 2871 1115
803 2848 881 2871 verbis
904 2849 975 2876 Moysi
997 2851 1110 2878 allegatis,
1133 2851 1211 2874 adiun-

370 2889 415 2916 git:
432 2888 450 2910 Ο
466 2894 522 2910 vere
539 2888 657 2909 hominem
675 2890 767 2910 unctum
785 2888 893 2910 unctione
906 2888 1087 2912 misericordiae!
1100 2891 1210 2919 Loquitur

370 2927 437 2955 plane
450 2926 558 2956 parentis
575 2927 679 2948 affectu...
697 2926 762 2948 verbi
780 2926 864 2954 gratia,
882 2926 900 2949 si
918 2927 983 2950 dives
995 2929 1109 2956 quispiam
1122 2930 1210 2952 mulieri

371 2966 524 2993 pauperculae
541 2965 613 2987 dicat:
631 2965 752 2992 ingredere
770 2968 792 2987 tu
810 2966 839 2987 3(1
851 2965 974 2993 prandium
987 2973 1076 2991 mcum.
1088 2968 1128 2990 sed
1141 2974 1211 2996 quem

371 3006 448 3027 gestas
472 3003 606 3024 infantulum
633 3003 735 3029 relinque
761 3004 826 3029 10015,
848 3003 957 3030 quoniam
975 3005 1048 3031 plorat
1065 3009 1086 3027 et
1103 3007 1212 3029 molestus

1267 2622 1300 2641 cst
1317 2618 1396 2646 nobis,
1413 2619 1519 2647 nunquid
1538 2619 1619 2641 saciet?
1636 2617 1716 2641 Nonne
1734 2618 1808 2646 magis
1825 2619 1892 2646 eliget
1909 2619 2024 2648 ieiunare,
2041 2627 2111 2649 quani

1267 2658 1370 2686 exposito
1387 2658 1487 2685 pignore
1504 2663 1569 2685 caro,
1587 2658 1634 2679 sola
1653 2657 1768 2685 prandere
1780 2663 1833 2679 cum
1845 2658 1932 2680 divite?
1945 2659 1974 2681 lta
1987 2665 2029 2681 nec
2040 2659 2111 2686 Moysi

1267 2697 1333 2719 sedet
1348 2697 1422 2718 50111111
1440 2701 1464 2718 50
1482 2696 1594 2718 introduci
1613 2696 1635 2718 in
1653 2695 1764 2723 gaudium
1782 2695 1873 2718 Domini
1890 2697 1938 2724 sui,
1957 2698 2011 2720 soris
2028 2698 2112 2720 scilicet

1267 2737 1400 2757 remanente
1417 2735 1518 2762 popule,
1536 2735 1584 2763 cuiy
1602 2735 1654 2757 ilcet
1671 2735 1772 2763 inquieto
1789 2738 1811 2757 et
1828 2735 1931 2763 ingrato,
1953 2736 2004 2758 vice
2027 2736 2112 2764 pariter

1268 2776 1289 2795 et
1306 2773 1425 2795 affectione
1442 2772 1521 2794 matris
1539 2772 1648 2795 inhaeret.

1330 2811 1339 2823 ⁶
1357 2811 1416 2834 Libr.
1435 2812 1449 2834 1.
1467 2812 1525 2839 neg.
1546 2812 1583 2840 12,
1601 2813 1643 2834 223:
1661 2811 1726 2834 Absit
1742 2815 1818 2835 autem
1836 2819 1848 2835 a
1866 2819 1903 2835 me
1925 2814 1969 2835 1100
1991 2814 2111 2840 peccatum

1270 2853 1291 2874 in
1309 2852 1446 2878 Dominum,
1465 2854 1489 2873 ut
1506 2854 1549 2873 etc.

1330 2888 1340 2902 ⁶
1356 2890 1418 2913 Libr.
1434 2891 1450 2912 1.
1466 2891 1524 2918 Reg.
1542 2889 1583 2916 21,
1602 2890 1627 2912 5:
1645 2891 1692 2918 Ego
1717 2890 1806 2913 tradam
1829 2890 1868 2913 tibi
1893 2890 2010 2913 inimicum
2032 2893 2110 2917 tuum,

1268 2932 1293 2952 ut
1310 2929 1378 2951 sacius
1395 2929 1428 2957 eiy
1445 2929 1504 2951 sicut
1521 2929 1631 2956 placuerit
1648 2929 1670 2951 in
1687 2930 1758 2952 oculis
1781 2931 1831 2953 tuis.
1854 2930 1899 2952 Csr.
1921 2929 1976 2952 ibid.
1993 2936 2016 2952 v.
2038 2929 2071 2950 111.
2088 2930 2110 2949 et

1269 2969 1310 2997 26,
1329 2968 1366 2990 23.
1383 2967 1441 2990 Vide
1458 2974 1527 2995 supra
1546 2973 1599 2995 pag.
1619 2967 1675 2995 416,
1693 2972 1745 2991 nota
1764 2969 1785 2991 9.

1331 2998 1413 3033 ⁷'Cnp.
1434 3007 1451 3032 t,
1470 3006 1515 3028 555.
