2285 3398
871 460 1134 510 OOLLATIO
1170 462 1203 508 Ι.

356 589 401 622 De
427 594 561 634 quatuor
586 588 704 622 motivis
729 588 766 622 ad
793 588 1014 623 observantiam
1041 588 1214 622 divinorum
1240 594 1472 634 praeceptorum
1500 588 1716 622 inducentibus

800 653 830 681 et
854 647 891 681 de
917 647 1061 691 decalogo
1088 647 1118 680 in
1144 658 1264 691 genere.

171 776 345 804 SUMMAIuUM.
360 792 398 796 —
413 776 607 810 Introductio,
629 785 750 805 numero
775 779 798 805 1.
814 794 851 797 —
867 777 932 806 Pars
953 777 969 805 l.
985 776 1024 805 De
1039 777 1148 805 motivis
1162 777 1360 806 observantiae.
1378 777 1512 813 Quatuor
1532 781 1643 805 mouent
1665 777 1704 806 ad
1724 776 1904 806 observanda

242 830 414 864 praecepta,
436 828 462 855 ⁶2.
478 843 516 848 —-
530 826 650 861 Primo,
672 828 835 856 auctoritas
855 827 1042 862 mandantis,
1064 831 1089 856 et
1109 828 1225 865 quictem
1246 828 1356 865 triplici
1375 828 1504 862 ratione,
1525 827 1632 856 scilicet
1652 828 1723 866 quia
1736 837 1789 857 nos
1810 832 1904 863 creat,

244 877 389 914 gubernat
403 881 428 906 et
441 877 552 912 salvat,
569 878 626 907 3-5.
643 895 681 899 —-
695 878 843 913 Secundo,
862 878 975 907 utilitas
989 878 1198 907 observationis
1220 879 1340 916 triplex,
1361 878 1468 907 seilicet
1488 879 1653 916 impetratio
1674 878 1904 914 charismatum,

245 928 379 957 revelatio
401 928 628 966 Scripturarunz
649 933 674 957 et
694 930 837 958 assecutio
856 930 1073 967 praemiorum,
1089 930 1147 958 6-9.
1163 946 1201 950 —-
1222 930 1333 964 Tertio,
1345 929 1512 967 periculum
1527 930 1769 967 transqressionis
1784 930 1904 967 tripleae,

244 979 316 1017 quia
336 980 393 1008 non
415 979 571 1008 observans
591 980 684 1008 multa
706 980 780 1009 bona
794 980 905 1017 perdit,
921 981 952 1009 in
965 979 1096 1018 nefanda
1109 980 1226 1018 slayitia
1240 980 1302 1009 ruit
1316 984 1341 1009 et
1355 984 1473 1009 aeterna
1491 980 1637 1018 supplicia
1654 984 1791 1015 meretur,
1809 982 1904 1010 10-12.

247 1046 282 1050 —
305 1030 368 1058 Duo
396 1030 501 1059 ultima
531 1030 746 1067 confirmantur
764 1039 817 1067 per
850 1030 1055 1067 Scripturam,
1080 1031 1122 1059 13.
1146 1031 1334 1071 —gQuarto,
1356 1030 1648 1068 irreprehensibilitas
1678 1031 1904 1065 mandatorum,

244 1084 409 1109 monstrata
431 1080 594 1118 tripliciter,
616 1082 687 1119 quia
707 1090 765 1109 non
785 1081 929 1109 continent
949 1081 1064 1118 aliquid
1085 1081 1260 1118 impossibile
1280 1090 1330 1110 nec
1345 1090 1498 1109 onerosum
1519 1090 1569 1109 nec
1583 1082 1731 1118 iniquum,
1756 1082 1851 1110 ili-17.
1867 1099 1904 1102 —

246 1131 396 1160 Conclusio
414 1131 530 1168 primae
548 1132 663 1168 partis,
690 1133 731 1160 18.
747 1147 784 1152 —-
799 1131 863 1159 Pars
878 1131 906 1158 ll.
922 1131 960 1159 De
981 1131 1110 1167 decalogo
1132 1132 1158 1159 in
1180 1139 1288 1168 genere.
1305 1132 1346 1160 De
1362 1131 1502 1159 mandato
1521 1131 1618 1167 primo
1639 1135 1665 1159 et
1683 1140 1807 1168 mayno,
1829 1132 1905 1170 quod

244 1186 284 1210 est
297 1190 415 1211 summa
430 1182 515 1211 totius
530 1182 626 1219 Legis,
645 1183 688 1211 19.
705 1199 742 1203 -
757 1182 855 1210 Decem
875 1184 1031 1217 praecepta
1052 1185 1121 1208 sunt
1141 1181 1336 1218 fundamenta
1357 1181 1488 1209 omnium
1510 1181 1603 1217 ceyum
1623 1185 1649 1209 et
1666 1185 1905 1218 praeeeptorum;

244 1232 309 1269 ipsa
330 1236 550 1266 enumerantur,
572 1233 618 1261 ⁹20.
641 1249 679 1254 -—
702 1232 802 1261 Omnis
824 1231 868 1259 tex
889 1240 947 1259 non
967 1225 1091 1258 mandat
1118 1231 1179 1259 nisi
1197 1231 1341 1268 duplicem
1369 1231 1530 1264 iustitiam,
1555 1230 1659 1259 scilicet
1687 1240 1761 1269 quae
1787 1232 1905 1260 ordinat

243 1283 283 1311 act
306 1276 443 1312 Deztmet
456 1283 496 1312 acl
513 1284 704 1320 proximuni‚·
726 1282 792 1311 binc
813 1281 889 1310 duae
903 1281 1036 1315 tabulae,
1058 1282 1103 1309 21.
1119 1298 1158 1301 —
1179 1280 1291 1309 Tabula
1308 1281 1411 1317 prima
1431 1289 1499 1309 cum
1519 1280 1614 1309 tribus
1632 1282 1810 1319 praeceptis,
1832 1291 1906 1320 quae

32 2075 77 2094 Pars
89 2076 102 2094 1.
116 2076 143 2095 De

16 2099 90 2117 motivis
101 2100 144 2118 -οὓ-

14 2122 126 2141 servanuae.

36 2145 83 2163 Sunt
95 2151 139 2169 qua-

63 2171 111 2187 tuor.

243 1334 479 1375 appropriantur
500 1333 594 1362 tribus
612 1333 745 1371 personis
766 1332 890 1366 diuinis,
913 1334 958 1360 2⁹2.
981 1348 1018 1352 -—
1048 1331 1159 1364 Tabula
1179 1331 1308 1359 secunda
1329 1340 1395 1359 curn
1416 1335 1520 1368 septem
1541 1331 1626 1366 aliis,
1649 1332 1694 1361 93.
1718 1333 1763 1361 ⁵24.

245 1468 268 1495 1.
292 1467 325 1495 Si
344 1467 388 1495 vis
408 1466 449 1495 ad
468 1467 560 1494 vitam
588 1465 719 1503 ingredi,
739 1474 826 1493 serva
849 1464 1002 1493 mandata.

26 1516 148 1537 Introductio-
163 1513 253 1541 Verba
273 1513 324 1541 ista
344 1512 446 1548 scripta
466 1514 531 1540 sunt
551 1502 579 1539 in
600 1512 735 1540 Matthaeo
748 1512 757 1528 ¹
785 1514 812 1539 et
833 1514 898 1539 sunt
919 1511 1004 1539 verba

162 1558 310 1587 Salvatoris
330 1558 431 1591 nostri,
453 1557 480 1585 in
501 1557 604 1594 quibus
618 1557 774 1594 explicatur
795 1557 874 1585 nobis
895 1565 1004 1585 summa

162 1604 245 1633 totius
266 1607 374 1633 nostrae
389 1603 484 1632 salutis
498 1606 634 1640 quantum
654 1604 688 1632 ad
702 1603 769 1632 duo:
792 1604 894 1640 primo,
916 1612 1003 1640 quan—

161 1653 220 1679 tum
235 1650 269 1679 ad
279 1650 448 1687 praemium
468 1649 658 1685 retributionis
672 1652 815 1684 aeternae;
837 1650 889 1678 ibi:
912 1650 946 1678 Si
958 1649 1003 1678 vis

161 1697 201 1725 acl
230 1697 321 1725 vitam
341 1696 473 1734 z'nqredz·;
495 1696 632 1730 secundo,
654 1699 789 1733 quantum
811 1696 845 1724 ad
866 1696 1002 1724 meritum

160 1742 325 1780 operationis
339 1743 488 1776 humanae,
504 1742 541 1771 ibi
554 1753 560 1770 :
574 1751 659 1771 serva
673 1742 825 1771 mandata.
849 1742 880 1770 Et
894 1745 935 1771 est
957 1742 1001 1770 liic

161 1792 252 1818 rectus
273 1789 356 1823 ordo,
377 1789 443 1826 quia
464 1789 526 1818 finis
545 1791 636 1817 movet
656 1791 797 1826 agentem,
819 1792 850 1817 ut
871 1797 899 1817 se
920 1796 1001 1817 exer-

161 1838 220 1864 ceat
239 1836 267 1864 in
287 1836 412 1864 debitum
426 1835 509 1864 finem
521 1836 540 1863 ².
557 1852 593 1856 —
609 1836 763 1872 Sequamur
780 1835 865 1872 igitur
886 1835 1002 1863 sormam

161 1883 240 1911 istius
254 1882 344 1919 magni
359 1882 495 1919 Magistri;
510 1885 537 1910 et
558 1885 705 1919 antequam
718 1881 752 1910 de
767 1882 825 1910 istis
840 1881 1002 1919 praeceptis

160 1929 264 1967 aliquid
277 1929 413 1963 dicamus,
432 1928 510 1966 prius
524 1928 647 1957 dicamus
664 1928 697 1957 de
711 1928 901 1957 observantiis
916 1937 1002 1965 prae-

160 1979 315 2014 ceptorum.

239 2025 265 2052 2.
288 2023 439 2052 Praemittit
456 2022 589 2051 Dominus
602 2022 757 2057 motivum,
779 2025 873 2059 postea
887 2022 1002 2051 subiun-

160 2070 199 2106 git
219 2073 332 2103 actum,
349 2078 398 2106 per
418 2077 502 2107 quem
527 2077 674 2106 possumus
688 2069 816 2098 devenire
837 2069 864 2097 in
879 2069 1002 2097 debitum

160 2116 251 2144 finem.
276 2116 306 2145 Et
327 2116 491 2149 notandum,
512 2115 586 2153 quod
607 2118 672 2144 sunt
696 2118 829 2152 quatuor,
857 2123 928 2152 quae
953 2124 1002 2144 nos

161 2165 272 2190 movent
299 2162 333 2190 ad
354 2162 557 2191 observandum
586 2162 712 2190 mandata
733 2162 789 2190 Dei.
813 2162 932 2190 Primum
961 2165 1002 2190 est

161 2208 323 2236 auctoritas
354 2209 410 2236 sive
440 2208 557 2244 dignitas
588 2208 759 2242 mandantis3
782 2209 933 2237 secundum
961 2212 1001 2237 est

161 2254 274 2282 utilitas
294 2254 508 2289 observationis;
530 2254 642 2283 tertium
669 2258 710 2283 est
731 2255 941 2292 trangressionis
952 2264 1000 2292 pe-

161 2300 306 2333 rieulum,·
327 2303 459 2337 quartum
480 2302 522 2328 est
541 2299 833 2337 irreprehensibilitas
860 2301 1000 2330 mandato-

160 2340 232 2375 rum.
254 2347 388 2383 Quoniam
410 2346 494 2383 igitur
515 2346 561 2375 ille
582 2346 630 2383 qui
650 2346 772 2381 mandat,
793 2351 939 2385 praecepta
952 2349 1000 2377 ob-

160 2394 265 2422 servari
277 2394 297 2427 ⁵,
312 2396 354 2422 est
373 2401 487 2430 magnae
506 2394 693 2427 auctoritatis,
708 2396 735 2422 et
748 2394 902 2423 observatio
924 2404 1000 2424 man-

159 2440 288 2468 datorum
309 2443 350 2468 est
380 2447 493 2476 magnae
514 2439 654 2479 utilitatis,
676 2442 703 2469 et
726 2440 753 2469 in
784 2442 1000 2479 transgressione

160 2494 291 2523 magnum
312 2486 435 2514 consistit
455 2485 626 2522 periculum,
647 2490 674 2515 et
694 2487 935 2524 irreprehensibile
960 2492 1000 2517 est

160 2532 331 2566 mandatum;
346 2532 407 2560 ideo
424 2531 518 2560 nullus
538 2534 592 2572 est,
613 2532 661 2568 qui
682 2533 766 2569 possit
787 2533 889 2563 babere
914 2542 999 2563 excu-

160 2578 291 2607 sationem
312 2577 346 2607 de
366 2577 555 2606 observatione
572 2577 770 2608 mandatorum.

223 2769 230 2782 ¹
248 2770 305 2799 Cap.
323 2771 363 2799 ia,
381 2770 418 2793 47.
954 2790 962 2794 ,

222 2807 231 2821 ²
249 2808 294 2831 Cir.
315 2809 418 2837 Aristot.,
435 2809 460 2831 Π.
481 2809 549 2837 Phys.
572 2811 623 2831 text.
646 2809 683 2831 29.
705 2808 735 2838 (c.
756 2810 787 2839 3.)
810 2813 833 2833 et
854 2811 883 2833 V.
899 2812 997 2839 Metaph.

161 2850 211 2869 text.
229 2848 251 2869 2.
267 2853 316 2876 seq.
333 2847 379 2876 (lV.
397 2853 417 2869 c.
434 2847 474 2876 2.).
490 2844 522 2867 .-’-
537 2846 570 2870 C}
587 2847 613 2869 Et
629 2847 726 2869 multum
750 2848 912 2871 convenienter
934 2855 997 2876 prae-

161 2886 255 2908 mittitur
271 2886 384 2908 motivum
394 2895 399 2913 ;
416 2886 470 2915 quia
482 2885 609 2909 secundum
621 2886 756 2914 exigentiam
768 2886 820 2910 finis
831 2890 865 2910 est
876 2880 996 2915 dispositio

160 2930 294 2951 causarum,
311 2925 364 2953 quia
382 2925 434 2947 sinis
450 2927 485 2947 est
500 2925 639 2953 principium
656 2925 678 2948 in
695 2925 817 2949 intentione
833 2927 928 2955 agentis.

1139 1465 1165 1493 3.
1188 1465 1309 1493 Primum
1331 1465 1416 1501 igitur
1436 1473 1548 1494 movere
1573 1474 1622 1494 nos
1643 1466 1724 1495 debet
1750 1466 1784 1495 ad
1811 1467 1905 1496 obser·
1930 1472 2031 1499 Derrimo

1060 1511 1180 1540 vandum
1211 1511 1338 1540 mandata
1368 1511 1415 1540 Dei
1441 1512 1605 1540 auctoritas
1635 1512 1807 1542 mandantis:
1839 1514 1904 1551 quia
1942 1498 2018 1515 'mmm'

1059 1558 1134 1587 Deus
1153 1562 1210 1592 est,
1225 1558 1272 1594 qui
1293 1558 1419 1591 mandat,
1434 1558 1575 1586 observari
1594 1563 1747 1595 praecepta.
1764 1560 1810 1588 Est
1830 1561 1902 1588 enim

1059 1612 1173 1641 magnae
1193 1603 1380 1637 auctoritatis;
1409 1604 1482 1640 quod
1504 1607 1578 1640 patet
1605 1612 1641 1633 ex
1670 1605 1774 1634 tribus:
1796 1606 2047 1642 primo,}³atiotrii›1e¹-

1059 1650 1124 1686 quia
1144 1650 1202 1686 ipse
1223 1657 1274 1678 sua
1303 1657 1402 1686 magna
1422 1650 1543 1686 potentia
1573 1658 1623 1679 nos
1644 1655 1724 1680 creat
1730 1662 1741 1685 ;
1765 1652 1901 1687 secundo,

1058 1696 1124 1733 quia
1144 1703 1194 1724 nos
1214 1703 1265 1724 sua
1285 1695 1355 1723 mira
1376 1696 1507 1732 sapientia
1528 1697 1599 1733 regit
1617 1700 1644 1725 et
1663 1697 1824 1734 9ubernat;
1846 1702 1900 1728 ter-

1059 1743 1109 1776 tio,
1130 1742 1196 1779 quia
1222 1749 1272 1770 sua
1292 1742 1423 1770 munifica
1450 1742 1639 1771 benevolentia
1666 1752 1715 1772 nos
1740 1743 1846 1773 salvat.
1861 1763 1899 1766 —

1059 1788 1149 1816 Primo
1169 1787 1242 1822 dico,
1263 1787 1337 1825 quod
1362 1788 1406 1817 ille
1434 1789 1481 1825 qui
1508 1789 1632 1823 mandat,
1654 1790 1794 1819 observari
1821 1799 1898 1820 man-
1915 1797 2000 1816 flaum-

1058 1834 1121 1862 data
1141 1834 1205 1869 Dei,
1226 1837 1267 1863 est
1287 1842 1401 1872 magnae
1421 1836 1607 1870 auctoritatis,
1635 1834 1701 1873 quia
1724 1845 1774 1865 sua
1801 1845 1899 1875 magna

1059 1881 1179 1918 potentia
1200 1889 1249 1910 nos
1270 1885 1366 1915 creat;
1388 1881 1470 1910 lob⁴z
1492 1882 1598 1911 Manus
1619 1886 1685 1912 tuae
1705 1882 1837 1921 fecerunt
1855 1894 1899 1913 rne

1059 1932 1085 1956 et
1101 1928 1324 1965 plasmaverunt
1347 1938 1391 1957 nie
1418 1933 1508 1958 toturn
1530 1930 1560 1958 in
1580 1930 1724 1963 circuitu,·
1745 1933 1772 1959 et
1799 1931 1899 1960 Deute-

1059 1975 1175 2004 ronomii
1206 1975 1369 2004 undecimo:
1403 1976 1487 2004 Oculi
1515 1977 1605 2005 vestri
1634 1977 1777 2005 viderunt
1800 1978 1899 2006 omnia

1059 2030 1147 2059 opera
1167 2030 1278 2060 mayna
1295 2022 1358 2056 Dei,
1379 2031 1454 2060 quae
1473 2022 1556 2061 fecit,
1578 2026 1610 2051 ut
1630 2023 1801 2052 custodiatis
1815 2032 1898 2053 man-

1058 2068 1130 2097 data
1150 2069 1220 2097 eius.

1136 2116 1162 2144 [ι.
1189 2116 1327 2150 Secundo,
1347 2120 1388 2145 est
1409 2125 1522 2154 magnae
1549 2118 1736 2153 auctoritatis,
1764 2119 1829 2156 quia
1849 2127 1899 2148 sua
1915 2124 1999 2143 Balioff-

1058 2162 1128 2190 mira
1148 2162 1281 2205 sapientia
1294 2171 1344 2191 nos
1360 2163 1512 2200 φαίνῃ-παι.
1528 2164 1603 2193 Unde
1624 2165 1689 2193 dicit
1704 2165 1784 2194 lsaias
1795 2166 1820 2194 ⁵:
1841 2166 1898 2203 Eyo

1060 2209 1217 2243 Dominus,
1239 2210 1341 2238 docens
1363 2214 1387 2238 te
1408 2210 1510 2245 utilia,
1534 2211 1703 2248 „catervans
1731 2217 1755 2241 te
1781 2213 1812 2241 in
1832 2213 1898 2247 via,

1057 2265 1116 2294 qua
1137 2256 1280 2285 ambulas.
1308 2257 1424 2286 Utinam
1452 2259 1621 2287 attendisses
1641 2260 1784 2288 mandata
1812 2261 1898 2289 mea!

1055 2301 1138 2340 facta
1158 2301 1263 2340 fuisset
1282 2303 1358 2331 sicut
1376 2303 1486 2340 flumen
1503 2313 1566 2341 paz·
1591 2308 1651 2333 tua.
1674 2306 1811 2335 psalmus:
1833 2306 1897 2335 Ser-

1056 2350 1126 2378 vavi
1145 2350 1288 2378 mandata
1309 2354 1361 2379 tua
1382 2354 1408 2379 et
1428 2351 1591 2380 testimonia
1612 2356 1682 2386 tua,·
1702 2353 1774 2390 quia
1801 2362 1897 2381 omnes

1058 2396 1120 2424 uiae
1140 2404 1220 2424 meae
1240 2397 1271 2424 in
1292 2401 1443 2434 conspectu
1465 2401 1522 2426 tuo.

1136 2443 1160 2470 5.
1177 2443 1281 2477 Tertio,
1296 2446 1337 2472 est
1350 2451 1464 2480 magnae
1477 2445 1664 2480 auctoritatis,
1685 2446 1750 2482 quia
1765 2454 1815 2474 sua
1835 2454 1896 2475 mu·
1913 2450 1966 2469 Ratio
1979 2451 1996 2469 3-

1057 2488 1137 2517 nitica
1151 2488 1339 2518 benevolentia
1353 2498 1402 2518 nos
1416 2490 1511 2518 salvat
1519 2501 1528 2523 ,·
1543 2490 1746 2520 Deuteronomii
1758 2491 1894 2521 deeimoss:

1058 2535 1093 2562 Et
1112 2543 1206 2568 nunc,
1228 2535 1337 2570 Israel,
1358 2536 1430 2574 quid
1446 2536 1516 2573 petit
1531 2537 1673 2565 Dominus
1694 2538 1771 2566 Deus
1791 2542 1860 2566 tuus
1873 2547 1893 2567 a

1056 2585 1097 2614 te,
1119 2581 1178 2609 nisi
1197 2585 1230 2609 ut
1250 2582 1352 2611 timeas
1378 2583 1531 2611 Dominu7n
1554 2583 1645 2611 Deum
1670 2588 1753 2612 taum
1780 2589 1806 2612 et
1832 2593 1895 2613 am-

1116 2771 1125 2784 ³
1142 2773 1172 2795 Ex
1190 2773 1206 2795 B
1223 2774 1382 2802 supplevimus
1396 2777 1523 2805 praecepta
1539 2774 1671 2803 observari,
1689 2778 1711 2797 et
1728 2775 1822 2798 interius
1839 2782 1891 2798 cum

1054 2812 1104 2839 ipso
1121 2811 1241 2839 posuimus
1257 2812 1363 2836 consistit
1380 2820 1422 2841 pro
1439 2815 1481 2837 est.
1705 2814 1709 2820 ‘

1115 2848 1125 2861 ⁴
1141 2847 1196 2876 cap.
1215 2850 1254 2876 l0,
1272 2850 1335 2872 8.—
1347 2852 1400 2880 Seq.
1416 2852 1479 2875 locus
1495 2855 1529 2874 est
1546 2852 1610 2874 Deut.
1629 2852 1669 2879 it,
1686 2852 1708 2874 7.
1725 2855 1747 2874 et
1764 2853 1786 2874 8.

1115 2887 1124 2900 ⁶
1140 2887 1194 2916 Cap.
1213 2888 1253 2917 48,
1271 2888 1310 2919 '¹72
1324 2892 1347 2912 et
1363 2890 1400 2912 48.
1411 2902 1441 2907 -
1453 2891 1507 2918 Seq.
1523 2891 1586 2912 locus
1599 2893 1633 2912 est
1650 2890 1684 2912 Ps.
1703 2890 1759 2917 its,
1778 2890 1829 2912 ⁴68.

1114 2925 1124 2939 ⁸
1141 2928 1207 2950 vers.
1224 2927 1260 2950 ⁴2.
1277 2931 1299 2950 et
1317 2928 1353 2951 13.
