2285 3398
259 1453 289 1473 Ad
303 1452 379 1477 opposi-

295 1479 341 1495 lum.

387 152 441 180 ⁴80

385 229 532 266 dienquue
553 227 760 256 concordiam
783 235 850 264 ergo
871 227 924 256 iuri
957 231 1073 257 naturae
1105 227 1235 264 competit

386 276 523 312 imperare
544 277 571 303 et
591 274 711 303 obedire.

465 322 490 349 6.
515 322 593 355 Item,
615 321 659 349 ius
680 321 806 350 naturale
826 320 925 362 dictat,
947 321 1064 358 gradum
1093 329 1152 349 esse
1177 327 1235 349 ser-

386 369 523 401 vandum,
551 380 563 393 «
578 367 659 405 quia,
681 367 702 396 si
724 370 816 397 essent
836 368 929 397 omnia
949 368 1088 405 aequalia,
1111 376 1165 396 non
1193 374 1235 395 es-

385 419 446 445 sent
467 415 580 444 omnia²
593 426 619 449 »;
642 415 689 444 ubi
710 418 804 444 autem
825 415 943 452 gradus,
965 415 1001 444 ibi
1023 418 1064 444 est
1085 413 1236 451 superiori-

385 466 426 491 tas
447 465 474 491 et
495 462 677 496 inse1·i01·itas;
701 462 748 491 sed
769 462 791 491 si
813 462 929 491 inferius
950 470 1003 491 non
1025 461 1165 491 subiaceat
1189 469 1235 490 su-

386 509 504 547 periori,
527 517 580 537 nou
603 512 732 538 servatur
753 509 871 547 gradus:
893 517 960 546 ergo
980 512 1031 537 etc.

465 557 490 584 7.
514 555 596 590 Item,
619 555 663 584 ius
690 558 807 585 naturae
831 555 915 584 dictat
936 555 1061 585 ordinem
1083 553 1236 583 hierarchi-

386 611 464 637 cum,
486 603 533 640 qui
555 603 695 632 descendit
715 611 732 631 a
753 611 862 632 summa
883 602 1039 632 hierarchia
1060 609 1109 638 per
1134 601 1236 638 angeli-

386 657 446 678 cam
461 657 551 687 usque
564 650 598 678 ad
613 650 763 679 humanam
775 650 803 684 ⁸;
818 650 865 679 sed
879 649 968 678 ordmi
984 648 1158 678 hierarchice
1172 656 1236 677 eon-

385 699 479 730 sonat,
500 696 575 734 quod
596 696 710 725 inferior
731 696 868 733 superiori
890 697 1075 733 obtemperat:
1096 703 1163 732 ergo
1183 698 1235 724 etc.

464 744 491 772 8.
514 743 595 777 Item,
617 743 661 772 ius
682 746 798 772 naturae
819 743 904 772 dictat
930 742 1070 772 «reddere
1084 742 1236 779 unicuique

387 790 461 828 quod
483 798 565 819 suum
587 791 690 824 est⁴»;
712 790 760 819 sed
782 790 870 819 honor
895 790 1018 819 maxime
1048 789 1166 818 debetur
1187 790 1236 818 ho-

388 837 455 866 mini
487 837 568 868 stanti
597 845 646 866 seu
668 837 695 866 in
716 839 790 866 statu
812 836 999 871 innocentiae;
1022 837 1112 865 honor
1142 839 1236 866 autem

386 883 537 913 exhibetur
558 883 678 917 homini,
700 883 767 912 dum
788 883 932 912 obeditur:
954 891 1020 921 ergo
1041 886 1092 913 etc.

467 931 492 959 9.
515 931 597 965 Item,
619 930 653 959 de
673 930 820 959 dictamine
841 930 908 967 Iegis
928 933 1045 960 naturae
1069 933 1111 960 est
1136 931 1235 968 «quod

387 986 535 1007 commune
556 980 597 1007 est
617 978 691 1018 apud
712 985 807 1006 omnes
818 978 830 995 ⁵
841 989 868 1012 »;
884 977 931 1007 sed
945 978 1076 1007 ominbus
1090 986 1236 1007 commune

387 1027 428 1053 est
450 1024 572 1062 regimen
594 1027 621 1053 et
642 1024 804 1062 imperium,
826 1024 883 1053 sive
904 1024 1039 1053 subiectio
1059 1027 1087 1053 et
1107 1024 1235 1053 obedien-

387 1072 438 1100 tia:
461 1079 527 1108 ergo
548 1074 598 1100 etc.

469 1120 512 1147 10.
536 1119 617 1152 Item,
632 1118 666 1147 de
680 1118 826 1147 dictamine
845 1118 914 1147 iuris
929 1118 1063 1148 naturalis
1083 1121 1140 1152 est,
1161 1117 1235 1155 quod

390 1166 473 1195 homo
494 1168 568 1196 totus
589 1165 697 1194 obediat
718 1165 817 1193 rationi
839 1168 930 1194 rectae
950 1165 978 1194 in
1000 1165 1066 1194 se⁶2
1088 1173 1155 1202 ergo
1176 1164 1235 1202 pari

388 1212 494 1242 ratione
515 1212 559 1240 ius
586 1215 702 1240 naturae
732 1212 831 1245 dictat,
853 1212 927 1249 quod
958 1212 1051 1241 minus
1082 1212 1189 1249 peritus
1209 1215 1236 1240 et

389 1259 519 1297 ignorans
539 1258 691 1287 obediendo
712 1258 852 1287 subiaceat
873 1259 959 1296 magis
980 1259 1069 1296 perito
1082 1262 1110 1287 et
1124 1258 1235 1288 scienti:

388 1314 455 1343 ergo
475 1306 601 1339 videtur,
623 1305 697 1342 quod
712 1305 795 1333 homo
808 1305 981 1342 obtemperet
1002 1306 1119 1339 homini,
1140 1313 1235 1334 conso-

389 1360 456 1381 num
478 1360 538 1381 esse
558 1352 612 1380 iuri
634 1352 763 1380 naturali.

469 1399 521 1427 Sao
543 1406 651 1427 CONTRA
667 1398 719 1426 hoc
733 1398 862 1426 obiicitur
877 1398 923 1427 sic.
943 1400 966 1426 1.
982 1399 1094 1427 GenesIs
1108 1399 1198 1436 prImo
1210 1399 1236 1426 ⁷:

395 1445 554 1475 Faciamus
576 1444 719 1473 lzmninmn
740 1445 780 1473 ad
801 1444 960 1482 imayz'rwm
978 1449 1003 1473 et
1016 1445 1238 1473 similz'cmlz'nem

390 1495 541 1526 nostra-m,
563 1495 588 1520 ec
605 1491 719 1529 praesit
738 1490 870 1528 piscibu-5
889 1491 985 1519 maris
999 1494 1067 1525 etc.;
1083 1499 1167 1528 super
1182 1499 1238 1528 quo

390 1539 476 1569 verbo
497 1539 563 1568 dicit
584 1538 754 1575 Augustinus
774 1538 881 1567 decimo
902 1546 974 1566 nono
994 1538 1028 1567 de
1041 1538 1156 1566 CiVitate
1176 1537 1237 1566 Dei:

394 1599 407 1612 α
422 1586 589 1616 Rationalem
612 1585 752 1615 hominem
773 1585 807 1613 ad
828 1584 875 1614 Dei
898 1584 1044 1622 imaginem
1067 1585 1169 1614 sactum
1191 1585 1239 1613 do-

390 1634 489 1663 minari
511 1633 600 1662 noluit
627 1633 701 1662 Deus
728 1632 779 1661 nisi
809 1631 1016 1661 irrationalibus
1027 1643 1055 1666 »;
1077 1631 1124 1661 sed
1145 1631 1179 1660 de
1199 1631 1240 1660 di-

388 1680 505 1710 ctamine
527 1682 642 1709 naturae
662 1682 719 1713 est,
734 1679 809 1716 quod
830 1679 1026 1721 homoqservet
1039 1678 1239 1707 institutionem

389 1727 525 1757 divinam:
542 1735 608 1764 ergo
622 1726 676 1755 iuri
692 1726 810 1755 naturali
825 1729 972 1760 consonat,
994 1725 1068 1763 quod
1083 1726 1167 1755 homo
1184 1733 1239 1754 non

390 1774 508 1812 imperet
530 1773 649 1807 homini,
665 1781 715 1802 nec
730 1781 804 1802 unus
823 1772 975 1801 obediendo
996 1772 1137 1801 subiaceat
1150 1772 1238 1801 alteri.

469 1822 496 1850 2.
519 1821 602 1854 Item,
623 1819 810 1857 Gregoriusss:
837 1819 963 1848 «Omnes
995 1820 1120 1849 homines
1141 1822 1241 1848 natura

393 1867 457 1897 fecit
477 1867 606 1904 aequales
617 1878 644 1894 »ς
660 1874 726 1903 ergo
747 1866 791 1895 ius
805 1869 922 1895 naturae
935 1866 1020 1895 dictat
1034 1866 1240 1903 aequalitatem

392 1914 439 1943 sed
460 1914 508 1943 ubi
531 1913 696 1950 aequalitas,
716 1913 794 1942 nulla
814 1915 856 1942 est
882 1913 919 1942 ibi
949 1913 1131 1950 superioritas
1151 1916 1179 1941 et
1199 1913 1240 1941 in-

391 1960 545 1994 ferioritas;
567 1960 614 1989 sed
635 1959 789 1989 obedientia
808 1959 874 1989 dicit
894 1960 1117 1997 superioritatem
1132 1962 1160 1990 et
1174 1959 1240 1988 inse-

392 2006 560 2035 rioritatem:
582 2014 648 2043 ergo
668 2009 718 2035 etc.

457 2230 465 2244 ¹
483 2232 594 2260 August.,
612 2232 673 2254 XIX.
690 2232 719 2254 de
735 2231 784 2254 Civ.
802 2231 855 2259 Dei,
873 2238 893 2254 c.
911 2232 952 2254 ⁴3:
971 2232 1015 2255 Pax
1035 2233 1119 2255 domus
1136 2232 1241 2255 ordinata

394 2270 524 2299 imperandi
542 2273 611 2299 atque
628 2269 753 2293 obediendi
771 2271 894 2294 concordia
907 2270 1097 2294 cohabitantium.
1106 2283 1139 2288 —
1149 2271 1183 2293 De
1193 2277 1242 2294 ma-

392 2309 439 2333 iori
455 2310 496 2332 cfr.
512 2315 583 2337 supra
600 2315 654 2337 pag.
672 2309 713 2336 46,
724 2306 785 2332 'nota
802 2310 824 2332 3.

456 2347 465 2361 ⁹
482 2349 511 2371 Ut
528 2349 559 2371 ait
575 2348 685 2377 August„
702 2349 731 2370 83
749 2349 793 2377 Qq.
809 2355 833 2378 q.
851 2348 893 2376 41,
909 2355 981 2377 supra
1001 2355 1056 2377 pag.
1074 2349 1131 2377 ⁴24,
1148 2352 1202 2372 nota
1220 2349 1242 2372 5.

395 2389 515 2416 allegatus.
529 2399 561 2405 —
578 2388 611 2410 De
628 2387 722 2410 notione
738 2386 829 2417 aradus
846 2387 901 2411 vide
917 2388 933 2410 1.
951 2388 1013 2410 Seut.
1029 2388 1054 2411 d.
1070 2388 1108 2412 25.
1124 2388 1181 2411 dub.
1197 2388 1219 2410 4.

455 2425 465 2439 ⁸
483 2426 530 2450 Cir.
547 2427 654 2454 Dionys„
671 2426 701 2449 de
718 2425 816 2449 Caelest.
832 2426 950 2449 Hierarch.
967 2432 987 2449 e.
1004 2427 1025 2449 3.
1043 2429 1065 2449 et
1082 2427 1108 2454 43
1125 2433 1146 2449 c.
1158 2427 1180 2449 8.
1191 2426 1205 2455 S
1217 2428 1242 2454 2,

394 2472 414 2488 c.
426 2466 467 2493 ⁴0,
477 2466 507 2489 de
516 2465 644 2488 Ecclesiast.
653 2465 770 2488 Hierarch.
779 2471 799 2488 c.
809 2465 830 2487 ⁴.
839 2468 861 2487 et
870 2471 890 2487 c.
899 2465 922 2488 5.
934 2464 948 2493 S
960 2465 982 2488 4.
993 2465 1053 2488 Vide
1063 2466 1131 2489 etiam
1144 2466 1168 2489 II.
1179 2466 1243 2489 Sent.

393 2505 417 2527 d.
434 2505 455 2527 9.
473 2505 619 2532 Praenotata,
637 2507 659 2527 et
676 2504 732 2527 ibid.
748 2510 803 2532 pag.
820 2504 862 2531 28,
880 2506 933 2526 nota
952 2505 972 2526 3.

456 2542 465 2555 ⁴
484 2544 517 2566 De
534 2544 577 2566 hac
593 2542 696 2566 iustitiae
708 2543 842 2565 definitione
853 2543 895 2565 cfr.
906 2545 962 2565 tom.
974 2543 1006 2565 Ill.
1018 2549 1072 2571 pag.
1083 2543 1129 2566 728
1137 2561 1142 2571 ,
1154 2546 1208 2566 nota
1222 2544 1241 2566 ⁴.

458 2580 468 2593 ⁶
485 2582 618 2605 Secundum
635 2582 728 2609 Boeth.,
739 2582 770 2604 de
781 2581 910 2604 Divisione:
927 2581 983 2603 Nam
1000 2582 1065 2610 quod
1081 2583 1145 2610 apud
1161 2589 1243 2605 omnes

397 2621 459 2643 idern
484 2624 519 2643 est
543 2623 639 2644 naturae
662 2624 697 2644 est
721 2624 765 2644 ew.
789 2620 837 2643 Csr.
852 2622 909 2643 tom.
926 2620 963 2642 IV.
980 2627 1033 2648 pag.
1053 2621 1094 2648 14,
1111 2624 1165 2645 nota
1182 2622 1205 2645 5.
1221 2624 1244 2644 et

394 2666 449 2688 pag.
467 2660 524 2687 436,
541 2663 595 2683 nota
612 2661 633 2683 2.

458 2697 467 2711 ⁶
486 2700 589 2727 Aristot.,
606 2700 630 2722 Il.
647 2699 719 2722 Ethic.
737 2705 758 2721 c.
774 2700 801 2721 2:
819 2698 895 2726 Agere
911 2698 980 2726 igitur
1004 2699 1133 2721 secundum
1155 2702 1241 2722 rectam

396 2738 508 2761 rationem
526 2745 650 2761 commune
667 2737 801 2769 [omnium]
818 2739 860 2760 est.

457 2775 466 2788 ⁷
484 2777 550 2799 Vers.
573 2778 611 2799 26.
634 2789 665 2793 —
683 2776 760 2799 Verba
782 2776 880 2804 August.
902 2775 996 2797 inferius
1018 2776 1107 2803 allegati
1130 2776 1243 2799 habentur

396 2816 457 2838 XIX.
474 2816 504 2838 de
520 2815 570 2838 Civ.
588 2816 636 2843 Dei,
653 2822 674 2838 c.
692 2816 728 2838 ⁴5.
996 2838 998 2841 .

458 2852 468 2866 ⁸
487 2854 548 2877 Libr.
565 2855 626 2877 XXI.
643 2856 720 2877 Moral.
737 2861 757 2877 c.
777 2854 812 2876 ⁴5.
830 2860 854 2876 n.
871 2853 909 2875 22.
926 2852 972 2875 Csr.
990 2854 1044 2874 tom.
1061 2853 1085 2875 II.
1102 2860 1157 2882 pag.
1176 2854 1242 2882 ⁴007,

396 2895 450 2915 nota
468 2893 490 2915 6.
1125 2900 1127 2904 ’

459 2929 469 2942 ⁹
486 2930 541 2954 Can.
559 2932 591 2954 De
608 2930 871 2961 Constantinopolitana
883 2929 938 2959 (4.),
950 2929 990 2958 qui
1003 2932 1093 2952 sumtus
1104 2934 1139 2953 est
1149 2937 1177 2954 ex
1189 2931 1243 2954 dua-

1035 149 1260 186 QUAESTIONES
1280 149 1481 178 DISPUTATAE

1370 226 1396 255 3.
1420 226 1499 259 Item,
1522 227 1652 264 vigesima
1673 229 1793 257 secunda
1813 230 2024 259 distinctione⁹z
2044 232 2137 261 «Cum

1292 273 1374 310 culpa
1394 282 1448 302 non
1470 274 1572 311 exigit,
1588 282 1682 303 omnes
1704 275 1856 306 secundum
1879 277 2013 306 rationem
2027 278 2138 307 humili-

1292 319 1354 349 tatis
1375 321 1504 358 aequales
1525 329 1623 350 sumus
1634 332 1661 355 »ς
1683 321 1731 350 sed
1752 321 1778 350 in
1800 325 1874 351 statu
1896 325 2011 351 naturae
2030 324 2138 352 institu-

1292 369 1335 395 tae
1356 367 1433 396 nulla
1453 367 1550 396 suisset
1571 368 1667 404 culpa:
1689 376 1755 405 ergo
1776 368 1872 397 suisset
1892 368 2058 405 aequalitas,
2073 377 2139 406 ergo

1292 413 1368 442 nulla
1389 414 1486 443 fulsset
1506 414 1638 451 praelatio
1660 422 1710 442 nec
1730 414 1879 443 subiectio:
1902 422 1968 451 ergo
1989 417 2039 443 etc.

1371 460 1397 488 4.
1422 461 1499 494 Item,
1521 461 1564 490 ius
1586 464 1702 490 naturae
1723 460 1816 495 dictat,
1831 461 2000 498 diym‘tatem
2015 461 2140 498 imaginis

1292 515 1352 535 esse
1373 508 1552 542 servandam;
1575 508 1622 537 sed
1642 508 1733 545 imago
1754 511 1796 536 est
1823 507 1979 537 immediate
2000 516 2016 536 a
2037 508 2093 537 Deo
2113 511 2140 537 et

1292 553 1341 582 soli
1364 554 1420 582 Deo
1441 554 1579 589 subiecta,
1601 555 1682 592 quia,
1710 555 1811 583 «nulla
1840 555 2003 592 interposita
2023 557 2139 589 natura,

1292 608 1308 628 a
1329 600 1419 636 prima
1450 601 1570 630 Veritate
1601 601 1738 630 formatur
1750 601 1811 629 ¹⁰»z
1833 609 1899 639 ergo
1921 601 2045 635 videtur,
2073 602 2140 636 hoe,

1292 646 1367 684 quod
1388 647 1471 675 homo
1492 648 1631 677 subiaceat
1651 648 1803 677 obediendo
1824 648 1942 683 homini,
1964 656 2024 678 esse
2045 652 2141 678 contra

1291 693 1452 730 dignitatem
1474 693 1606 731 imaginis.

1373 741 1398 769 5.
1422 741 1501 775 Item,
1514 737 1569 770 'lex
1591 745 1706 771 naturae
1719 742 1820 776 dictat,
1836 742 1994 771 libertatem
2008 750 2067 771 esse
2083 750 2140 775 ser-

1292 787 1426 821 vandam;
1456 787 1503 816 sed
1532 788 1649 817 liberum
1681 789 1829 817 arbitrium
1858 789 2009 826 aequaliter
2040 792 2081 818 est
2113 789 2141 818 in

1291 834 1473 863 omnibus¹¹:
1495 842 1561 872 ergo
1589 836 1741 873 aequaliter
1770 836 1882 865 libertas
1903 836 1931 864 in
1952 836 2080 866 omnibus
2100 839 2142 865 est

1292 881 1435 911 servanda.
1458 881 1509 910 Sed
1531 882 1577 910 ubi
1600 882 1733 911 subiectio
1747 886 1774 911 et
1788 882 1957 917 obedientia,
1972 891 2026 912 non
2040 891 2142 920 aequa-

1292 928 1325 957 lis
1346 928 1473 957 libertas:
1495 937 1562 965 ergo
1582 932 1633 958 etc.

1372 977 1396 1004 6.
1421 976 1502 1009 item,
1524 976 1567 1005 ius
1589 980 1704 1006 naturae
1725 977 1823 1011 dictat,
1843 976 1994 1005 caritatem
2010 984 2069 1006 esse
2084 985 2143 1005 ser-

1293 1023 1426 1057 vandam;
1448 1023 1495 1052 sed
1517 1023 1618 1053 caritas
1638 1024 1702 1053 facit
1716 1024 1862 1058 unionem,
1878 1024 2097 1053 conformitatem
2115 1026 2143 1053 et

1292 1070 1486 1107 aequalitatem
1499 1071 1537 1098 ¹²:
1559 1079 1626 1108 ergo
1646 1071 1738 1108 privat
1765 1079 1874 1100 omnem
1897 1070 2094 1100 subiectionem
2115 1073 2143 1100 et

1292 1117 1557 1154 superpositionem:
1580 1126 1646 1155 ergo
1666 1122 1717 1147 etc.

1372 1165 1397 1192 7.
1422 1164 1503 1198 Item,
1523 1165 1597 1202 quod
1617 1165 1661 1194 lex
1684 1168 1800 1194 naturae
1824 1164 1909 1193 dictat
1929 1172 2038 1202 semper
2060 1164 2144 1193 habet

1292 1219 1351 1239 esse
1362 1214 1528 1248 perpetuum
1539 1222 1544 1245 ;
1557 1211 1605 1241 sed
1619 1212 1709 1240 omnis
1723 1212 1858 1241 subiectio
1873 1215 1900 1240 et
1913 1211 2068 1241 obedientia
2079 1219 2142 1241 eva-

1292 1257 1431 1291 cuabitur,
1450 1258 1516 1294 quia
1536 1258 1642 1295 primae
1656 1258 1690 1287 ad
1704 1258 1861 1287 Corinthios
1878 1258 1984 1287 decimo
1995 1258 2142 1296 ‚quinto¹³:

1294 1304 1368 1332 Cum
1395 1305 1581 1333 evacuaverit
1604 1305 1795 1342 priiwz'patas
1816 1307 1881 1339 etc.;
1909 1305 2019 1334 Glossa:
2046 1305 2143 1334 «Dum

1292 1350 1376 1379 durat
1383 1351 1514 1385 mundus,
1526 1351 1651 1380 homines
1662 1352 1821 1380 bominibus
1832 1355 1999 1389 praesuntn:
2011 1359 2078 1388 ergo
2091 1354 2142 1380 etc.

1373 1398 1399 1426 8.
1423 1398 1502 1432 Item,
1524 1398 1545 1426 si
1569 1399 1614 1427 lex
1637 1402 1753 1428 naturae
1778 1399 1862 1428 dictat
1887 1407 1976 1427 unum
2002 1398 2143 1427 correlati—

1294 1453 1407 1478 vorum,
1423 1445 1507 1474 dictat
1528 1448 1555 1474 et
1577 1445 1716 1482 reliquum
1730 1447 1765 1474 ¹⁴¹:
1788 1454 1854 1483 ergo
1869 1446 1891 1474 si
1906 1445 1991 1474 dictat
2005 1452 2064 1474 esse
2078 1444 2143 1473 obe-

1294 1491 1445 1525 diendum„
1461 1492 1545 1520 dictat
1566 1492 1647 1520 etiam
1671 1492 1880 1529 imperandum:
1903 1500 1969 1529 ergo
1997 1492 2068 1521 sicut
2096 1500 2144 1529 po-

1295 1540 1347 1566 test
1377 1538 1468 1574 appeti
1500 1539 1612 1568 obedire
1643 1542 1670 1567 et
1701 1539 1814 1568 subesse
1843 1539 1902 1568 sine
1930 1542 2057 1576 peccato,
2084 1539 2144 1576 pari

1295 1584 1401 1612 ratione
1429 1587 1456 1613 et
1482 1585 1572 1621 appeti
1598 1586 1700 1622 poterit
1721 1585 1858 1622 imperare
1886 1589 1913 1614 et
1934 1594 2070 1623 praeesse.
2093 1585 2145 1615 Sed

1296 1631 1348 1659 hoc
1369 1634 1411 1659 est
1439 1631 1538 1659 salsum
1566 1635 1594 1660 et
1615 1632 1824 1661 inconveniens:
1845 1641 1912 1669 ergo
1943 1636 1970 1661 et
2001 1632 2081 1667 illud,
2108 1640 2144 1661 ex

1296 1686 1352 1715 quo
1373 1677 1515 1714 sequitur:
1538 1686 1603 1715 ergo
1625 1678 1671 1707 lex
1693 1681 1809 1707 naturae
1830 1687 1883 1707 non
1899 1679 1983 1708 dictat
1998 1680 2144 1716 imperare,

1295 1732 1327 1753 ac
1348 1732 1398 1762 per
1420 1724 1472 1753 hoc
1493 1733 1543 1754 nec
1564 1725 1646 1754 etiam
1667 1725 1787 1754 obedire.

1376 1773 1401 1800 9.
1425 1772 1504 1806 Item,
1528 1772 1573 1801 lex
1595 1774 1711 1801 naturae
1738 1771 1837 1805 dictat,
1859 1772 1992 1800 honorem
2020 1772 2144 1800 debitum

1296 1819 1352 1848 Deo
1373 1818 1441 1848 nulli
1463 1818 1508 1847 alii
1530 1827 1589 1848 esse
1614 1818 1784 1847 reddendum
1797 1817 1835 1852 ¹⁵;
1858 1817 1905 1847 sed
1926 1818 2015 1847 honor
2036 1817 2145 1846 debitus

1296 1865 1353 1894 Deo
1374 1866 1525 1894 exhibetur
1546 1865 1698 1895 obediendo
1718 1868 1746 1894 et
1759 1865 1988 1902 obtemperando:
2003 1872 2070 1902 ergo
2084 1864 2145 1893 obe-

1296 1912 1360 1941 dire
1380 1915 1422 1941 est
1443 1912 1491 1941 soli
1514 1912 1570 1941 Deo
1592 1912 1779 1946 reddendum,
1802 1919 1856 1940 non
1877 1919 1943 1949 ergo
1964 1911 2078 1940 homini.

1379 1960 1421 1987 10.
1446 1950 1527 1993 Item,
1554 1959 1600 1988 lex
1625 1959 1760 1988 naturalis
1787 1961 1829 1988 est
1858 1958 2101 1996 impressidsacta
2129 1966 2146 1987 a

1297 2006 1355 2043 lege
1376 2009 1489 2037 aeterna
1501 2006 1539 2040 16;
1561 2006 1609 2035 sed
1630 2005 1676 2034 illa
1697 2006 1841 2043 impressio
1862 2008 1954 2034 movet
1975 2006 2096 2034 animam
2117 2005 2145 2034 in

1298 2231 1342 2253 bus
1359 2231 1460 2259 epistolis
1477 2231 1593 2259 Gregorii,
1606 2230 1677 2253 verba
1690 2231 1726 2253 hic
1739 2231 1834 2258 allegata
1847 2229 1995 2252 inveniuntur
2008 2229 2031 2251 in
2042 2229 2081 2252 IX.
2096 2229 2146 2257 Epi-

1298 2271 1423 2301 stularum,
1441 2270 1507 2298 epist.
1524 2270 1563 2292 59.
1580 2270 1645 2299 (alias
1662 2269 1718 2299 65.).

1362 2307 1382 2321 ¹⁰
1398 2309 1509 2337 August„
1527 2309 1555 2331 83
1573 2309 1617 2337 Qq.
1635 2315 1659 2337 q.
1676 2309 1712 2331 5⁴.
1731 2315 1754 2331 n.
1771 2309 1794 2331 2.
1811 2307 1833 2330 4.
1848 2310 1871 2329 et
1887 2307 1917 2329 de
1934 2306 2019 2335 Spiritu
2035 2309 2057 2329 et
2069 2305 2146 2328 anima

1300 2348 1368 2377 (inter
1384 2354 1456 2376 opera
1473 2347 1580 2376 August.)
1598 2354 1618 2370 c.
1637 2348 1673 2370 ⁴⁴.
1689 2347 1735 2370 Cfr.
1753 2350 1809 2370 tom.
1825 2346 1849 2369 II.
1865 2352 1921 2383 pag.
1938 2345 1980 2373 45,
1997 2348 2051 2368 uota
2068 2345 2089 2367 5.

1363 2385 1380 2398 ¹¹
1399 2387 1433 2409 De
1449 2393 1496 2415 quo
1513 2386 1568 2409 vide
1585 2387 1609 2409 ll.
1626 2386 1689 2409 Sent.
1705 2386 1729 2409 d.
1746 2386 1783 2408 25.
1800 2392 1823 2414 p.
1840 2385 1865 2408 n.
1881 2391 1905 2413 q.
1922 2384 1944 2407 ⁴.
1960 2396 1992 2401 —
2008 2384 2100 2411 lsidor„
2117 2384 2146 2407 V.

1299 2426 1431 2454 Etymolog.
1448 2432 1467 2447 e.
1486 2425 1508 2448 4.
1524 2432 1548 2447 η.
1566 2426 1586 2448 1.
1603 2425 1633 2447 ad
1651 2425 1686 2448 ius
1703 2425 1805 2447 naturale
1821 2424 1936 2453 pertinere
1953 2423 2019 2451 dicit,
2036 2422 2101 2452 quod
2117 2423 2147 2446 sit

1303 2464 1428 2488 «omnium
1445 2470 1491 2486 una
1508 2463 1631 2486 libertas».
1646 2476 1647 2479 =
1896 2473 1898 2475 ·

1363 2502 1382 2516 ¹⁹
1400 2503 1507 2531 Dionys„
1525 2503 1554 2526 de
1571 2503 1622 2526 Div.
1640 2503 1706 2526 Nom.
1723 2509 1743 2525 c.
1762 2502 1783 2526 4.
1799 2502 1813 2531 g
1831 2502 1872 2524 ⁴5:
1889 2502 2022 2523 Amorem...
2033 2501 2145 2524 unitivam

1299 2543 1418 2572 quandam
1436 2545 1458 2565 et
1475 2543 1631 2565 concretivam
1649 2542 1803 2571 intelligemus
1819 2542 1936 2564 virtutem.

1363 2580 1382 2594 ¹³
1400 2582 1466 2604 Vers.
1483 2581 1525 2603 24:
1543 2580 1601 2604 Cum
1618 2581 1767 2604 evacuaverit
1783 2586 1877 2603 omnem
1894 2578 2049 2607 principatum
2060 2580 2146 2600 etc.—

1299 2622 1437 2648 DeGIossa,
1449 2626 1510 2649 quae
1526 2623 1561 2643 est
1576 2620 1701 2643 ordimm'a
1719 2620 1783 2648 apud
1800 2618 1907 2641 strabum
1924 2620 1947 2640 et
1962 2617 2093 2655 hymnum,
2104 2618 2146 2640 cir.

1299 2661 1402 2688 Haymo,
1420 2659 1442 2682 in
1461 2660 1523 2682 hunc
1540 2660 1596 2686 Ioc.,
1613 2663 1635 2683 et
1651 2660 1711 2682 Petr.
1727 2657 1866 2685 Lombard.‚
1881 2657 1905 2679 II.
1922 2656 1985 2678 Sent.
2001 2656 2024 2678 d.
2042 2655 2079 2678 VI.
2091 2661 2111 2678 c.
2123 2655 2145 2678 4.

1299 2699 1395 2722 Inferius
1413 2698 1435 2721 in
1453 2704 1517 2726 corp.
1528 2701 1623 2727 quaest.
1639 2699 1720 2721 GIossa
1736 2697 1826 2726 plenior
1843 2696 1918 2718 datur.

1363 2736 1382 2749 ¹⁴
1399 2737 1457 2766 Quia
1474 2737 1603 2760 secundum
1621 2737 1723 2764 Ariston,
1740 2736 1770 2759 de
1785 2734 1926 2763 Praedicam.
1943 2739 1964 2756 e.
1980 2733 2010 2756 de
2027 2733 2068 2757 His
2085 2740 2146 2764 quae

1299 2776 1331 2800 ad
1346 2775 1451 2806 aliquid,
1470 2775 1565 2798 relativa
1583 2776 1651 2799 simul
1668 2778 1722 2798 sunt
1737 2777 1826 2798 natura.

1363 2813 1383 2827 ¹⁵
1400 2814 1445 2837 Cn‘.
1462 2820 1533 2843 supra
1550 2821 1605 2843 pag.
1623 2814 1680 2841 124,
1698 2816 1751 2836 nota
1768 2813 1790 2836 2.

1363 2852 1383 2866 ¹⁸
1400 2854 1483 2876 Psalm.
1501 2853 1527 2881 4,
1544 2853 1571 2876 7;
1589 2854 1709 2882 Signatum
1721 2855 1836 2880 estsuper
1853 2856 1895 2873 nos
1910 2850 1989 2872 lumen
2006 2850 2084 2873 vultus
2101 2850 2144 2877 tui,

1253 2909 1255 2913 .
1299 2893 1404 2915 Domine.
1420 2892 1467 2915 Cfr.
1483 2893 1550 2915 Rom.
1567 2893 1594 2920 2,
1612 2892 1648 2915 14.
1665 2898 1715 2920 seq.
1730 2893 1753 2913 et
1769 2890 1848 2912 Glossa
1868 2887 1993 2912 ordmarz'a
2016 2887 2084 2915 ibid.;
2101 2893 2144 2910 nec

1299 2938 1345 2955 uon
1364 2931 1458 2954 inferius
1474 2931 1615 2960 principium
1632 2936 1697 2960 corp.
1713 2930 1803 2956 quaest.
