2285 3398
319 89 374 117 164

316 174 379 194 rum
399 168 485 199 esset,
508 167 547 193 tot
576 165 701 194 homines
721 165 862 199 damnari;
891 169 919 195 et
939 167 1054 204 impium
1084 168 1161 196 valde

315 212 424 240 videtur
454 211 561 245 dicere,
593 211 667 248 quod
688 212 779 240 clerici
811 212 899 241 bonae
929 213 1049 243 indolis¹
1071 214 1161 243 studio

314 258 469 287 litterarum
492 257 622 286 continuo
642 257 826 292 intendentes,
848 259 870 288 si
892 262 957 288 sunt
977 268 1114 297 pauperes
1135 263 1162 288 et

314 305 413 338 fortes,
435 304 509 341 quod
530 304 564 332 ad
584 312 669 341 opera
690 305 829 333 manualia
850 305 904 334 sint
924 306 1038 335 astricti.

397 352 438 379 1⁹2.
462 350 497 378 Ad
521 350 587 379 illud
602 351 677 388 quod
691 351 820 380 obiicitur
841 352 874 381 de
890 353 1047 387 monachis,
1069 353 1160 381 dicen-

172 405 200 433 ορ
209 405 304 424 monachis
313 398 396 431 dum,
418 397 492 434 quod
513 397 639 426 monachi
666 398 911 436 regulares-aliqui
927 399 1030 428 liabent
1051 399 1078 427 in
1096 406 1160 435 pro-

188 434 208 448 m
221 433 295 452 gum*
315 444 431 473 sessione
452 446 479 472 et
500 446 564 472 voto
585 443 706 472 laborem
729 445 901 479 manualem,
922 445 1007 482 aliqui
1029 453 1095 473 vero
1110 444 1160 472 rni-

186 498 261 525 rriplex
273 498 301 516 di·
313 491 393 519 nime.
417 489 494 518 Ratio
515 498 582 519 vero
610 490 695 519 liuius
715 494 756 520 est
784 491 929 520 diversitas
956 491 1159 528 professionum

173 524 301 564 ssffisssssff
312 546 347 566 ex
376 540 455 574 parte
477 541 655 574 temporum,
681 546 880 574 personarum
908 541 935 566 et
960 538 1159 566 intentionum.

196 592 221 610 El
235 593 287 615 parte
313 599 348 604 —-
364 583 404 611 Ex
426 586 505 620 parte
527 587 706 620 temporum:
729 583 795 620 quia
822 584 895 612 circa
921 587 1045 620 tempora
1066 583 1160 620 primi-

188 616 298 638 ”mpmm'
312 630 383 658 tivae
405 630 540 659 Ecclesiae
565 633 686 667 quatuor
714 633 794 659 erant
815 638 917 667 genera
945 630 1160 664 monachorum,

311 677 384 705 sicut
403 676 547 713 distinguit
568 676 666 705 beatus
687 676 849 705 Benedictus
870 677 897 705 in
919 676 1054 713 principio
1079 684 1161 713 regu-

311 723 353 752 lae
368 731 434 752 suae
445 723 466 757 ²,
481 723 584 752 scilicet
598 723 773 757 coenobitae,
792 723 990 757 anachoretae,
1009 722 1161 751 sarabaitae

311 772 339 799 et
359 770 499 807 gyrovagi.
522 769 603 798 Primi
626 772 706 798 erant
727 769 800 803 boni,
822 769 935 798 secundi
954 769 1066 806 optimi,
1088 769 1160 798 tertii

310 817 392 851 mali,
413 819 441 845 et
461 816 554 854 quarti
576 816 696 852 pessimi.
718 815 802 844 Tertii
833 815 906 844 enim
928 820 955 845 et
986 817 1079 854 quarti
1107 824 1161 845 non

311 863 485 892 ducebantur
506 863 572 900 iugo
585 863 695 900 aliquo,
718 863 764 892 sed
779 862 932 892 secundum
955 864 1083 901 proprias
1097 871 1161 892 con-

311 910 494 947 cupiscentias
508 910 701 939 ambulabant:
718 910 871 940 sarabaitae
884 911 1056 940 intendentes
1071 910 1160 944 carni,

311 957 442 994 gyrovagi
457 956 604 985 mutabiles
617 959 645 985 et
659 957 814 993 vagabundi
829 961 857 986 et
870 958 903 986 ad
918 958 1010 986 onmia
1028 958 1100 986 mala
1114 966 1160 994 pa-

310 1003 372 1032 rati.
395 1003 525 1037 Secundi,
547 1003 650 1032 scilicet
671 1003 868 1038 anachoretae,
892 1004 987 1041 regula
1014 1012 1069 1033 non
1091 1003 1160 1032 indi-

310 1050 425 1087 gebant,
447 1049 513 1086 quia
544 1052 675 1087 tanquam
704 1050 893 1086 perfectissimi
923 1050 1123 1087 regulabantur
1144 1058 1161 1078 a

310 1096 406 1133 gratia.
426 1095 524 1124 Primis
537 1095 633 1124 debuit
647 1096 744 1132 regula
757 1096 830 1130 dari,
847 1099 878 1125 ut
892 1096 1130 1133 distinguerentur
1144 1104 1161 1124 a

310 1142 456 1180 gyrovagis
476 1145 503 1171 et
518 1143 677 1176 sarabaitis;
698 1146 726 1171 et
749 1143 915 1172 conveniens
938 1143 1005 1177 fuit,
1028 1151 1062 1171 ne
1086 1151 1160 1171 com-

311 1189 482 1226 pellerentur
510 1189 636 1217 exterius
656 1189 748 1222 exire,
776 1189 810 1217 ad
838 1189 959 1218 laborem
987 1189 1159 1226 corporalem

312 1243 358 1264 eos
379 1235 503 1272 astringi.
525 1235 601 1263 Unde
619 1235 788 1272 Augustinus
809 1235 837 1263 in
852 1235 923 1264 libro
943 1235 977 1264 de
998 1235 1088 1272 Opere
1102 1244 1160 1264 mo-

313 1281 491 1310 nachorum³
519 1280 572 1309 ait:
600 1293 613 1305 «
634 1281 832 1310 Callidissimus
860 1281 947 1310 hostis
972 1285 1026 1310 tam
1058 1282 1161 1310 inultos

313 1328 472 1365 hypocritas
489 1327 542 1356 sub
563 1327 660 1356 habitu
675 1328 875 1357 monachorum
897 1337 1099 1366 usquequaque
1119 1328 1160 1357 di-

312 1375 427 1412 spersit,
450 1375 655 1403 circumeuntes
682 1375 853 1412 provincias,
882 1384 1020 1413 nusquam
1046 1376 1159 1409 missos,

312 1428 451 1458 nusquam
479 1421 567 1454 fixos,
588 1429 728 1458 nusquam
756 1420 875 1455 stantes}
896 1430 1034 1459 nusquam
1064 1422 1159 1451 seden-

311 1470 352 1496 tes
366 1479 393 1495 n.
416 1467 447 1495 Et
468 1470 544 1504 post:
571 1479 584 1492 «
598 1467 692 1495 Nonne
720 1467 835 1496 calescit
855 1476 906 1496 cot·
929 1472 1057 1496 vestrum
1079 1469 1160 1497 intra

310 1522 377 1548 vos,
399 1517 426 1543 et
447 1514 475 1542 in
496 1514 679 1542 meditatione
700 1518 792 1543 vestra
816 1515 979 1543 exardescit
1006 1516 1100 1553 tynis,
1129 1518 1161 1544 ut

312 1562 428 1590 istorum
450 1561 521 1589 mala
535 1569 619 1597 opera
640 1561 719 1589 bonis
733 1561 866 1598 operibus
886 1562 1107 1598 persequamini,
1129 1565 1161 1591 ut

312 1608 352 1636 eis
372 1607 521 1644 amputetis
541 1607 712 1636 occasionem
728 1608 853 1644 turpium
875 1608 1077 1642 nundinarum,
1098 1608 1160 1645 qui-

312 1654 365 1683 bus
385 1654 538 1682 aestimatio
559 1656 651 1682 vestra
672 1654 799 1688 laeditur,
821 1656 848 1682 et
872 1654 990 1682 infirmis
1010 1654 1160 1683 offendicu-

313 1701 370 1729 lum
402 1700 539 1737 ponitur?
571 1700 735 1729 Miseremini
766 1708 832 1736 ergo
863 1703 890 1729 et
917 1701 1103 1737 compatimini
1134 1704 1162 1730 et

313 1746 447 1776 ostendite
468 1747 642 1781 hominibus,
664 1755 718 1775 non
740 1755 789 1775 vos
810 1747 837 1775 in
858 1747 914 1775 otio
929 1747 1034 1776 facilem
1057 1747 1160 1777 victum

313 1802 464 1831 quaerere,
486 1794 533 1823 sed
555 1802 604 1830 per
625 1797 771 1830 angustam
793 1797 820 1822 et
840 1796 946 1822 arctam
977 1794 1048 1822 viam
1077 1794 1162 1824 huius

314 1840 445 1877 propositi
478 1848 595 1877 regnum
624 1840 671 1868 Dei
692 1848 835 1877 quaerere.
858 1840 958 1868 Eadem
983 1840 1061 1868 vobis
1092 1840 1162 1869 ratio

314 1890 371 1921 est,
386 1895 458 1924 quae
473 1887 525 1915 fuit
539 1887 679 1923 Apostolo,
694 1890 726 1915 ut
740 1887 896 1924 amputetis
916 1887 1095 1916 occasionem
1117 1886 1162 1916 Itis

314 1933 366 1971 qui
386 1936 532 1970 quaerunt
553 1933 748 1967 occasionem,
768 1935 799 1962 ut
819 1933 867 1970 qui
882 1933 993 1962 illorum
1015 1934 1162 1971 putoribus

315 1979 509 2015 praefocantur
523 1979 550 2008 in
566 1982 658 2008 vestro
672 1980 744 2008 bono
764 1980 849 2009 odore
870 1980 1031 2009 reficiantur
1046 1992 1072 2009 ι».
1092 1981 1162 2010 Huc-

315 2033 405 2062 usque
426 2026 603 2063 Augustinus.

394 2072 435 2101 Ex
461 2075 539 2110 parte
568 2072 650 2101 etiam
668 2081 867 2110 personarum
895 2074 1068 2102 voventium:
1097 2074 1163 2111 quia

198 2131 225 2150 ιιι
237 2133 291 2156 pam
316 2119 443 2149 monachi
464 2123 531 2148 tunc
549 2120 681 2156 temporis
702 2128 753 2157 pro
767 2120 890 2149 maxima
910 2123 988 2157 parte
1000 2125 1087 2158 *erant
1102 2122 1161 2150 laici

173 2159 302 2179 ''mmm''
316 2168 343 2195 et
363 2165 498 2202 plebeii⁴;
520 2168 547 2194 et
567 2165 628 2194 ideo
658 2165 832 2202 competebat
861 2166 901 2194 eis
928 2166 1003 2194 circa
1032 2170 1163 2196 consueta

316 2220 401 2250 opera
421 2212 559 2249 occupari.
586 2211 661 2241 Unde
688 2212 857 2249 Augustinus
878 2212 906 2240 in
927 2212 998 2240 libro
1018 2212 1052 2242 de
1073 2213 1162 2250 Opere

382 2394 389 2407 ¹
408 2396 424 2418 E
442 2395 523 2419 clerici
538 2395 593 2418 boni
609 2395 633 2418 in
649 2394 743 2418 scholis.

380 2433 389 2446 ²
406 2434 463 2462 Cap.
481 2434 503 2457 i.
518 2446 550 2451 —
566 2434 631 2458 Suae
648 2433 810 2462 supplevimus
827 2440 854 2456 ex
871 2434 928 2461 DE,
945 2438 967 2457 et
984 2438 1036 2463 post
1058 2435 1121 2459 tertii
1136 2442 1163 2458 ex

317 2473 390 2495 DEK
407 2472 484 2502 Μαίη
496 2475 549 2501 post
560 2473 677 2503 gyrovagi
692 2473 711 2495 K
729 2472 849 2496 meabiles
867 2479 909 2500 pro
925 2473 1063 2502 mutabiles,
1082 2477 1105 2496 et
1120 2480 1163 2502 pro

317 2511 398 2535 omm'a
415 2512 434 2534 D
450 2518 541 2542 opem,-
558 2512 659 2541 denique
672 2518 699 2534 ex
716 2512 735 2534 D
744 2512 760 2534 E
777 2515 800 2534 et.
812 2511 826 2534 5
838 2512 999 2539 supplevimus
1011 2514 1032 2536 et
1043 2516 1096 2535 ante
1112 2519 1164 2536 con-

317 2550 420 2574 veniens.

380 2587 389 2601 ⁸
406 2589 463 2617 Cap.
475 2590 513 2612 28.
525 2596 547 2612 n.
560 2590 598 2612 36.
610 2589 669 2612 Vide
685 2595 756 2617 supra
773 2595 828 2617 pag.
846 2589 902 2615 440,
919 2592 971 2611 nota
989 2589 1012 2612 5.
1029 2591 1082 2619 Seq.
1099 2591 1164 2613 locus

311 2627 386 2657 ibidq
399 2627 438 2650 ubi
450 2628 572 2656 respicitur
583 2629 618 2651 Ps.
636 2629 677 2656 38,
690 2628 711 2651 A.
729 2627 842 2658 [Vulgata
859 2627 989 2656 concaluit,
1003 2629 1101 2657 August.
1112 2634 1165 2652 con·

318 2665 433 2696 calescit}
445 2667 488 2689 Pro
500 2666 667 2690 nundinarum
678 2667 697 2689 D
706 2667 722 2688 E
734 2665 955 2694 immunditiarum,
969 2667 1008 2695 qui
1024 2670 1046 2689 et
1056 2667 1165 2690 omittunt

318 2706 341 2728 et
356 2704 530 2734 compatimini,
550 2706 680 2733 refragante
697 2705 765 2727 etiam
782 2705 900 2733 originali,
918 2705 940 2726 in
957 2711 1004 2733 quo
1021 2705 1163 2729 existimatio

318 2749 361 2771 pro
378 2743 523 2772 aestimatio,
543 2747 565 2766 et
582 2750 635 2767 cum
653 2745 672 2767 K
689 2743 753 2767 vobis
770 2750 845 2767 causa
861 2749 904 2771 pro
921 2743 985 2766 vobis
1006 2743 1076 2767 ratio.
1092 2756 1124 2761 —
1140 2744 1163 2766 ln

319 2783 365 2804 tine
376 2783 498 2810 respicitur
509 2783 586 2805 Mattb.
596 2783 619 2810 7,
630 2783 670 2806 tt:
684 2783 759 2812 Quam
771 2786 869 2811 angusta
880 2785 946 2811 porta
959 2786 981 2805 et
992 2786 1054 2805 arcta
1066 2783 1103 2805 via
1112 2786 1163 2810 etc„

319 2824 341 2843 et
358 2822 381 2844 ll.
398 2821 450 2844 Cor.
468 2822 492 2843 Μ
503 2839 509 2849 ,
527 2822 568 2844 42:
586 2822 614 2844 Ut
625 2824 744 2849 amputem
755 2821 901 2844 occasionem
917 2828 1010 2848 corum,
1027 2822 1066 2850 qui
1084 2822 1165 2844 volunt

319 2852 473 2883 occasionem.

969 90 1193 126 QUAESTIONES
1214 91 1414 120 DISPUTATAE

1219 168 1432 195 monachorum:
1460 178 1474 191 «
1488 167 1527 195 llli
1549 167 1596 204 qui
1618 171 1728 204 praeter
1750 168 1829 197 istam
1844 173 1964 198 sanctam
1980 171 2065 200 socie-

1220 215 1302 241 tatem
1324 212 1407 240 vitam
1436 213 1529 242 labore
1554 213 1679 249 corporis
1703 214 1905 250 transigebant,
1933 224 1970 244 ex
1997 225 2065 253 quo-

1219 265 1281 285 rum
1304 266 1435 286 numerov
1450 258 1545 294 plures
1565 258 1599 286 ad
1628 259 1794 287 monasteria
1815 260 1945 294 veniunt;
1967 261 1989 289 si
2018 270 2066 290 no—

1218 304 1279 331 lunt
1299 304 1426 340 operari,
1448 313 1502 333 non
1523 304 1698 333 manducent.
1727 305 1820 342 Neque
1841 306 1914 334 enim
1938 307 1965 334 in
1993 307 2066 335 chri-

1217 350 1305 378 stiana
1326 350 1423 379 militia
1443 351 1477 380 ad
1495 353 1687 388 paupertatem
1701 351 1800 380 divites
1822 352 2014 387 humiliantur,
2036 356 2067 382 ut

1217 404 1354 433 pauperes
1375 397 1410 425 ad
1434 397 1594 435 superbiam
1615 398 1801 432 extollantnr3
1830 398 1962 436 nulloque
1987 400 2067 428 modo

1216 442 1310 477 decet,
1332 446 1364 472 ut
1384 444 1411 473 in
1432 452 1464 473 ea
1485 445 1555 478 vita,
1588 444 1634 473 ubi
1657 447 1798 474 senatores
1823 445 1893 473 fiunt
1922 446 2067 480 laboriosi,

1218 490 1254 518 ibi
1277 490 1343 518 fiant
1363 491 1475 527 opifices
1500 491 1595 525 otiosi;
1618 495 1645 520 et
1669 499 1726 528 quo
1747 491 1876 526 veniunt,
1899 492 2001 521 relictis
2020 493 2067 521 de-

1219 536 1299 570 liciis,
1315 537 1363 573 qui
1378 537 1493 566 fuerunt
1508 538 1685 574 praediorum
1706 538 1822 572 domini,
1838 539 1873 567 ibi
1890 539 1957 567 fiant
1971 540 2066 569 rustici

1217 583 1324 612 delicati
1341 596 1367 611 υ.

1297 631 1337 658 Ex
1353 633 1431 667 parte
1447 630 1653 660 intentionum:
1666 632 1732 668 quia
1746 632 1912 660 monasteria
1927 633 2067 669 primitiva
2077 663 2080 666 Α
2091 640 2118 658 Ex
2166 641 2184 659 ιο

1218 676 1344 705 instituta
1364 679 1444 705 erant
1456 676 1491 705 ad
1505 677 1588 706 vitam
1602 678 1753 714 solitariam
1767 678 1913 714 agendam,
1935 682 1966 707 ut
1980 687 2066 708 unus·
2076 665 2128 682 ’Μ’
2144 668 2207 682 ‘'um''

1219 723 1337 760 quisque
1359 723 1474 752 haberet
1494 731 1591 752 curam
1613 725 1655 753 sui
1677 728 1704 753 et
1725 724 1798 761 apud
1816 732 1845 753 se
1866 724 2018 759 habitaret,
2040 729 2066 755 et

1218 769 1279 797 ideo
1300 768 1462 797 monachus
1492 769 1582 799 dictus
1602 774 1651 799 est.
1684 771 1715 799 Et
1740 771 1805 808 quia
1837 771 2066 807 paucissimorum

1219 819 1261 845 est
1281 824 1390 853 semper
1411 816 1513 853 posse⁵
1534 816 1633 846 divinis
1654 817 1812 851 intendere;
1833 818 1907 852 ideo,
1933 826 1967 847 ne
1988 819 2066 848 otiosi

1218 865 1325 896 essent,
1347 862 1517 899 congruebat
1538 871 1635 892 eorum
1664 864 1825 901 professioni
1847 864 1973 893 exerceri
1994 865 2068 893 circa

1218 917 1288 946 opus
1302 909 1437 938 manuale.
1454 909 1529 938 Unde
1543 910 1725 947 Hieronymus
1740 910 1773 939 ad
1789 911 1944 939 Rusticum:
1962 912 2067 949 «Aegy-

1218 956 1339 992 ptiorum
1361 956 1527 985 monasteria
1548 956 1622 986 hunc
1644 965 1750 986 rnorem
1772 960 1880 991 tenent,
1902 961 1934 986 ut
1959 958 2066 987 nullum

1217 1002 1321 1040 absque
1344 1003 1437 1031 labore
1468 1003 1634 1040 suscipiant,
1659 1012 1714 1032 non
1746 1007 1801 1032 tam
1832 1007 1947 1041 propter
1979 1005 2067 1034 victus

1217 1050 1372 1077 necessaria
1392 1057 1475 1086 quam
1498 1052 1611 1086 propter
1632 1050 1738 1079 animae
1757 1051 1890 1084 salutem,
1912 1059 1946 1079 ne
1968 1059 2067 1088 vagen-

1218 1098 1263 1124 tur
1285 1095 1445 1131 perniciosis
1466 1096 1678 1133 cogitationibus
1698 1100 1726 1126 et
1747 1097 1781 1125 ad
1799 1098 1886 1126 instar
1907 1097 2067 1127 fornicantis

1217 1142 1365 1170 Ierusalem
1386 1142 1460 1170 omni
1483 1143 1637 1171 transeunti
1658 1143 1811 1172 divaricent
1832 1144 1915 1181 pedes
1936 1153 2001 1174 suos
2015 1157 2041 1173 »-

1295 1189 1471 1225 Competebat
1505 1197 1571 1226 ergo
1605 1190 1779 1219 monasteriis
1818 1191 1900 1227 primi
1936 1191 2067 1227 temporis
2077 1199 2207 1219 conciuditur:

1217 1235 1330 1271 astringi
1353 1243 1388 1264 ex
1420 1235 1588 1272 professione
1619 1235 1653 1264 ad
1684 1244 1754 1272 opus
1784 1237 1928 1271 manuale,
1962 1237 2066 1266 ratione

1217 1282 1373 1318 temporis,
1392 1291 1591 1319 personarum
1611 1286 1639 1311 et
1670 1282 1860 1311 intentionum
1871 1283 1890 1310 ⁶.
1924 1283 1975 1312 Sed
2006 1286 2068 1320 post

1217 1328 1382 1357 instantibus
1398 1329 1570 1365 temporibus
1585 1329 1738 1363 modernis,
1753 1329 1864 1366 quando
1883 1330 1920 1358 illi
1936 1330 2066 1367 gyrovagi

1217 1378 1296 1404 erant
1310 1375 1460 1409 consumti,
1475 1378 1502 1404 et
1525 1375 1642 1404 Ecclesia
1663 1376 1794 1413 opulenta
1814 1376 1867 1405 fuit
1887 1379 1943 1405 tam
1964 1376 1992 1405 in
2013 1377 2068 1406 cle-

1206 1422 1281 1450 -ricis
1302 1430 1386 1458 quam
1404 1422 1440 1454 ,in
1468 1422 1625 1456 monachis;
1648 1423 1735 1459 magis
1762 1426 1822 1451 erat
1849 1431 1921 1460 opus
1945 1423 2067 1452 dandum
2080 1433 2196 1453 Notandum.

1217 1469 1291 1497 circa
1304 1469 1446 1505 spirituale
1461 1469 1639 1502 exercitium;
1655 1473 1682 1497 et
1697 1469 1761 1498 hinc
1780 1472 1835 1503 est,
1851 1470 1925 1506 quod
1940 1470 2066 1499 monachi

1217 1517 1338 1545 laborem
1360 1516 1516 1545 manualem
1538 1516 1595 1544 sive
1616 1516 1787 1552 corporalem
1810 1517 1879 1545 bene
1901 1520 1927 1545 et
1949 1519 2023 1546 recte
2039 1517 2066 1546 in

1217 1562 1387 1599 spiritualem
1409 1562 1635 1590 exercitationem
1657 1564 1685 1591 et
1706 1562 1885 1598 psalmodiam
1913 1566 2066 1592 commuta-

1218 1611 1327 1637 verunt.
1351 1608 1381 1636 Et
1401 1608 1467 1645 quia
1490 1608 1625 1638 Ecclesiae
1645 1609 1700 1637 iam
1727 1609 1828 1637 ditatae
1849 1609 1935 1646 magis
1963 1609 2066 1646 indige-

1218 1655 1285 1683 bant
1305 1654 1497 1691 spiritualibus
1510 1655 1644 1691 operariis
1664 1663 1749 1692 quam
1764 1655 1929 1684 vinitoribus
1947 1658 1974 1684 et
1994 1655 2066 1692 agri-

1218 1701 1299 1735 colis;
1322 1701 1386 1729 hinc
1406 1704 1460 1735 est,
1482 1701 1557 1738 quod
1571 1702 1690 1738 Spiritus
1710 1704 1823 1730 sanctus
1838 1702 1983 1739 religiones
1998 1710 2066 1738 pau-

1218 1748 1346 1785 perculas
1367 1748 1525 1782 suscitavit,
1550 1756 1671 1785 quarum
1698 1748 1853 1777 sollicitudo
1874 1751 1901 1776 et
1921 1756 1989 1776 cura
2011 1751 2067 1776 tota

1218 1796 1291 1822 esset
1310 1793 1344 1822 ad
1364 1794 1526 1831 signandos
1546 1802 1645 1823 servos
1668 1794 1719 1823 Dei
1739 1794 1771 1822 in
1790 1793 1939 1831 frmztibas
1966 1802 2067 1822 eorum

1218 1840 1302 1877 siyno
1323 1841 1377 1869 Dei
1389 1841 1450 1869 vivi
1461 1841 1482 1875 ⁷,
1504 1841 1626 1870 vocando
1640 1841 1675 1870 ad
1695 1841 1891 1878 poenitentiam
1909 1844 1936 1870 et
1956 1841 1991 1870 ad
2004 1849 2066 1878 gra-

1219 1887 1284 1915 tiam
1306 1887 1426 1924 Spiritus
1447 1888 1542 1916 sancti.
1566 1888 1641 1917 Unde
1662 1888 1821 1926 utraeque⁸
1842 1897 1858 1917 a
1872 1896 1923 1917 sua
1937 1888 2068 1925 primaria

1219 1934 1391 1962 institutione
1423 1934 1525 1963 habent
1555 1935 1677 1963 officium
1708 1935 1901 1972 praedicandi;
1933 1937 1960 1963 et
1990 1934 2065 1969 ideo,

1220 1986 1283 2008 cum
1319 1979 1386 2009 tales
1420 1980 1494 2009 circa
1527 1988 1612 2017 opera
1646 1980 1800 2017 spiritualia
1830 1981 1884 2010 sint
1911 1981 2007 2009 intenti
2029 1996 2065 2001 —

1219 2028 1333 2063 propter
1354 2034 1426 2063 quae
1440 2026 1484 2055 alii
1507 2026 1542 2055 ab
1562 2026 1623 2055 aliis
1636 2029 1780 2056 merentur
1801 2027 1949 2055 sustentari
1964 2033 2066 2054 —-*nec

1220 2076 1284 2102 sunt
1305 2073 1384 2102 otiosi
1406 2073 1579 2102 nec'curiosi
1600 2073 1640 2102 sic
1666 2073 1782 2102 vivendo
1803 2081 1852 2102 nec
1873 2073 1900 2102 in
1929 2073 2065 2110 periculo,

1220 2128 1283 2148 cum
1305 2120 1439 2157 Dominus
1460 2128 1507 2148 eos
1528 2119 1635 2156 paverit
1656 2127 1746 2157 usque
1766 2119 1862 2154 modo;
1890 2127 1942 2148 nec
1963 2119 2066 2147 habent

1219 2167 1271 2196 boc.
1292 2175 1327 2195 ex
1350 2170 1428 2195 voto:
1451 2166 1511 2195 ideo
1532 2174 1582 2195 nec
1603 2166 1653 2203 ipsi
1676 2175 1726 2196 nec
1746 2174 1841 2196 omnes
1861 2173 1997 2202 pauperes
2018 2174 2065 2194 vo-

1220 2214 1347 2247 luntarii,
1381 2214 1442 2242 licet
1463 2213 1517 2241 sint
1542 2214 1639 2249 validi,
1670 2216 1736 2243 sunt
1759 2213 1793 2242 ad
1822 2220 1893 2249 opus
1923 2213 2066 2249 corporale

1283 2395 1293 2409 ⁴
1310 2398 1326 2419 E
1344 2396 1399 2420 laici
1412 2397 1495 2426 plebis.
1512 2409 1543 2414 —
1554 2397 1629 2419 Locus
1641 2397 1736 2424 August.
1749 2390 1844 2427 est‘libr5
1856 2396 1893 2418 cit.
1905 2401 1926 2418 c.
1938 2395 1975 2417 25.
1987 2402 2010 2417 n.
2023 2396 2064 2422 33,

1220 2436 1261 2457 sed
1279 2436 1395 2458 nonnullis
1421 2436 1459 2459 bic
1483 2436 1583 2458 omissis.
1604 2435 1651 2458 Cfr.
1667 2441 1737 2463 supra
1762 2441 1816 2463 pag.
1843 2435 1898 2462 160,
1923 2438 1976 2457 nota
2002 2435 2023 2457 4.
2043 2437 2065 2456 et

1221 2480 1275 2502 pag.
1293 2474 1351 2501 454,
1369 2478 1422 2497 nota
1440 2475 1461 2497 5.

1283 2511 1292 2524 ⁵
1309 2513 1364 2535 Fido
1380 2513 1453 2535 ΗΒΚ
1471 2512 1632 2540 supplevimus
1645 2519 1731 2542 μυθεῖθ’·
1748 2519 1801 2535 mox
1817 2513 1834 2534 E
1850 2517 1923 2541 opera
1938 2510 2063 2534 manualia

1220 2557 1263 2579 pro
1280 2557 1339 2580 opus
1356 2551 1476 2574 manuale.
1493 2563 1524 2568 —
1540 2552 1615 2574 Locus
1631 2552 1724 2574 Hieron.
1741 2554 1775 2574 est
1790 2551 1860 2579 Epist.
1879 2549 1931 2572 425.
1948 2549 2012 2578 (alias
2032 2550 2063 2579 t.)

1220 2596 1244 2615 n.
1257 2590 1280 2612 Μ
1292 2607 1298 2617 ,
1311 2590 1350 2612 ubi
1362 2591 1422 2612 circa
1434 2590 1505 2612 tinem
1517 2590 1561 2612 sic:
1573 2597 1602 2613 ne
1619 2592 1720 2620 vagetur
1736 2589 1870 2618 perniciosis
1886 2588 2065 2616 cogitationibus

1220 2635 1286 2651 mens
1304 2632 1326 2651 et
1343 2630 1436 2651 instar...
1453 2629 1564 2651 divaricet
1580 2630 1653 2658 pedes
1664 2630 1719 2652 suos
1731 2627 1859 2658 [respicitur
1870 2628 1951 2650 Ezecn.
1961 2628 2000 2655 te,
2009 2627 2065 2658 25.].

1282 2666 1293 2679 ⁶
1309 2667 1384 2690 Codd.
1401 2670 1423 2689 et
1439 2667 1494 2690 edd.
1510 2669 1570 2690 male
1583 2667 1748 2698 fiammis.
1764 2666 1857 2689 Inferius
1874 2667 1926 2689 Vat.
1941 2668 1964 2689 et
1981 2666 1995 2689 5
2012 2672 2065 2694 per-

1224 2712 1305 2734 peram
1327 2705 1425 2729 modicis
1449 2712 1492 2734 pro
1513 2706 1653 2735 moderm'3;
1669 2705 1768 2728 subinde
1784 2710 1826 2733 pro
1844 2704 1956 2734 opulenta
1972 2705 1992 2727 M
2009 2710 2064 2734 opust

1221 2745 1317 2769 lentata.

1283 2782 1292 2796 ⁷
1310 2784 1383 2811 Apoc.
1398 2783 1426 2810 7,
1444 2785 1466 2806 3.
1481 2796 1513 2801 —
1529 2784 1624 2807 inferius
1642 2783 1763 2811 respicitur
1784 2782 1861 2805 Mutth.
1882 2782 1909 2809 6,
1931 2781 1976 2804 26:
1999 2782 2064 2804 Pater

1221 2825 1297 2845 vester
1314 2822 1417 2844 caelestis
1434 2823 1507 2850 pascit
1525 2823 1561 2846 illa
1577 2825 1621 2845 etc.

1283 2859 1293 2873 ὃ
1312 2860 1401 2883 Scilicet
1417 2861 1540 2889 religiones
1556 2856 1781 2884 praedicatorum'et
1797 2859 1917 2882 Minorurn.
