2285 3398
425 213 444 241 11
1204 209 1390 238 PRAEFATIO.

425 290 464 323 in
490 289 561 324 hoc
587 287 770 334 opusculo
796 287 1031 322 emendando
1057 287 1264 332 consumti,
1284 300 1372 322 cum
1394 287 1537 334 ipsum,
1557 300 1579 322 a
1596 287 1701 323 mille
1726 289 1830 323 vitiis
1853 293 2106 335 expurgatum
2131 301 2162 323 vt

426 346 652 393 summariis,
672 345 924 381 divisionibus
942 350 980 380 et
996 346 1096 381 notis
1113 345 1389 392 marginalibus
1406 351 1575 391 auctum,
1594 346 1811 392 legentibus
1828 360 1930 382 nunc
1949 348 1998 382 sit
2015 360 2169 383 accessu

426 420 501 441 non
527 405 691 440 difficile.
718 405 913 440 Refertum
944 409 1071 439 autem
1105 409 1161 440 est
1194 405 1305 451 copia
1338 406 1648 451 gravissimarum
1682 406 1963 441 sententiarum.
1991 406 2169 441 Continet

427 466 528 500 enim
546 464 805 510 scientiarum,
824 464 1044 510 praesertim
1070 464 1388 510 theologicarum,
1409 464 1600 510 quandam
1619 464 1954 511 encyclopaediam
1971 469 2009 499 et
2026 465 2170 500 metho-

427 524 633 570 dologiam,
661 527 703 558 ut
728 523 951 557 recentiores
976 522 1200 569 loquuntur,
1228 535 1324 569 quae
1363 527 1444 558 tum
1475 523 1617 557 ratione
1642 523 1794 570 aetatis,
1821 536 1896 570 qua
1921 524 2062 570 scripta
2096 529 2167 570 est,

427 588 508 618 tum
534 582 676 617 ratione
701 582 877 617 altissimi
904 585 941 615 et
966 594 1051 615 vere
1089 581 1276 628 seraphici
1314 582 1488 628 spiritus,
1527 582 1594 629 qui
1620 595 1702 617 eam
1728 582 1905 629 dictavit,
1933 582 2090 629 speciali
2116 586 2170 617 at-

429 642 597 676 tentione
623 641 741 686 digna
766 640 876 675 nobis
902 640 1061 675 videtur.

520 700 576 735 De
602 699 829 745 rationibus,
858 711 971 746 quare
1004 711 1079 734 non
1114 699 1367 746 receperimus
1399 699 1475 734 alia
1507 699 1692 746 quaedam
1718 700 1900 746 opuscula
1932 700 1972 734 in
2006 700 2171 735 editione

427 759 611 794 Vaticana
632 758 666 794 S.
686 758 971 793 Bonaventurae
997 757 1156 805 tributa,
1176 771 1272 806 quae
1295 759 1335 792 in
1360 758 1432 793 hoc
1458 762 1560 793 tomo
1586 763 1770 805 tanquam
1796 771 1862 794 suo
1887 759 1971 794 loco
1997 758 2172 806 ponenda

428 817 664 863 videbantur,
684 817 781 851 inter
807 830 902 863 quae
928 817 1122 863 praevalet
1147 830 1242 864 opus
1268 817 1493 863 inscriptum
1514 817 1781 865 Centiloquium,
1805 818 1845 852 in
1870 817 2169 864 Prolegomenis,

429 891 459 912 c.
488 877 542 912 10.
569 889 636 923 per
661 876 813 921 singula
837 877 972 922 agitur.
1243 886 1251 890 ‘

522 935 624 971 Dum
650 939 757 982 grato
782 935 909 970 auimo
940 930 1183 981 agnoscimus
1216 935 1499 981 indulgentiam
1525 936 1563 970 et
1587 935 1884 982 benignitatem,
1912 948 1987 982 qua
2012 940 2173 982 quatuor

429 995 552 1041 priora
577 994 773 1029 volumina
798 998 945 1028 nostrae
971 994 1148 1029 editionis
1174 1007 1196 1029 a
1221 994 1313 1028 viris
1339 994 1461 1028 doctis
1480 993 1621 1041 ubique
1644 998 1797 1040 recepta
1821 998 1927 1040 sunt;
1947 994 2173 1029 confidimus

430 1053 526 1099 fore,
553 1057 597 1088 ut
620 1053 691 1088 hoc
718 1054 896 1100 quintum
921 1054 1064 1089 ratione
1089 1066 1214 1088 rerum
1252 1065 1346 1100 quas
1372 1053 1543 1088 continet
1567 1054 1877 1099 gravissimarum
1902 1066 1971 1088 nec
1998 1053 2078 1088 sine
2103 1053 2172 1087 im-

429 1112 547 1159 probo
574 1112 700 1147 labore
726 1112 912 1147 editarum
938 1112 1094 1159 speciali
1111 1112 1240 1147 favore
1259 1112 1535 1158 comprobetur,
1554 1112 1601 1146 ad
1624 1112 1775 1147 laudem
1793 1116 1831 1147 et
1848 1111 2009 1158 gloriam
2035 1112 2173 1147 summi

430 1171 562 1218 Regis,
590 1171 651 1206 cui
678 1171 748 1206 soli
773 1171 892 1206 honor
917 1172 966 1206 sit
992 1176 1029 1206 et
1053 1171 1196 1218 gloria!

632 1291 660 1319 In
681 1290 799 1327 collegio
821 1291 845 1319 S.
870 1291 1076 1319 Bonaventurae

549 1342 583 1370 ad
603 1342 696 1371 Claras
717 1342 807 1379 Aquas
828 1342 873 1370 29.
896 1341 1057 1370 Novembris
1081 1342 1163 1370 1890.

1658 1496 1698 1532 P.
1726 1496 1766 1532 P.
1792 1496 2052 1532 EDITORES.
