2285 3398
221 330 335 351 Notandum.

209 565 339 585 (mirossai-ium.

221 941 294 969 Salutio
305 946 338 965 op-

208 967 320 990 positorum.

209 992 340 1035 1111111

209 1228 253 1248 Alia
261 1227 336 1247 solutio.

241 2118 349 2138 Difltinctto.

355 105 408 133 100

350 181 450 211 habitu
469 182 527 211 sive
547 181 575 210 in
596 181 763 218 aptitudine,
786 183 851 209 tunc
872 189 926 209 non
954 183 1043 217 potest
1068 188 1127 210 esse
1148 181 1193 209 in-

349 229 452 267 ceptio,
474 231 563 266 potest
578 231 668 257 tamen
682 235 742 257 esse
762 227 879 261 desitio,
894 230 984 265 potest
1004 227 1086 256 etiam
1101 227 1192 256 inesse

348 280 375 306 et
395 285 453 305 non
473 276 564 304 inesse
584 275 642 304 sine
672 274 824 303 mutatione
854 274 902 303 Dei
927 277 955 303 et
985 277 1138 303 creaturae.
1161 274 1192 302 Et

349 323 418 352 ratio
439 322 523 352 huius
543 324 585 351 651
605 321 769 351 connotatio
795 320 913 359 latura·
939 320 1080 358 futurum
1099 323 1192 349 autem

350 378 493 408 nunquam
513 369 616 406 incipit
635 376 695 398 esse
715 368 858 403 futurum,
879 371 911 397 ut
931 368 997 397 dicit
1018 367 1161 396 Anselmus
1173 367 1192 400 ¹,

350 417 397 446 sed
418 417 488 446 bene
508 416 613 445 desinit
632 423 692 445 esse
706 415 850 450 futurum,
872 423 935 444 cum
950 415 981 443 fit
1000 421 1139 452 praesens.
1156 428 1193 433 —

352 464 382 492 Et
402 472 525 498 rursus,
546 462 707 500 contingens
727 462 855 491 futurum
876 465 966 499 potest
987 469 1041 490 non
1062 468 1122 489 esse
1136 459 1195 488 sine

350 509 517 544 mutatione,
528 509 594 547 quia
604 509 673 538 nihil
687 512 751 538 actu
766 508 842 546 ponit
852 508 879 537 in
894 516 933 537 re.
947 523 983 528 —
995 507 1035 536 Ex
1051 506 1094 535 his
1109 506 1194 543 igitur

348 561 438 595 patet,
459 557 482 586 si
502 557 565 595 quis
579 556 684 594 capiat,
705 556 780 594 quod
795 556 850 596 Deo
872 558 986 592 possunt
1004 554 1119 583 attribui
1139 553 1195 582 duo

348 604 473 642 opposita
487 604 546 633 sine
566 604 624 633 ulla
644 603 686 633 sui
709 603 873 637 mutatione;
895 602 942 631 sed
956 601 1092 639 quaedam
1114 602 1195 634 sunt,

349 652 377 681 in
397 651 501 689 quibus
514 651 637 688 exigitur
651 650 767 679 mutatio
787 653 947 683 creaturae,
969 651 1064 685 utpote
1079 648 1106 676 in
1127 650 1196 676 tem-

350 699 506 736 poralibus,
528 698 663 736 quaedam
691 705 770 733 vero²
792 697 819 725 in
840 696 942 734 quibus
959 690 1081 724 minime.
1103 694 1196 731 Quali-

352 750 513 784 tercumque
535 745 619 782 igitur
640 744 819 781 intelligatur,
839 750 950 772 necesse
970 745 1012 771 est
1032 749 1135 779 ponere
1156 741 1197 769 di-

351 793 445 822 vinum
470 801 529 822 esse
548 792 660 821 omnino
680 790 851 819 immutabile
862 789 881 817 2.
897 805 936 809 -
950 788 1026 817 Unde
1046 787 1197 817 conceden-

349 840 399 869 dae
420 843 485 868 sunt
505 839 626 868 rationes
646 838 699 866 hoc
718 836 901 865 ostendentes.

432 887 455 914 1.
478 885 516 914 Ad
536 884 606 913 illud
627 884 701 921 quod
721 883 852 912 obiicitur
866 882 894 911 in
915 881 1102 915 contrarium,
1122 880 1197 918 quod

351 933 474 962 omnium
496 931 640 961 mobilium
660 930 788 960 mobilior
801 933 842 959 est
860 929 1011 967 sapientia;
1033 928 1196 963 dicendum,

352 979 427 1017 quod
448 978 552 1016 aliquid
572 978 674 1015 dicitur
693 977 796 1006 mobile
816 976 976 1014 tripliciter:
998 976 1041 1005 vel
1062 984 1112 1013 per
1126 984 1196 1004 cau-

351 1027 495 1056 salitatem
522 1025 702 1065 efficientem,
731 1025 773 1054 vel
800 1033 850 1062 per
877 1024 1125 1062 exemplaritateni
1151 1032 1196 1052 re-

349 1077 601 1112 praesentantem,
634 1073 676 1102 vel
707 1080 757 1110 per
787 1072 958 1100 varietatem
992 1070 1195 1100 inhaerentem.

352 1121 443 1150 Primo
457 1123 484 1149 et
505 1120 626 1150 secundo
640 1120 721 1148 modo
739 1119 841 1148 dicitur
856 1118 990 1156 sapientia
1009 1117 1197 1151 mobilissima,

349 1168 416 1206 quia
436 1168 488 1196 hoc
508 1170 550 1196 est
574 1166 765 1204 perfectionis;
786 1166 833 1195 sed
861 1174 916 1194 non
937 1164 1036 1198 tertio,
1058 1164 1125 1201 quia
1145 1164 1198 1192 hoc

349 1218 454 1253 spectat
473 1214 509 1244 ad
528 1213 776 1250 incompletionem.
792 1229 828 1233 —
844 1212 893 1241 Vel
913 1214 1003 1249 potest
1027 1211 1096 1245 dici,
1124 1210 1198 1248 quod

350 1262 417 1300 quia
436 1261 538 1291 mobile
559 1260 712 1289 secundum
731 1259 821 1288 sitnm
835 1267 871 1288 ex
893 1259 951 1295 ipso
969 1261 1047 1287 motu
1068 1265 1199 1295 praesens

351 1300 473 1339 efficitur
487 1307 615 1345 pluribus
636 1307 714 1341 locis,
728 1309 756 1335 et
770 1306 844 1344 quod
859 1306 980 1335 velocius
994 1308 1122 1334 movetur
1135 1305 1198 1342 plu-

350 1356 429 1385 ribus
443 1355 509 1384 locis
530 1354 651 1383 velocius
665 1356 872 1391 praesentatum
895 1353 959 1382 hinc
973 1355 1030 1387 est,
1045 1352 1119 1390 quod
1134 1360 1197 1381 cum

350 1403 443 1433 divina
464 1402 596 1440 sapientia
616 1402 745 1430 omnibus
764 1401 799 1430 sit
819 1400 1054 1438 praesentissima,
1069 1400 1198 1429 maxime

350 1450 464 1479 mobilis
484 1449 585 1479 dicitur
613 1449 684 1478 inter
715 1448 807 1477 omnia
826 1447 956 1482 mobilia,
988 1456 1042 1476 non
1070 1447 1136 1484 quia
1163 1446 1198 1475 sit

350 1497 487 1527 transiens
500 1497 534 1526 de
554 1504 611 1525 uno
625 1496 659 1525 in.
674 1495 764 1529 aliud,
780 1495 826 1524 sed
841 1495 907 1532 quia
920 1497 961 1523 est
975 1494 1105 1523 omnibus
1118 1502 1198 1531 prae·

352 1552 422 1574 sens.
445 1544 476 1573 Et
497 1544 550 1572 1106
569 1546 611 1576 est
631 1543 706 1580 quod
725 1542 791 1571 dicit
804 1542 952 1578 Dionysius
972 1541 1006 1571 de
1020 1539 1126 1570 Divinis
1146 1541 1198 1569 No-

351 1591 484 1625 minibus,
499 1590 619 1628 capitulo
633 1598 706 1619 nono
716 1590 743 1618 3;
760 1601 774 1615 «
785 1589 886 1618 Moveri
898 1589 986 1618 Deum
998 1588 1125 1626 religiose
1139 1588 1198 1617 exi-

351 1637 518 1667 stimandum
539 1640 592 1671 est,
607 1645 661 1665 non
677 1636 829 1666 secundum
849 1636 1047 1673 portationem,
1069 1638 1118 1664 aut
1137 1643 1199 1663 mu-

354 1687 498 1719 tationem,
519 1687 567 1713 aut
587 1684 793 1718 alterationem,
815 1686 863 1712 aut
887 1683 1024 1712 modalem
1052 1685 1100 1711 aut
1128 1682 1200 1711 loca-

352 1733 405 1761 lem
431 1735 554 1766 motum,
581 1739 636 1760 non
663 1731 816 1766 directum,
847 1739 902 1759 non
933 1730 1114 1763 circularem,
1145 1737 1200 1757 non

353 1787 390 1808 ex
411 1778 560 1813 ambobus,
582 1787 637 1807 non
657 1778 871 1816 intelligibilem,
893 1786 948 1806 non
962 1776 1124 1809 animalem,
1146 1783 1201 1804 non

352 1827 523 1861 naturalem,
544 1826 592 1856 sed
619 1826 693 1864 quod
713 1826 748 1854 ad
775 1825 958 1854 substantiam
986 1827 1048 1862 agat
1072 1821 1147 1852 Deus
1174 1825 1202 1851 et

355 1874 493 1902 contineat
506 1874 598 1903 omnia
611 1877 638 1902 et
658 1872 779 1902 totaliter
792 1872 885 1901 omnia
904 1872 1063 1909 provideat,
1084 1874 1112 1901 et
1125 1870 1202 1909 quod

355 1920 426 1949 adsit
439 1920 569 1949 omnibus
581 1920 705 1948 omnium
720 1919 839 1948 circuitu
857 1923 884 1948 et
902 1919 942 1948 ad
950 1919 1098 1949 existentia
1111 1919 1203 1948 omnia

353 1967 498 2004 provisivis
518 1966 693 2004 processibus
714 1969 741 1995 et
761 1967 967 2004 operationibus
981 1978 1008 1995 ».

434 2016 460 2044 Ξ.
482 2014 520 2043 Ad
540 2013 608 2043 illud
623 2014 697 2051 quod
714 2014 857 2049 obiicitur,
878 2014 952 2052 quod
966 2014 1069 2052 gradus
1086 2013 1202 2043 attendi-

359 2065 404 2091 tur
421 2062 449 2090 in
464 2061 600 2090 creaturis
620 2061 773 2090 secundum
788 2062 921 2093 maiorem
943 2061 1122 2090 mobilitatem
1136 2063 1202 2095 etc.;

358 2108 519 2143 dicendum,
551 2108 625 2149 quod
655 2108 791 2146 quaedam
822 2111 903 2142 sunt,
935 2116 1006 2145 quae
1036 2108 1204 2137 conveniunt

359 2154 495 2184 creaturis
515 2154 668 2183 secundum
696 2155 759 2191 plus
778 2158 805 2184 et
832 2155 940 2189 minus,
962 2155 999 2183 ita
1019 2155 1093 2192 quod
1113 2155 1147 2184 de
1175 2163 1204 2184 se

359 2209 415 2231 non
436 2203 534 2230 sonant
554 2201 582 2229 in
603 2201 852 2237 imperfectionem,
867 2201 939 2230 sicut
956 2202 1064 2235 unitas,
1085 2202 1203 2235 veritas,

359 2249 482 2283 bonitas3
501 2251 528 2277 et
542 2248 569 2276 in
585 2247 685 2276 talibus
703 2255 843 2276 summum
857 2248 1065 2276 attribuendum
1079 2251 1121 2276 est
1134 2248 1204 2282 De0,

359 2291 405 2326 cui
425 2295 556 2334 competit
575 2294 664 2324 omnis
685 2293 823 2331 perfectio
849 2293 988 2330 Quaedam
1010 2296 1102 2322 autem
1124 2297 1204 2328 sunt,

424 2466 432 2480 ¹
450 2468 565 2495 Monolog.
582 2473 602 2489 c.
620 2467 666 2492 48..
674 2467 730 2489 inter
747 2466 846 2488 rationes
871 2464 1007 2493 probantes,
1025 2464 1089 2493 quod
1113 2470 1205 2486 summa

363 2509 445 2530 natura
462 2506 542 2536 [Deus]
555 2506 583 2529 sit
593 2506 643 2529 sine
654 2506 767 2534 principio
779 2508 802 2528 et
812 2505 862 2527 sine
873 2505 930 2532 fine,
942 2505 1035 2527 affertur
1051 2503 1120 2526 etiam
1132 2504 1189 2525 haec
1199 2510 1204 2525 ς

363 2546 451 2569 Deinde
468 2545 553 2573 cogitet
568 2545 608 2574 qui
625 2548 712 2573 potest,
729 2545 823 2574 quando
843 2544 928 2573 incepit
939 2546 978 2567 aut
994 2544 1089 2573 quando
1102 2542 1206 2566 nonfuit

363 2587 408 2609 hoc
424 2591 520 2612 verum,
536 2584 622 2607 scilicet
637 2584 691 2613 quia
709 2585 810 2607 futurum
827 2587 875 2607 erat
891 2584 989 2613 aliquid,
1001 2588 1041 2607 aut
1057 2583 1152 2613 quando
1168 2583 1205 2605 de-

362 2625 421 2648 sinet
436 2626 459 2647 et
475 2630 521 2647 non
538 2623 580 2646 erit
596 2625 640 2646 1106
656 2629 751 2650 verum,
768 2623 853 2645 seilicet
868 2623 922 2652 quia
939 2623 1087 2651 praeteritum
1105 2621 1147 2645 erit
1169 2620 1206 2644 ali-

364 2665 429 2694 quid.
445 2664 532 2693 Quodsi
549 2665 658 2686 neutrum
675 2664 759 2685 horum
775 2662 869 2690 cogitari
892 2665 990 2691 potest...
1012 2662 1155 2692 impossibile
1171 2663 1206 2684 est

323 2719 324 2722 ,
362 2704 400 2726 vel
416 2704 528 2732 cogitare,
545 2702 610 2732 quod
626 2702 711 2735 veritas
727 2701 867 2730 principium
888 2701 924 2723 vel
949 2702 1019 2725 finem
1044 2701 1135 2725 habeat.
1159 2700 1206 2723 Cir.

363 2743 453 2771 Dialog.
470 2743 500 2765 de
516 2742 625 2769 veritate,
641 2747 662 2763 c.
679 2741 716 2763 to.

426 2780 435 2793 ¹
453 2781 498 2804 Cir.
515 2781 531 2803 l.
549 2781 611 2803 Sent.
627 2780 651 2803 d.
669 2780 706 2802 30.
723 2786 746 2808 q.
764 2779 786 2801 l.
802 2784 880 2807 seqq„
892 2779 915 2801 d.
933 2779 970 2802 38.
987 2785 1008 2802 a.
1025 2780 1046 2803 2.
1058 2786 1081 2809 q.
1093 2781 1120 2807 2,
1132 2779 1155 2802 d.
1167 2778 1205 2801 39.

364 2827 386 2843 a.
403 2820 425 2843 l.
440 2827 465 2850 q.
481 2821 503 2843 3.
520 2823 542 2843 et
558 2820 582 2843 d.
599 2820 636 2843 ⁴0.
653 2826 674 2842 a.
691 2820 713 2842 Ξ.
730 2825 754 2848 q.
772 2819 792 2841 l.
809 2818 839 2841 ad
856 2818 877 2841 4.

426 2857 436 2872 ⁸
452 2860 545 2888 Paragr.
561 2860 584 2882 9.
601 2859 681 2882 Versio
698 2860 755 2882 haee
771 2858 879 2881 convenit
896 2864 949 2881 cum
966 2858 1014 2885 illa,
1032 2864 1092 2888 quae
1114 2859 1135 2881 in
1152 2864 1206 2886 ope-

364 2898 429 2922 ribus
446 2899 469 2924 S.
487 2899 590 2921 Thomae
606 2898 733 2921 exhibetur.
751 2898 835 2920 Textus
852 2897 969 2926 originalis
986 2897 1037 2920 voci
1055 2897 1156 2921 circuitu
1168 2897 1206 2920 ad-

1000 102 1224 139 QUAESTIONES
1245 101 1445 131 DISPUTATAE

1248 188 1319 218 quae
1339 180 1435 209 dicunt
1455 179 1616 217 dignitatem
1636 179 1758 216 aliquam
1779 188 1843 209 cum
1864 181 2093 219 imperfectione,

1248 227 1320 256 sicut
1349 226 1508 260 mobilitas,
1540 234 1612 263 quae
1642 226 1707 255 dicit
1737 227 1924 256 actualitatem
1955 228 2094 265 quandam

1248 281 1312 302 cum
1333 273 1462 303 adiuncta
1482 273 1661 311 possibilitate
1672 274 1693 307 ⁴,
1714 276 1742 302 et
1763 273 1827 302 talia
1841 273 1947 305 ratione
1967 275 2095 312 imperfe-

1248 321 1346 350 ctionis
1365 321 1511 350 adiunctae
1538 321 1595 350 Deo
1622 320 1736 349 attribui
1762 329 1816 349 non
1842 324 1957 358 possunt
1978 330 2028 351 nec
2047 322 2095 351 de—

1250 367 1328 402 bent,
1350 376 1400 397 nec
1421 368 1449 397 in
1471 368 1589 397 termino
1610 376 1660 396 nec
1682 367 1751 396 citra
1772 367 1924 397 terminum
1942 368 2095 397 secundum

1249 414 1386 444 sermonis
1406 415 1612 452 proprietatem.

1328 461 1354 490 3.
1376 462 1402 490 lt.
1424 462 1463 490 Ad
1483 461 1549 491 illud
1574 461 1649 499 quod
1670 461 1799 490 obiicitur
1820 469 1857 490 ex
1882 464 1960 498 parte
1981 469 2096 499 compa-

1250 507 1393 542 rationis,
1414 508 1488 545 quod
1510 509 1565 538 Deo
1585 508 1689 546 aliquid
1710 508 1820 537 advenit
1840 516 1877 536 ex
1895 511 2035 546 tempore;
2056 508 2097 537 di-

1250 553 1381 589 cendum,
1396 555 1471 592 quod
1484 555 1512 584 in
1526 555 1698 590 huiusmodi,
1714 555 1785 584 sicut
1799 555 1827 583 in
1841 555 1977 584 solutione
1991 558 2097 584 tactum

1251 603 1309 635 est,
1330 604 1372 630 est
1399 601 1550 639 intelligere
1571 602 1736 640 principale
1756 601 1957 640 significatum
1983 605 2011 631 et
2031 610 2097 630 con-

1250 651 1402 681 notatum;
1423 650 1450 677 et
1467 649 1632 686 principale
1652 649 1764 686 quidem
1778 648 1979 687 siqnifi'catum
2000 651 2040 678 est
2061 657 2098 678 ex

1252 697 1331 732 parte
1351 695 1416 729 Dei,
1437 703 1469 723 ac
1494 703 1543 732 per
1563 696 1615 725 hoc
1636 699 1781 726 aeternum
1809 700 1836 725 et
1857 696 2097 731 incommutabile;

1252 745 1439 771 connotatnrn
1460 750 1526 771 vero
1546 750 1582 771 ex
1604 746 1681 780 parte
1708 747 1868 779 creaturae,
1896 747 1924 772 et
1948 743 2009 772 ideo
2030 746 2099 772 16111-

1252 788 1347 825 porale
1367 791 1395 817 et
1415 788 1555 817 mutabile.
1570 789 1648 826 Quod
1662 798 1728 827 ergo
1748 790 1881 820 dicuntur
1902 791 1954 820 ista
1974 790 2100 828 incipere

1252 835 1296 865 vel
1316 836 1461 870 desinere,
1484 836 1536 865 hoc
1557 844 1610 865 non
1625 840 1666 866 est
1680 845 1717 866 ex
1731 841 1809 875 parte
1823 838 1883 867 eius
1897 838 1972 875 quod
1986 837 2099 875 ponitur

1251 883 1279 911 in
1300 883 1372 917 Deo,
1395 882 1442 912 sed
1462 891 1498 912 ex
1523 886 1602 920 parte
1622 883 1682 913 eius
1703 885 1777 922 quod
1805 885 1917 922 ponitur
1944 885 1972 913 in
2000 885 2100 914 effectu

1252 933 1353 959 creato.
1370 946 1407 950 —
1423 930 1453 958 Et
1474 938 1523 967 per
1543 930 1595 959 hoc
1609 933 1683 967 patet
1697 930 1765 960 illud
1779 931 1853 969 quod
1867 931 2010 966 obiicitur,
2024 931 2100 969 quod

1252 976 1410 1006 huiusmodi
1432 976 1544 1005 nomina
1563 976 1659 1006 dicunt
1679 977 1798 1015 aliquid,
1820 978 1894 1016 quod
1908 981 1949 1007 est
1966 978 2058 1012 Deus,
2073 980 2100 1006 61

1251 1024 1368 1061 aliquid,
1389 1023 1463 1061 quod
1478 1026 1520 1053 651
1541 1032 1560 1052 a
1584 1024 1656 1057 Deo;
1670 1028 1698 1053 et
1712 1025 1817 1054 ratione
1836 1025 1918 1062 primi
1940 1025 2100 1062 praedican-

1252 1074 1309 1105 tur,
1323 1079 1377 1100 non
1393 1070 1499 1100 ratione
1514 1071 1642 1105 secundi;
1657 1073 1684 1100 et
1705 1071 1811 1100 ratione
1832 1072 1945 1101 secundi
1966 1072 2101 1109 incipiunt

1254 1120 1281 1147 et
1292 1117 1436 1151 desinunt,
1451 1126 1506 1146 non
1521 1117 1628 1146 ratione
1641 1117 1739 1156 primi;
1754 1118 1820 1155 quia
1834 1118 1866 1147 ad
1882 1118 1950 1153 hoc,
1964 1118 2038 1156 quod
2052 1118 2101 1147 ali-

1255 1164 1331 1201 quod
1352 1167 1441 1192 totum
1461 1164 1622 1201 copulatum
1644 1164 1679 1193 sit
1700 1165 1850 1201 temporale
1868 1165 1911 1194 vel
1928 1165 2100 1203 contingens,

1255 1210 1374 1245 sufficit,
1396 1210 1470 1248 quod
1495 1211 1727 1248 temporalitatem
1756 1212 1798 1240 vel
1819 1212 2031 1249 contingentiam
2053 1213 2101 1242 ha-

1256 1258 1319 1287 beat
1340 1258 1367 1286 in
1388 1258 1482 1295 aliqua
1502 1257 1544 1286 sui
1566 1260 1645 1295 parte
1656 1258 1676 1286 ⁵.

1335 1306 1360 1333 5.
1384 1305 1409 1333 6.
1433 1304 1469 1333 Ad
1491 1304 1559 1334 illud
1580 1305 1654 1342 quod
1675 1305 1804 1334 obiicitur
1825 1305 1859 1335 de
1879 1306 2006 1341 actione,
2028 1307 2102 1344 quod

1255 1353 1286 1381 fit
1306 1352 1340 1381 de
1360 1361 1415 1381 non
1437 1355 1534 1389 agente
1555 1350 1654 1389 agens;
1669 1352 1829 1387 dicendum,
1854 1353 1928 1390 quod
1949 1356 1990 1382 est
2004 1362 2101 1391 agens,

1254 1399 1329 1437 quod
1350 1399 1406 1437 agit
1433 1407 1462 1428 se
1482 1399 1555 1437 ipso,
1577 1402 1604 1428 et
1624 1402 1666 1428 est
1686 1408 1785 1437 agens,
1814 1400 1888 1437 quod
1908 1400 1963 1438 agit
1984 1408 2034 1437 per
2054 1401 2103 1429 ali-

1254 1447 1416 1488 quidpaliud
1444 1456 1460 1476 a
1491 1455 1527 1476 se.
1557 1447 1680 1476 Primum
1711 1456 1795 1485 agens
1820 1447 1846 1476 in
1874 1448 1979 1485 agendo
2000 1448 2103 1477 mutari

1255 1503 1309 1523 non
1330 1497 1435 1531 potest,
1456 1494 1522 1532 quia
1543 1494 1611 1523 nihil
1633 1495 1683 1523 sibi
1698 1495 1820 1530 advenit,
1842 1495 1911 1524 nihil
1932 1495 2053 1525 abscedit
2067 1503 2103 1524 ex

1255 1541 1377 1575 actione,
1398 1549 1462 1569 cum
1483 1549 1534 1570 sua
1554 1541 1625 1570 actio
1646 1541 1680 1570 sit
1701 1542 1772 1571 idem
1794 1542 1868 1579 quod
1882 1542 1982 1579 ipsum.
1998 1542 2037 1571 De
2051 1543 2104 1571 alio

1256 1596 1323 1617 vero
1343 1590 1455 1625 agente,
1470 1587 1544 1625 quod
1564 1588 1656 1617 differt
1676 1596 1693 1616 a
1707 1596 1757 1617 sua
1777 1589 1899 1623 actione,
1921 1589 2004 1618 habet
2025 1598 2103 1626 prae-

1256 1635 1330 1664 dicta
1360 1635 1510 1672 propositio
1540 1635 1695 1664 veritatem.
1727 1635 1801 1664 Deus
1830 1638 1925 1664 autem
1956 1639 1997 1664 est
2022 1644 2105 1673 agens

1256 1682 1347 1719 primo
1368 1681 1462 1715 modo,
1484 1690 1538 1710 non
1560 1681 1695 1715 secunde,
1717 1681 1782 1719 quia
1802 1690 1853 1719 pro
1875 1690 1984 1711 summa
2002 1683 2105 1720 simpli—

1257 1729 1338 1758 citate
1359 1728 1417 1765 ipse
1432 1732 1473 1757 est
1494 1736 1545 1757 sua
1559 1728 1637 1757 actio.
1654 1744 1690 1749 —-
1706 1728 1737 1756 Et
1757 1729 1785 1757 si·
1798 1732 1829 1757 tu
1850 1728 1985 1758 obiicias.-
2010 1729 2032 1758 si
2047 1729 2105 1767 ipse

1258 1778 1299 1804 est
1321 1783 1371 1804 sua
1391 1775 1475 1809 actio,
1497 1775 1568 1804 sicut
1588 1784 1642 1804 non
1663 1775 1758 1813 incipit
1779 1783 1853 1810 esse,
1875 1776 1913 1805 516
1933 1785 1987 1805 non
2010 1776 2104 1814 incipit

1258 1831 1355 1860 agere3
1384 1822 1550 1857 dicendum,
1579 1822 1653 1860 quod
1680 1831 1734 1852 non
1765 1823 1860 1861 incipit
1887 1832 1969 1861 agere
1999 1825 2105 1854 ratione
2139 1834 2246 1853 somnum
2284 1827 2285 1836 ³

1259 1870 1346 1907 ipsius
1372 1873 1456 1899 aetus
1483 1870 1649 1905 intrinseci,
1678 1871 1725 1908 qui
1755 1874 1796 1900 est
1823 1870 1895 1900 idem
1926 1871 2000 1908 quod
2027 1871 2084 1908 ipse
2097 1894 2104 1906 ‚
2117 1857 2205 1901 &affl
2219 1859 2248 1877 ω’

1259 1917 1307 1946 5611
1328 1917 1434 1946 ratione
1448 1916 1562 1955 effectas
1583 1915 1752 1953 extrinseci,
1774 1918 1822 1956 qui
1837 1926 1866 1947 se
1887 1920 1961 1947 tenet
1975 1926 2012 1947 ex
2027 1921 2105 1955 parte

1259 1967 1417 1999 creaturae,
1438 1965 1486 2002 qui
1508 1965 1601 2002 incipit
1622 1968 1650 1994 et
1670 1965 1844 2002 plurificatur
1862 1965 2014 1994 secundum
2029 1973 2106 1994 crea-

1261 2016 1391 2042 turarum
1413 2012 1582 2042 varietatem.
1609 2030 1644 2034 —
1670 2013 1702 2041 Et
1720 2021 1771 2050 per
1792 2013 1844 2042 hoc
1869 2016 1944 2050 patet
1965 2012 2106 2049 responsio

1260 2060 1294 2089 ad
1316 2068 1434 2098 sequens
1454 2060 1488 2089 de
1509 2060 1666 2097 pluralitate
1686 2060 1832 2089 actionum.
1858 2060 1936 2097 Quod
1964 2060 2036 2089 enim
2058 2068 2105 2097 po-

1260 2110 1363 2136 nantur
1384 2107 1489 2137 in·Deo
1509 2108 1604 2144 plures
1630 2107 1750 2136 actiones
1777 2107 2026 2143 incompossibiles,
2054 2107 2106 2134 hoc

1260 2163 1315 2183 non
1330 2157 1371 2183 est
1386 2154 1491 2183 ratione
1506 2154 1672 2191 pluralitatis
1685 2157 1797 2183 actuum
1816 2153 2044 2186 intrinsecorum,
2060 2152 2107 2181 sed

1261 2202 1367 2230 ratione
1388 2202 1554 2238 pluralitatis
1575 2202 1723 2230 effectuum
1744 2203 1770 2229 et
1791 2202 2010 2228 connotatorum.
2040 2200 2106 2228 Nam
2120 2209 2234 2229 Notandum.

1261 2250 1340 2276 actus
1361 2247 1543 2281 intrinsecus,
1565 2255 1629 2276 cum
1651 2247 1686 2275 sit
1699 2247 1785 2279 Deus,
1806 2249 1847 2274 est
1868 2253 1941 2274 unus
1955 2249 1982 2274 et
2003 2245 2106 2275 incom-

1263 2294 1404 2322 mutabilis
1418 2296 1445 2322 et
1458 2296 1603 2327 aeternus;
1625 2294 1738 2322 effectus
1751 2300 1817 2321 vero
1837 2292 2024 2327 extrinsecus,
2043 2283 2106 2322 cum

1263 2463 1297 2485 dit
1313 2463 1503 2487 inmensurabili
1514 2463 1552 2493 (τῇ
1564 2462 1652 2486 πάντων
1670 2458 1759 2496 ἇσχέτῳ
1776 2465 1889 2495 περιοχῇ).
1903 2464 1975 2486 Dictio
1987 2463 2028 2486 sed
2044 2463 2107 2493 qaod

1264 2501 1296 2525 (td
1311 2501 1468 2526 substantiam
1484 2505 1543 2533 aqat
1558 2504 1620 2527 Deus
1638 2498 1710 2533 (ἄλλά
1726 2500 1752 2526 τὸ
1769 2500 1800 2529 εἷς
1817 2495 1897 2526 ὸῦσίαν
1910 2499 1969 2532 ἄγειν
1982 2499 2021 2524 τὸν
2034 2500 2104 2532 Θεὸν)

1264 2541 1294 2563 ab
1312 2541 1395 2564 abbate
1413 2543 1550 2566 vercellensi
1568 2544 1601 2566 sic
1618 2543 1769 2572 proponitur:
1786 2542 1828 2565 sed
1844 2542 1908 2570 quod
1926 2541 2006 2571 [Deus]
2029 2542 2107 2564 omnia

1262 2581 1293 2604 ad
1310 2587 1359 2605 esse
1371 2582 1479 2605 deducat.
1490 2595 1522 2600 -
1533 2582 1578 2606 Clr.
1590 2584 1699 2611 August,
1710 2583 1748 2605 lv.
1759 2582 1788 2605 de
1799 2581 1856 2604 Oen.
1867 2581 1897 2603 ad
1909 2581 1940 2603 lit.
1952 2587 1972 2603 c.
1986 2582 2022 2603 ⁴2.
2034 2587 2057 2603 n.
2069 2581 2107 2604 23.

1326 2618 1335 2632 ⁴
1353 2621 1412 2643 Vide
1429 2621 1485 2644 intra
1502 2628 1523 2645 a.
1540 2623 1562 2645 2.
1580 2622 1683 2645 fundam.
1695 2622 1716 2644 2.
1728 2619 1799 2643 verba
1811 2619 1902 2642 Aristot.
1913 2631 1944 2635 —
1955 2619 1988 2641 De
2008 2619 2108 2642 dictione

1261 2657 1289 2682 in
1305 2659 1405 2683 termino
1422 2662 1463 2683 csr.
1480 2668 1550 2689 supra
1567 2667 1622 2690 pag.
1639 2661 1681 2688 68,
1698 2662 1752 2683 nota
1769 2660 1792 2682 2.
1807 2670 1839 2675 —
1852 2658 1887 2680 De
1905 2658 1954 2686 ipsa
1970 2659 2037 2681 solut.
2054 2658 2108 2681 vide

1263 2698 1376 2726 Anselrn„
1394 2700 1507 2729 Monolog.
1524 2707 1543 2723 c.
1562 2701 1599 2723 ⁴5.

1327 2736 1336 2749 ⁵
1354 2738 1424 2761 Simili
1442 2740 1512 2763 modo
1529 2742 1636 2768 respectu
1653 2737 1779 2767 syllogismi
1804 2736 1899 2762 dicitur,
1916 2735 1980 2764 quod
2002 2735 2109 2765 peiorem

1264 2776 1421 2807 [negationem
1450 2782 1471 2802 et
1499 2777 1709 2808 particularitatem]
1737 2775 1839 2805 sequitur
1871 2780 1963 2802 semper
1991 2775 2107 2798 conclusio

1264 2819 1362 2845 partem.
1379 2817 1425 2840 Clr.
1442 2818 1500 2841 infra
1517 2826 1540 2848 q.
1556 2818 1579 2841 7.
1596 2818 1627 2841 ad
1639 2818 1661 2840 3.
1672 2828 1703 2833 —
1715 2814 1825 2844 Superius
1836 2816 1889 2842 post
1899 2814 1922 2836 et
1931 2812 2024 2837 ratione
2033 2813 2110 2843 primi

1264 2856 1334 2879 codd.
1351 2859 1441 2884 praeter
1457 2858 1473 2879 E
1491 2858 1527 2880 vel
1545 2857 1652 2880 omittunt
1663 2861 1710 2879 non
1721 2853 1813 2878 ratione
1823 2851 1933 2881 secundi,
1946 2853 1982 2875 vel
1992 2852 2034 2882 [ita
2052 2852 2106 2882 DG]

1263 2897 1286 2920 et
1301 2895 1394 2919 ratione
1410 2896 1513 2920 secundi.
