2285 3398
731 155 773 183 DE
797 154 894 182 110le
915 154 1059 182 SPIlllTUS
1081 155 1105 182 S.
1128 151 1290 182 COLIATIO
1312 153 1375 182 VIII.

178 233 233 262 Dei
243 233 270 266 ¹;
291 234 318 261 et
340 232 436 261 beatus
459 232 555 261 Petrus
568 232 648 261 dicit:
671 232 771 261 Melius
786 236 825 260 est
840 232 920 261 viam
942 231 1025 260 iasti-

180 279 236 308 tiae
256 288 315 308 non
335 288 503 317 coqnosecre
524 288 614 318 quani
632 283 697 316 post
719 279 896 317 a-qnitionem
915 282 1025 308 retror-

34 333 163 358 Reprobaiur.
178 336 245 355 sum
259 327 394 356 cmmerti.
409 344 443 347 —
456 326 593 356 Carissimi
605 329 609 355 l
622 327 694 355 dico:
707 326 728 355 si
741 330 832 364 posset
848 327 905 356 lieri
922 327 1024 355 calcea-

178 377 318 408 mentum,
333 373 366 402 ad
381 373 455 411 quod
477 377 568 411 posset
582 374 697 411 quilibet
712 382 760 411 pes
775 374 934 408 informari,
958 373 1024 403 illud

178 421 393 450 calceamentum
415 424 506 458 posset
528 421 586 449 fieri
613 422 751 450 omnibus.
784 422 904 458 Quilibet
936 424 1025 459 polest

178 476 206 497 se
228 468 375 497 informare
401 468 434 497 ad
463 469 586 505 regulam
615 469 769 505 religionis,
791 469 856 506 quia
884 469 963 498 aliter
994 469 1024 497 lit

178 516 285 550 iuveni,
306 516 386 545 aliter
416 516 490 550 seni,
512 516 591 544 aliter
613 516 691 550 sorti,
717 517 795 545 aliter
826 517 916 545 debili.
950 516 1023 545 Unde

177 563 242 592 dicit
263 563 431 600 Augustinus
443 564 468 591 2;
495 575 507 588 «
523 563 712 592 Distribuatur
735 564 884 601 uniruique
900 566 1023 592 vostruin

177 620 193 638 a
214 611 369 647 praeposito
399 613 492 639 vestro
513 610 603 639 victus
624 613 650 638 et
673 614 877 647 tegumentum,
903 619 957 639 non
979 619 1023 639 ae-

177 658 294 695 qualiter
315 658 459 691 omnibus,
481 657 547 694 quia
568 665 621 685 non
643 658 794 695 aequaliter
810 658 905 687 valetis
919 666 1023 692 ornnes,

177 705 223 734 sed
245 705 337 742 potius
367 705 534 741 unicuique,
556 704 627 733 sicut
658 714 728 741 opus
749 705 832 734 fuerit
847 717 872 733 ».
895 705 970 734 Unde
996 705 1023 734 in

179 752 380 781 Ecclesiastico:
404 752 492 780 lniice
518 752 620 789 pedem
641 756 724 781 taam
753 753 784 781 in
806 752 922 781 vincula
944 752 1023 781 illius

176 803 201 827 ct
228 800 259 827 in.
288 803 402 837 torques
434 798 514 827 illias
545 799 649 827 collum
677 804 768 828 tuum.
793 801 827 828 Et
856 804 941 828 crunt
973 799 1024 828 tibi

176 846 322 883 compedes
343 847 405 875 eius
426 846 457 875 in
475 847 680 883 protectionem
700 847 885 884 sbrtitudinis
902 851 927 875 et
942 846 1023 875 bases

178 894 310 929 uirtutis,
332 898 357 923 et
378 898 491 932 torques
512 894 592 922 illius
613 894 644 923 in
665 895 768 923 stolam
788 895 908 932 ¹qloriae.
932 895 1023 923 Decor

176 942 250 970 (nim
274 942 347 971 vitae
368 945 409 971 est
429 942 461 969 in
482 941 549 975 illa,
572 944 596 969 ct
617 942 736 971 vincula
758 942 838 971 illius
859 942 1023 979 alliyatnra

34 992 167 1035 umlffigofflig
175 989 327 1018 salutaris.
351 1007 388 1010 —
409 989 504 1018 Dices:
532 1001 545 1014 «
560 989 625 1019 dare
641 990 803 1019 medicinam
818 989 1022 1026 purgatoriam,

35 1039 229 1081 {Larserroban-non
257 1037 507 1074 praeparatoriam,
529 1038 582 1066 hoc
603 1041 644 1066 est
664 1038 770 1067 fatuum
790 1049 816 1064 ».
840 1037 920 1071 Dico,
949 1037 1022 1074 quod

176 1084 272 1120 religio
294 1084 376 1113 habet
396 1084 558 1113 medicinam
581 1085 769 1122 purgatoriam
801 1086 828 1111 et
846 1087 1023 1120 praeparato-

177 1130 261 1165 riam,
283 1131 349 1168 quia
369 1134 557 1169 contemperat
577 1140 606 1161 se
628 1132 779 1161 secundum
793 1139 875 1168 posse
890 1130 1024 1166 recipien—

178 1177 254 1206 tium.
271 1194 307 1198 —
323 1178 408 1212 Dicis,
423 1178 497 1215 quod
517 1190 530 1203 «
545 1182 586 1208 est
601 1179 756 1216 periculum
771 1177 802 1206 in
815 1176 903 1214 salsis
917 1175 1023 1213 fratri-

177 1225 230 1253 bus
242 1225 252 1242 ³
267 1237 294 1253 ».
310 1225 364 1254 Hoc
379 1234 432 1254 non
446 1225 551 1255 dictum
566 1230 607 1255 est
621 1227 655 1256 de
670 1225 817 1263 religiosis,
833 1224 880 1253 sed
901 1224 935 1252 de
949 1223 1024 1252 salsis

178 1272 311 1302 iratribus
341 1273 513 1308 christianiS,
545 1274 668 1303 nondum
700 1272 842 1310 religiosis.
866 1288 902 1292 —
927 1271 1022 1300 Dices:

182 1320 286 1349 «multi
307 1320 424 1355 cadunt,
446 1324 473 1350 et
493 1321 591 1350 beatus
613 1322 710 1351 Petrus
730 1320 810 1349 dicit:
837 1319 939 1347 Melius
960 1321 1023 1347 erat

177 1366 234 1395 illis
246 1376 306 1396 non
320 1377 487 1406 coynoscere
502 1369 580 1397 viam
597 1368 740 1401 iustitiae,
756 1375 846 1405 qaam
858 1370 925 1403 post
939 1366 1023 1404 ayni-

175 1414 279 1443 tionem
301 1419 463 1444 retrorsum
484 1416 647 1444 converti».
670 1416 727 1443 Non
742 1414 825 1443 debes
846 1414 944 1442 cadere
959 1421 1023 1442 cuni

176 1461 350 1495 cadentibus,
373 1462 420 1490 sed
441 1465 514 1490 stare
535 1470 599 1490 cum
620 1461 765 1490 stantibus.

1868 154 1927 184 493

1162 233 1205 259 19.
1235 232 1344 261 'l‘ertius
1375 232 1548 261 consiliarius
1574 233 1662 261 nialus
1690 236 1743 267 est,
1772 233 1818 270 qui
1848 238 1926 262 certa
1940 239 2044 258 Detertio-

1081 278 1195 307 «tertiavit
1218 279 1248 307 in
1278 279 1409 307 duliiani.
1433 280 1507 308 Unde
1538 279 1639 307 dicitur
1666 280 1691 308 in
1716 280 1831 314 lisdra4,
1853 280 1926 317 quod

1084 328 1216 354 venerunt
1239 326 1365 363 quidam,
1387 326 1433 364 qui
1457 326 1572 355 fuerunt
1595 330 1669 355 trans
1691 327 1821 361 tluviuin,
1836 327 1868 355 ad
1887 328 1927 355 lu-

1081 373 1163 401 daeos
1184 376 1210 401 et
1231 373 1378 402 dixerunt:
1404 374 1474 410 Quis
1502 374 1581 402 (ledit
1601 374 1681 402 cobis
1706 374 1873 408 eonsilium,
1896 379 1929 403 ut

1081 421 1200 448 doniam
1222 420 1297 449 lianc
1319 421 1514 458 aedificaretis
1535 425 1559 449 et
1581 431 1683 450 maros
1697 422 1760 450 eius
1774 421 1927 450 instaura-

1081 467 1174 496 retis?
1197 468 1284 496 ludaei
1309 468 1467 497 habuerunt
1482 469 1592 497 consilia
1610 469 1655 497 Dei
1672 472 1699 497 et
1714 469 1927 506 l’ropbetarunu

1081 518 1172 544 taincn
1189 515 1230 544 isti
1248 519 1323 544 trans
1338 515 1454 544 fluvium
1474 519 1610 544 venerunt
1624 516 1690 545 dare
1705 516 1865 550 consilium,
1881 524 1928 545 ne-

1081 562 1203 590 scierunt
1216 565 1315 597 tamen,
1327 562 1393 599 quid
1404 565 1533 599 ageretur
1546 563 1571 590 in
1587 563 1742 591 lerusalein.
1752 579 1788 584 —
1799 563 1928 591 Nesciunt
1942 567 2071 609 Massffimcs’n·

1081 609 1180 646 aliqui,
1197 609 1263 646 quid
1284 612 1382 645 agatur
1399 609 1424 636 in
1442 608 1587 645 religione,
1603 613 1629 638 et
1645 612 1735 637 tannen
1752 610 1848 638 volunt
1861 610 1928 638 dare
2036 604 2040 609 ⁸

1081 657 1226 685 consilium
1245 659 1272 685 et
1289 656 1385 684 dicunt
1403 656 1503 684 volenti
1524 656 1641 685 intrare:
1663 657 1753 693 «quid
1766 657 1806 685 vis
1821 657 1929 686 facere?

1081 704 1193 732 Attende
1215 703 1339 732 divinum
1361 703 1578 740 beneplacitum:
1601 704 1697 732 Melius
1712 708 1752 733 est
1767 713 1825 733 esse
1842 705 1867 733 in
1882 713 1929 733 vo-

1081 750 1247 779 luntate—Dei
1270 759 1353 788 quani
1373 750 1404 779 in
1422 759 1515 779 mana
1534 751 1648 779 cons-itti
1658 750 1668 767 ⁵
1684 763 1710 778 ».
1728 768 1763 772 —
1780 752 1829 780 Per
1848 751 1929 780 istam
1945 755 2071 780 Reprobalur·

1083 797 1151 826 viani
1168 798 1189 826 si
1205 798 1246 826 vis
1260 801 1436 835 exspectare,
1451 798 1537 826 donec
1559 798 1691 827 Doniiuus
1706 799 1809 827 revelet
1823 798 1887 833 tibi,
1902 801 1931 827 et

1081 854 1135 874 non
1148 846 1188 874 vis
1199 846 1289 875 facere
1297 846 1371 883 quod
1380 849 1474 875 sancta
1485 846 1628 883 Scriptura
1638 849 1665 875 et
1677 847 1761 875 sancti
1772 846 1822 875 viri
1834 846 1930 875 dicunt

1081 893 1138 927 tibi,
1154 896 1181 922 et
1195 893 1269 930 quod
1284 893 1411 922 Christus
1426 893 1541 930 inspirat
1557 894 1614 928 tibi,
1629 902 1738 931 seinper
1753 894 1856 931 poteris
1870 901 1930 922 esse

1081 941 1108 969 in
1124 941 1204 969 bivio.
1221 941 1259 969 De
1271 941 1316 969 tali
1329 941 1446 970 dicitur:
1468 941 1516 970 Vir
1527 941 1633 978 ‹tuptex
1645 942 1746 970 animo
1761 941 1931 970 inconstans

1080 991 1120 1016 est
1142 988 1172 1016 in
1187 988 1321 1016 omnibus
1341 988 1398 1016 viis
1418 988 1489 1016 suis.
1513 988 1599 1017 Debet
1622 989 1704 1017 homo
1725 988 1802 1026 sequi
1819 988 1932 1017 consilia

1081 1037 1241 1064 sanctorum
1262 1035 1399 1064 Benedicti
1421 1039 1448 1064 et
1468 1035 1595 1064 alioruin.
1618 1036 1675 1064 Non
1696 1036 1778 1064 debet
1792 1036 1930 1065 adducere

1081 1082 1251 1111 consiliarios
1272 1090 1373 1116 novos,
1395 1082 1442 1111 sed
1464 1082 1542 1119 sequi
1558 1083 1703 1111 consilium
1719 1083 1834 1117 Christi,
1850 1083 1931 1111 cuius

1081 1129 1136 1157 vita
1151 1132 1192 1157 est
1206 1132 1280 1157 certa
1296 1129 1384 1157 fornia
1400 1129 1516 1157 vivendi.
1533 1129 1558 1157 Si
1574 1129 1646 1158 dicat
1661 1130 1821 1166 religiosus:
1849 1141 1862 1154 «
1877 1138 1931 1157 non

1080 1179 1122 1204 est
1143 1176 1218 1204 salus
1237 1176 1289 1204 nisi
1321 1176 1395 1212 apud
1416 1184 1510 1210 nos»;
1532 1176 1604 1204 male
1625 1176 1698 1204 dicit.
1722 1177 1779 1205 Non
1800 1176 1882 1205 debet
1903 1184 1931 1205 se

1081 1225 1188 1251 tantum
1211 1222 1339 1256 laudare,
1362 1222 1434 1259 quod
1467 1222 1534 1250 alios
1566 1222 1704 1259 reprobet.
1738 1223 1828 1251 Potest
1859 1226 1932 1251 stare

1080 1278 1132 1307 pro
1153 1269 1285 1306 religione
1316 1277 1381 1303 sua,
1404 1269 1441 1298 ita
1462 1269 1537 1306 quod
1568 1278 1622 1298 non
1654 1270 1771 1298 excedat
1802 1270 1828 1298 in
1850 1269 1932 1298 modo

1080 1317 1186 1346 dicendi
1208 1319 1235 1346 et
1256 1317 1396 1346 suadendi.
1420 1317 1472 1354 Qui
1494 1317 1532 1346 sic
1558 1317 1685 1354 sequitur
1713 1317 1858 1346 consilium
1883 1318 1932 1346 ha-

1081 1365 1156 1394 bebit
1177 1364 1318 1402 gaudium.
1341 1365 1416 1394 Unde
1437 1365 1464 1394 in
1487 1365 1682 1394 Proverbiisss:
1707 1365 1764 1402 Qui
1781 1365 1867 1403 pacis
1888 1365 1933 1394 in-

1081 1416 1148 1441 eant
1169 1412 1309 1447 consilia,
1332 1413 1465 1452 sequitur
1485 1421 1532 1441 eos
1551 1413 1698 1451 gaudium
1720 1413 1748 1441 in
1770 1416 1931 1447 aeternum,

1081 1460 1114 1489 ad
1136 1460 1210 1498 quod
1231 1468 1281 1489 nos
1303 1460 1437 1497 perducat
1458 1460 1506 1498 qui
1529 1468 1592 1489 curn
1615 1460 1693 1489 Patre
1715 1463 1766 1489 etc.

807 1577 1130 1626 GOLLATIO
1165 1578 1303 1625 VIII.

870 1683 915 1715 De
940 1682 1022 1716 dono
1048 1681 1231 1715 intellectus.

176 1788 352 1816 Sunnmmum.
375 1804 411 1808 —
434 1787 632 1821 Introductio‚·
653 1786 722 1815 utile
743 1790 783 1815 est
804 1785 938 1815 omnibus
959 1786 1066 1814 audire
1086 1785 1204 1814 verbum
1228 1784 1296 1819 Dei,
1323 1786 1346 1813 1.
1370 1801 1406 1806 —
1429 1785 1578 1822 Expositio
1608 1789 1718 1820 textas,
1748 1786 1779 1815 in
1807 1795 1862 1825 quo
1885 1787 1931 1815 in-

254 1840 360 1868 nuitur
381 1839 532 1876 dispositio
553 1848 587 1867 ex
606 1842 692 1876 parte
713 1837 765 1867 leoc
786 1838 897 1867 (lenum
916 1837 1118 1875 suscipientis,
1140 1841 1165 1865 et
1185 1836 1314 1865 liberalis
1335 1835 1453 1875 diffusio
1474 1846 1508 1865 ea:
1527 1840 1612 1875 parte
1634 1837 1740 1866 (tantis.
1758 1838 1861 1866 Primo
1876 1847 1930 1875 per

254 1891 372 1920 modam
392 1890 537 1929 prooemii
557 1890 660 1928 ayitur
681 1890 714 1919 (le
736 1889 836 1927 triplici
858 1889 1035 1927 dispositione
1056 1897 1091 1918 ex
1113 1891 1191 1926 parte
1213 1888 1402 1926 suscipientis,
1425 1890 1450 1918 2.
1472 1906 1511 1910 —
1533 1889 1640 1918 Prima
1661 1892 1701 1917 est
1727 1889 1802 1918 vitae
1821 1890 1930 1918 sancti-

254 1943 371 1977 monia,
394 1943 420 1979 3.
444 1959 482 1963 —
503 1942 655 1976 Secunda,
676 1941 914 1971 mansuetudinis
936 1940 1147 1975 tractabilitas,
1169 1941 1196 1969 lt.
1219 1957 1255 1961 —
1284 1940 1397 1975 Tertia,
1421 1941 1624 1978 intelligentiae
1645 1941 1819 1978 captivatio,
1844 1942 1868 1969 5.
1892 1958 1931 1962 —

256 1995 293 2024 De
316 1995 479 2024 liberalitate
500 2002 537 2023 ex
559 1997 638 2031 parte
658 1994 756 2023 dantis.
780 1995 802 2022 A
824 1994 927 2031 prima
950 1993 1136 2031 intelliyentia
1157 1997 1198 2022 est
1226 1993 1320 2021 omnis
1347 1993 1510 2022 racliositas
1537 1993 1756 2031 intelliqentiae;
1787 1996 1930 2021 notantur

254 2047 418 2084 specialiter
440 2050 513 2080 tres,
536 2054 666 2084 quaram
688 2046 764 2074 (luae
783 2046 899 2083 priores
920 2048 1121 2082 exponuntur,
1145 2046 1169 2073 6.
1193 2061 1230 2065 -
1252 2044 1317 2073 Pars
1339 2045 1356 2073 l.
1379 2045 1418 2074 De
1440 2045 1596 2079 intellectu,
1622 2045 1670 2082 qui
1698 2048 1739 2074 est
1760 2044 1857 2082 regula
1878 2044 1931 2073 rir-

256 2099 495 2136 cumspectionum
519 2098 675 2127 moralium.
701 2097 832 2135 Oportet,
855 2097 931 2136 quod
952 2096 1035 2125 bomo
1057 2097 1209 2135 diriqatar
1229 2097 1391 2126 secundum
1412 2097 1530 2126 divinas
1552 2097 1687 2135 reputas,
1710 2101 1742 2125 ut
1756 2095 1807 2126 boe
1822 2097 1930 2126 donum

255 2151 395 2188 recipiat,
420 2152 445 2179 7.
469 2166 506 2171 -
528 2149 690 2178 Intellectus
712 2150 772 2178 tria
793 2149 887 2178 docet:
906 2149 1022 2187 primo,
1045 2149 1116 2187 quid
1136 2148 1322 2184 evitandum,
1345 2150 1370 2178 8.
1387 2166 1425 2170 -
1441 2149 1589 2184 Secundo,
1611 2149 1683 2188 quid
1703 2149 1929 2188 exsequendum,

257 2203 281 2231 9.
306 2219 341 2222 —
371 2202 482 2236 Tertio,
505 2200 576 2239 quial
597 2201 839 2238 exspectandam,
865 2202 907 2229 10.
931 2218 969 2221 —
990 2201 1069 2229 Haec
1089 2200 1308 2238 confirmantur
1325 2210 1380 2239 per
1402 2201 1607 2239 Scripturam,
1633 2203 1675 2230 11.
1696 2218 1732 2222 -
1756 2202 1820 2230 Pars
1841 2201 1869 2229 ll.
1891 2201 1930 2229 De

256 2254 413 2287 intellectu,
435 2253 483 2290 qui
505 2255 546 2281 est
566 2252 650 2281 ianua
671 2253 921 2282 considerationum
944 2253 1135 2281 scientialiuni.
1162 2253 1217 2281 Hic
1239 2251 1321 2281 ltabet
1343 2253 1486 2291 triplicem
1510 2253 1657 2288 radicem,
1683 2255 1726 2282 12.
1749 2270 1786 2274 —
1808 2253 1929 2287 Primo,

253 2305 368 2343 partim
389 2308 431 2333 est
451 2314 470 2333 a
491 2303 648 2333 dictamine
668 2308 812 2339 naturae,
837 2304 880 2333 13.
904 2322 942 2325 ——
964 2305 1111 2339 Secundo,
1130 2305 1245 2342 partim
1267 2313 1286 2333 a
1306 2303 1473 2344 frequentia
1498 2305 1706 2343 experientiae,
1732 2306 1775 2334 14.
1799 2322 1835 2326 —
1864 2306 1929 2334 Ter-

256 2358 310 2392 tio,
329 2357 445 2394 partim
466 2365 500 2385 ex
522 2355 715 2385 illustratione
737 2356 810 2385 lucis
831 2360 965 2385 aeternae
972 2367 982 2390 ;
1004 2357 1109 2394 triplex
1131 2357 1271 2386 certitudo
1279 2367 1289 2390 ‚⁶
1311 2356 1381 2386 haee
1406 2357 1585 2386 illuminatio
1613 2357 1736 2385 iuvatur
1761 2366 1814 2394 per
1836 2358 1929 2395 Ληρε-

221 2401 223 2404 ⁴
255 2409 314 2442 los;
338 2409 414 2437 Deus
435 2415 530 2437 causa
550 2408 664 2436 essendi
683 2408 714 2436 in
735 2408 838 2437 anima
859 2411 893 2436 ut
909 2408 1110 2445 principium,
1133 2408 1204 2437 ordo
1225 2408 1341 2437 vivendi
1362 2413 1393 2437 at
1415 2409 1524 2437 donum
1550 2407 1694 2445 infusam,
1722 2408 1799 2436 ratio
1828 2408 1929 2436 intelli-

254 2460 343 2497 yentli
357 2463 388 2488 at
402 2459 446 2488 sol
459 2457 679 2495 intelliyentiae,
702 2461 744 2488 15.
762 2476 798 2480 —-
815 2460 925 2488 Contra
946 2459 1016 2488 liaeo
1036 2460 1096 2488 tria
1116 2463 1185 2488 sunt
1207 2464 1264 2489 tres
1285 2469 1417 2495 errores,
1438 2460 1546 2489 scilicet
1566 2461 1599 2489 (le
1620 2460 1787 2488 aeternitate
1807 2460 1928 2495 mundi,

255 2512 289 2539 de
309 2512 475 2540 necessitate
494 2508 584 2547 fatali
605 2513 629 2538 et
650 2511 683 2539 cle
703 2511 815 2540 unitate
836 2511 1008 2546 intellectus,
1033 2512 1129 2540 16-19.
1152 2528 1188 2532 -
1213 2512 1360 2548 Quomodo
1381 2511 1520 2550 differant
1540 2516 1597 2540 tres
1619 2512 1794 2546 intellectas,
1817 2513 1862 2540 20.

256 2625 279 2652 1.
304 2623 477 2652 Benedieam
500 2621 674 2657 Dominum,
696 2624 748 2662 qui
768 2624 870 2653 tribuit
884 2623 959 2653 milii
978 2624 1022 2652 in-

37 2672 160 2692 ¹⁰210d⁰0²i⁰-
175 2670 314 2699 tellectum
326 2671 344 2699 ⁷.
373 2687 408 2691 —
432 2669 565 2699 Audiens
585 2670 703 2706 sapiens
723 2671 884 2709 sapientior
905 2671 975 2705 erit,
998 2675 1022 2700 et

1080 2623 1238 2661 intelligens
1257 2623 1461 2661 gubernacula
1478 2624 1642 2662 possidebit.
1663 2625 1691 2652 ln
1706 2624 1827 2653 secundo
1843 2624 1928 2653 verbo

1079 2671 1197 2700 ostendit
1218 2671 1360 2706 Salomon,
1383 2672 1457 2709 quod
1478 2672 1545 2700 utile
1567 2675 1607 2701 est
1622 2671 1719 2700 audire
1734 2672 1851 2700 verbum
1865 2672 1927 2705 Dei;

236 2815 244 2829 ²
262 2818 317 2840 Luc.
333 2818 359 2846 9,
377 2818 457 2840 62—
469 2818 522 2845 seq.
537 2816 603 2838 *locus
619 2820 654 2839 est
670 2819 695 2841 ll.
711 2819 772 2842 Petri
789 2821 814 2848 2,
831 2820 868 2842 21.

235 2854 245 2868 ²
261 2857 285 2878 ln
302 2857 390 2884 Regula
407 2857 437 2880 ad
453 2862 535 2880 servos
552 2850 606 2882 Dei,
621 2862 645 2878 n.
663 2858 685 2880 1.
697 2859 773 2881 Secuti
784 2865 865 2881 sumus
878 2861 963 2881 textum
979 2859 1022 2881 ori-

172 2895 285 2925 ginalem5
311 2895 379 2918 codd.
401 2897 460 2918 hanc
481 2893 618 2918 sententiam
641 2895 718 2919 minus
740 2897 843 2920 distincte
865 2897 1022 2920 exhibent.-

173 2936 236 2964 Quae
252 2934 347 2956 interius
363 2934 483 2962 alligantur
499 2939 526 2955 ex
542 2932 609 2954 Eccli.
626 2933 740 2958 habentur
756 2942 776 2958 c.
793 2937 817 2965 6,
835 2937 873 2959 25.
891 2937 928 2959 30.
944 2939 967 2959 et
983 2937 1021 2959 31.

236 2973 245 2986 ³
262 2974 332 3002 Epist.
349 2974 373 2996 ll.
389 2972 440 2996 Cor.
459 2973 483 2995 11
494 2989 501 3000 ‚
518 2971 556 2994 26·
573 2982 604 2987 —
621 2971 674 3001 Seq.
691 2974 754 2998 locus
772 2978 805 2998 est
822 2976 845 2998 ll.
863 2976 922 2998 Petr.
939 2977 964 3003 2,
983 2976 1021 2999 2¹.

1141 2819 1151 2832 ‘
1167 2820 1230 2843 Libr.
1246 2821 1262 2842 1.
1279 2820 1292 2842 5
1323 2820 1344 2842 3.

1141 2858 1151 2871 ⁶
1168 2860 1235 2882 Eccli.
1252 2838 1352 2886 sl5,'i4:
1371 2860 1432 2883 Deus
1449 2859 1478 2882 ab
1495 2859 1558 2882 initio
1573 2859 1692 2885 constituit
1709 2858 1838 2885 bominem,
1856 2860 1878 2879 et
1894 2864 1928 2879 re-

1078 2897 1143 2926 liquit
1157 2898 1221 2920 illum
1239 2897 1261 2919 in
1278 2903 1348 2920 manu
1365 2898 1451 2921 consilii
1468 2899 1512 2921 sui.
1529 2911 1560 2915 —
1577 2899 1630 2927 Seq.
1651 2898 1714 2920 locus
1731 2900 1764 2920 est
1785 2897 1826 2919 lac.
1846 2896 1871 2923 l,
1889 2896 1911 2917 8.

1140 2935 1151 2948 ⁶
1167 2937 1222 2965 Cap.
1240 2938 1280 2965 42,
1298 2937 1336 2959 20.

1140 2974 1149 2988 ‘¹
1167 2976 1249 2998 Psalm.
1267 2976 1308 3003 15,
1326 2976 1349 2999 7.
1368 2989 1399 2994 -
1419 2979 1471 3006 Seq.
1489 2978 1553 3000 locus
1570 2980 1603 3000 est
1619 2978 1687 2999 Prov.
1705 2977 1726 3004 al,
1744 2977 1766 2998 5.
