2285 3398
185 621 213 639 De
224 620 291 639 cohae-

173 644 234 663 tentia
243 644 301 668 pacis.

173 1418 201 1437 De
206 1423 309 1436 consonan-

189 1441 215 1460 tia
223 1441 291 1460 laudis.

316 206 373 236 330

315 286 430 322 apparet
440 283 566 317 omnino,
578 282 717 320 quomodo
732 283 880 320 agendum
894 285 922 311 et
935 283 1075 320 quomodo
1088 283 1167 321 quie-

314 332 461 360 scendum.
484 330 512 359 ln
534 330 586 358 hoc
607 329 680 358 enim
701 337 797 358 omnes
823 329 958 358 Ecclesiae
983 330 1166 363 concordant,

314 382 346 408 ut
367 378 524 407 custodiant
544 377 631 413 legem
653 376 718 410 Dei,
744 376 817 405 sicut
846 376 912 405 olim
941 378 1016 405 totus
1047 376 1168 414 populus

314 428 420 454 motum
442 424 588 453 columnae
607 423 765 460 aspiciebat.
791 423 843 459 Qui
864 423 898 452 ad
927 423 999 452 hanc
1019 431 1074 452 non
1095 422 1167 459 aspi-

315 472 352 501 cit
372 479 481 508 semper
502 479 557 499 non
579 473 620 499 est
640 470 675 499 de
705 470 812 499 unitate
833 470 984 504 Ecclesiae,
1006 473 1038 499 ut
1059 469 1080 498 si
1107 476 1167 497 eam

315 528 369 548 non
390 518 540 556 intelligas,
562 518 605 546 vel
626 518 648 547 si
670 518 812 554 intelligis,
833 526 894 547 eam
915 526 970 546 non
992 516 1126 554 sequaris.

393 566 419 594 [ι.
450 565 516 594 Item
548 565 718 602 loquendum
750 568 792 594 est
822 565 958 594 Ecclesiae
990 563 1167 593 rationalium

315 612 458 641 unitorum
480 620 530 649 per
548 611 712 640 concordem
727 614 755 641 et
769 611 937 640 uniformem
952 609 1168 639 cohaerentiam

315 659 432 687 divinae
449 659 544 696 pacis.
567 658 643 687 Unde
664 658 766 687 dicitur
788 658 816 687 in
842 657 1032 687 Ecclesiastico
1045 657 1070 684 ¹:
1097 655 1169 684 Filii

314 705 475 743 sapientiae
496 705 614 734 ecclesia
635 705 800 739 iustorum,
816 709 841 733 et
861 705 943 733 natio
965 704 1085 732 illorum.
1106 702 1167 731 obe-

314 753 425 781 dientia
445 756 470 781 et
491 752 612 781 ditectio.
635 753 756 782 Ecclesia
777 752 851 781 enim
877 755 976 781 mutuo
997 759 1026 779 se
1052 750 1168 787 diligens

316 803 365 829 est.
387 800 503 829 Dilectio
516 803 609 829 autem
625 800 750 829 nascitur
771 808 808 828 ex
830 799 897 836 legis
919 798 1087 835 impletione.
1111 798 1167 826 Lex

314 848 387 876 enim
408 847 543 884 praecipit
563 847 753 880 dilectionem,
775 846 802 875 in
825 846 916 883 prima
928 846 962 874 ad
977 845 1166 874 Timotheum:

315 895 400 923 Finis
417 894 568 932 praecepti
581 897 622 922 est
635 893 748 922 dilectio
763 901 813 922 seu
829 893 929 922 caritas
944 893 978 921 de
992 893 1077 921 eorde
1089 901 1168 930 puro

313 945 338 970 et
359 941 536 970 conscientia
558 940 634 969 bona
655 944 680 969 et
700 939 757 976 side
778 948 837 968 non
857 939 935 976 licta.
952 940 984 967 Et
1004 939 1077 968 idem
1099 939 1168 976 Apo-

314 988 416 1017 stolus:
440 988 499 1024 Qui
529 987 626 1025 dz'tz'yii
654 986 828 1023 prozimum
850 987 951 1024 Leyern
979 986 1113 1024 implevit.
1136 986 1169 1014 Et

313 1035 413 1072 probat
433 1043 483 1072 per
505 1034 624 1063 verbum
645 1033 808 1062 Salvatoris:
831 1034 867 1062 In
887 1032 949 1068 his,
971 1034 1074 1071 inquit,
1097 1034 1167 1062 duo-

314 1082 367 1111 bus
399 1082 542 1110 universa
573 1082 630 1109 Lex
661 1081 763 1118 pendet
793 1085 819 1109 et
848 1080 1019 1118 Prophetae.
1053 1081 1169 1118 Oportet

313 1137 396 1166 ergo,
417 1132 449 1158 ut
480 1128 549 1165 legis
576 1128 769 1157 observatores
800 1128 856 1157 sint
885 1131 1039 1162 amatores,
1061 1128 1168 1157 loannis

315 1176 422 1205 decimo
444 1175 564 1204 terti02:
587 1175 624 1203 In
645 1174 696 1203 hoc
717 1178 886 1216 cognoscent
900 1184 1015 1210 ornnes,
1031 1176 1103 1213 quia
1124 1175 1168 1204 di-

313 1222 422 1260 seipuli
441 1222 499 1251 mei
522 1222 603 1256 estis,
624 1222 653 1250 si
672 1222 849 1251 dilectionem
872 1222 1034 1251 habueritis
1056 1223 1096 1251 ad
1124 1223 1167 1250 in-

314 1269 423 1302 vicem;
454 1271 482 1297 et
512 1269 672 1306 Apostolus:
694 1268 760 1297 Non
791 1272 830 1297 est
862 1269 940 1297 Deus
960 1269 1167 1303 dissensionis,

314 1316 365 1344 sed
381 1315 476 1353 pacis.

395 1363 420 1391 5.
444 1362 525 1397 Item,
554 1363 731 1400 loquendum>
752 1365 794 1392 est
822 1363 957 1392 Ecclesiae
989 1363 1167 1392 rationalium

314 1410 458 1439 unitorum
480 1418 530 1446 per
561 1410 726 1439 concordem
758 1413 786 1439 et
812 1410 980 1439 uniformem
1006 1418 1167 1439 consonan-

315 1458 386 1486 tiam
415 1457 533 1486 diuinae
564 1457 681 1490 laudis;
702 1457 730 1485 in
763 1457 908 1485 Psalmo³:
931 1457 1021 1494 Apud
1045 1460 1069 1484 te
1100 1457 1168 1485 taus

314 1513 379 1533 mea
401 1504 432 1532 in
452 1504 571 1533 ecelesia
591 1512 712 1541 mayna.
736 1504 812 1532 Sicut
832 1503 907 1532 enim
928 1511 965 1532 ex
989 1503 1168 1532 multitudine

314 1559 414 1580 vocum
445 1551 589 1580 unitarum
611 1550 766 1579 secundum
795 1549 934 1586 quandam
959 1550 1168 1586 proportionem

314 1601 342 1627 et
359 1598 533 1627 harmoniam
549 1597 666 1626 dulcedo
680 1599 779 1625 cantus
793 1596 839 1630 fit;
856 1596 894 1625 sic
909 1604 944 1625 ex
960 1596 1115 1625 multorum
1129 1596 1168 1624 af-

314 1646 431 1675 fectione
452 1644 597 1673 harmonia
618 1643 785 1680 spiritualis,
800 1643 912 1680 placens
926 1643 1079 1677 Altissimo3
1094 1643 1168 1671 unde

315 1693 342 1721 in
357 1692 479 1721 Psalmo:
495 1692 531 1719 In
550 1690 675 1720 ecclesiis
690 1690 842 1719 benedicite
853 1690 911 1719 Deo
923 1690 1040 1719 domino
1055 1690 1089 1719 (te
1103 1689 1168 1727 fou.-

316 1739 392 1767 tibus
407 1738 508 1766 Israel.
522 1754 558 1758 —
571 1737 683 1766 Talibus
705 1737 790 1775 igitur
811 1737 1039 1766 observatoribus
1060 1737 1168 1766 divinae

316 1785 398 1822 legis,
415 1785 586 1814 amatoribus
600 1785 708 1814 divinae
723 1784 807 1822 pacis,
823 1784 1046 1821 persolutoribus
1060 1784 1169 1813 divinae

316 1832 420 1866 laudiS,
436 1835 463 1861 et
477 1841 531 1861 non
553 1833 628 1867 aliis,
644 1832 725 1861 debet
746 1832 807 1860 fieri
829 1840 921 1860 sermo
932 1832 956 1865 4;
972 1835 1000 1860 et
1021 1832 1089 1860 tales
1103 1834 1169 1860 sunt

316 1880 367 1908 viri
386 1879 577 1908 ecclesiastici.
594 1879 646 1916 Qui
668 1882 762 1908 autem
784 1878 905 1915 rapitur
926 1881 1008 1907 extra
1029 1878 1101 1907 hanc
1120 1878 1168 1907 Ec-

315 1926 439 1961 clesiam,
462 1927 499 1955 illi
522 1935 576 1955 non
598 1926 681 1955 debet
695 1921 771 1954 fieri.

395 1974 420 2001 6.
444 1973 558 2010 Rapitur
580 1976 673 2002 autem
696 1973 781 2000 homo
809 1980 858 2009 per
884 1972 1015 2009 spiritum
1037 1972 1169 2000 earnali-

188 2020 384 2055 ¹inopum-tatis
405 2022 433 2048 et
454 2020 643 2056 cupiditatis,
665 2022 762 2048 contra
786 2019 930 2056 primurn.
953 2019 983 2047 Hi
1012 2019 1068 2047 duo
1089 2021 1168 2052 sunt,

172 2052 307 2117 ffiffgbssil}
315 2067 363 2104 qui
384 2069 515 2095 avertunt
536 2066 677 2095 hominem
699 2074 715 2094 a
736 2066 795 2102 lege
816 2066 864 2095 Dei
886 2069 913 2094 et
934 2068 1085 2094 excaecant
1099 2065 1170 2094 duos

315 2113 410 2142 oculos
431 2113 538 2141 mentis.
561 2113 618 2142 Lex
640 2112 713 2141 enim
734 2112 783 2141 Dei
810 2112 945 2149 praecipit
965 2112 1071 2141 bonum
1092 2120 1168 2141 conz-

316 2168 404 2188 rnune
435 2162 462 2188 et
493 2159 597 2188 bonum
625 2158 782 2196 spirituale
813 2162 840 2187 et
868 2159 987 2188 retrahit
1017 2159 1052 2187 ab
1073 2166 1169 2187 amore

943 204 974 233 IN
995 198 1216 234 HEXA'EMERON
1238 202 1402 231 COLLATIO
1425 202 1442 229 l.

1223 280 1323 317 lberto,
1338 280 1386 317 qui
1398 282 1450 320 xest
1470 280 1653 314 carnalitatis,
1669 283 1697 309 et
1710 282 1745 310 ab
1763 290 1856 312 amore
1874 285 2009 321 priuato,
2025 286 2073 323 qui

1224 329 1265 355 est
1286 326 1452 363 cupiditatis.
1475 327 1532 355 Lex
1547 326 1620 355 enim
1635 327 1729 356 odiosa
1742 331 1784 357 est
1798 330 1901 358 carnali
1916 333 1943 359 et
1958 332 2072 368 cupido:

1224 381 1274 402 nec
1296 381 1421 410 unquam
1442 381 1503 402 eam
1524 373 1622 402 audire
1644 374 1748 403 volunt.
1771 376 1841 404 Sunt
1855 376 1929 405 enim
1944 377 2016 406 sicut
2030 387 2073 407 ca-

1225 420 1267 448 nis
1281 422 1309 448 et
1330 427 1441 456 porcus.
1463 420 1544 448 Canis
1558 419 1631 448 enim
1648 428 1758 457 semper
1772 424 1814 450 est
1829 422 1947 459 cupidus
1962 427 1989 452 et
2003 432 2074 452 nun-

1224 474 1308 503 quam
1330 467 1538 496 communicare
1553 467 1662 501 volens,
1678 475 1781 504 porcus
1801 471 1893 497 autem
1916 477 2025 507 semper
2048 471 2075 499 in

1225 513 1284 542 luto
1304 521 1365 542 esse
1385 514 1454 543 vult.

1305 563 1330 589 7.
1354 561 1433 596 Item,
1455 565 1550 591 contra
1571 562 1787 591 cohaerentiam
1804 564 1890 601 pacis
1905 568 1946 593 est
1961 566 2075 602 spiritus
2084 567 2218 609 “fffli'fflssffi

1224 608 1420 646 malignitatis
1440 613 1467 638 et
1495 610 1694 644 crudelitatis,
1716 610 1826 639 invidus
1854 614 1881 640 et
1908 612 2074 645 iracundus:
2099 614 2157 637 0³⁰1&

1225 658 1251 684 et
1273 655 1301 684 hi
1323 655 1379 684 duo
1400 658 1489 685 totum
1514 660 1694 694 pervertunt:
1720 657 1831 686 invidus
1862 666 1944 687 omne
1972 659 2075 687 bonum

1225 702 1361 731 convertit
1384 703 1410 731 iu
1432 703 1549 738 malum,
1572 704 1723 733 iracundus
1749 712 1830 733 omne
1852 705 1956 733 malum
1979 705 2005 734 in
2028 706 2075 734 bo-

1225 757 1293 778 num
1315 752 1343 778 et
1364 749 1451 786 ipsam
1484 749 1663 779 redditionem
1686 751 1750 779 mali
1772 754 1884 788 reputat
1908 751 2021 780 bonum.
2045 753 2076 780 Et

1225 796 1285 825 ideo
1297 800 1412 833 ponunt
1427 796 1558 825 tenebras
1579 798 1672 826 lucem
1687 802 1712 826 et
1727 798 1818 827 lucem
1834 798 1977 833 tenebras,
1993 799 2075 828 Isaiae

1225 843 1323 880 quinto
1334 843 1353 871 ⁵.
1376 843 1452 873 Unde
1474 844 1541 873 tales
1568 853 1622 873 non
1654 848 1720 874 sunt
1741 845 1830 874 idonei
1852 846 1884 874 ad
1907 846 2075 875 audiendum

1226 891 1313 928 legem
1335 891 1392 920 Dei.

1304 940 1330 967 8.
1354 939 1436 973 Item,
1458 942 1554 968 contra
1582 941 1805 969 consonantiam
1830 941 1949 969 (livinae
1976 941 2175 983 laudisffiffssggffi
2186 943 2219 983 ἐξ

1226 986 1340 1024 spiritus
1372 987 1603 1023 praesumtionis
1637 990 1664 1016 et
1699 987 1897 1021 curiositatis,
1930 988 1967 1016 ita
2001 988 2111 1025 quoddis
2124 988 2205 1007 ‘winst-

1223 1038 1470 1072 praesumtuosus
1491 1034 1581 1062 Deum
1602 1043 1657 1063 non
1678 1035 1849 1071 magnificat,
1871 1035 1919 1063 sed
1940 1043 1999 1064 sese
2018 1035 2077 1064 lau-

1225 1080 1286 1115 dat,
1310 1080 1447 1109 curiosus
1475 1083 1568 1109 autem
1597 1081 1771 1110 devotionem
1801 1090 1855 1110 non
1888 1082 1979 1111 habet.
2002 1082 2077 1111 Unde

1225 1127 1304 1155 multi
1327 1129 1392 1155 sunt
1415 1127 1496 1161 tales,
1520 1128 1567 1164 qui
1584 1128 1663 1156 vacui
1686 1131 1752 1156 sunt
1773 1128 1853 1157 laude
1875 1131 1902 1157 et
1922 1129 2076 1163 devotione,

1226 1174 1275 1203 etsi
1300 1174 1419 1203 habeant
1451 1175 1612 1211 splendores
1643 1175 1830 1203 scientiarum.
1863 1175 1976 1204 Faciunt
2004 1176 2206 1205 eniml‘fflssdffl·

1225 1230 1302 1251 casas
1317 1229 1482 1258 vesparum,
1498 1230 1569 1259 quae
1584 1230 1638 1250 non
1654 1222 1758 1251 habent
1775 1222 1869 1251 savum
1885 1223 1990 1257 mellis,
2006 1223 2078 1252 sicut

1225 1277 1305 1306 apes,
1328 1277 1399 1306 quae
1422 1270 1588 1298 mellificant.

1305 1317 1330 1344 9.
1353 1316 1465 1344 Talibus
1487 1316 1580 1353 itaque
1601 1316 1656 1345 iam
1678 1317 1758 1345 dictis
1789 1326 1843 1345 non
1875 1321 1917 1346 est
1937 1318 2077 1347 faciendus
2088 1318 2180 1365 Evsslffi
2189 1317 2202 1335 ¹·

1225 1371 1331 1396 sermo,
1354 1362 1418 1399 quia
1441 1366 1506 1391 sunt
1527 1363 1632 1391 domus
1653 1364 1874 1400 exasperans&
1890 1368 1916 1393 et
1930 1365 2078 1402 aliquando

1225 1413 1339 1447 propter
1361 1409 1597 1446 indispositionem
1621 1411 1781 1439 auditorum
1796 1411 1860 1440 facit
1875 1411 2010 1440 Dominus
2025 1412 2079 1440 lin-

1222 1465 1316 1494 quam
1338 1455 1498 1484 adhaerere
1516 1457 1632 1493 palato;
1655 1457 1702 1485 sed
1724 1457 1894 1494 loquendum
1909 1461 1951 1486 est
1971 1457 2079 1495 fratri-

1225 1503 1296 1537 bus,
1318 1503 1392 1531 unde
1414 1503 1440 1531 in
1463 1503 1584 1531 Psalmo:
1608 1502 1747 1531 Narrabo
1778 1512 1882 1532 nomen
1904 1508 1988 1533 tuam
2013 1504 2079 1542 fra-

1225 1550 1321 1578 tribus
1342 1550 1426 1584 ineis,
1449 1550 1481 1577 in
1503 1549 1595 1578 medio
1614 1549 1748 1578 ecclesiae
1762 1550 1890 1579 laudabo
1906 1554 1943 1585 te,
1963 1555 1991 1580 et
2012 1552 2080 1581 viris

1225 1596 1434 1633 spiritualibus,
1456 1599 1487 1624 ut
1508 1605 1523 1624 a
1545 1597 1679 1633 sapientia
1703 1597 1843 1626 mundana
1875 1599 2024 1628 trahantur
2045 1600 2079 1628 ad

1226 1643 1388 1680 sapientiam
1421 1643 1608 1672 christianam.
1642 1644 1791 1673 Praecessit
1812 1646 1885 1674 enim
1909 1646 2079 1683 impugnatio

1226 1690 1297 1718 vitae
1318 1690 1420 1718 Christi
1442 1690 1469 1718 in
1491 1690 1623 1718 moribus
1639 1699 1688 1727 per
1709 1691 1864 1728 theologos,
1887 1695 1913 1721 et
1935 1692 2079 1729 impugna-

1226 1737 1263 1765 tio
1278 1736 1427 1765 doctrinac
1447 1736 1549 1765 Christi
1564 1745 1613 1774 per
1635 1737 1716 1766 salsas
1731 1738 1880 1774 positiones
1894 1747 1943 1776 per
1958 1739 2077 1767 artistas.

1226 1785 1283 1813 Non
1306 1784 1399 1821 itaque
1420 1784 1593 1812 redeundum
1616 1788 1657 1813 est
1679 1785 1706 1812 in
1729 1785 1881 1822 Aegyptum
1903 1794 1952 1822 per
1973 1785 2078 1814 deside-

1226 1831 1300 1859 rium
1324 1830 1420 1859 vilium
1441 1830 1584 1864 ciborum,
1606 1831 1751 1865 alliorum,
1775 1840 1925 1868 porrorum
1944 1835 1971 1860 et
1996 1840 2079 1869 pepo-

1226 1887 1295 1907 num
1307 1878 1327 1912 ⁷,
1349 1886 1399 1906 nec
1421 1877 1602 1906 dimittendus
1623 1878 1702 1906 cibus
1724 1878 1857 1906 caelestis.
1874 1894 1910 1898 —-
1926 1878 1959 1906 Et
1973 1879 2011 1907 sic
2033 1887 2080 1916 pa-

1227 1928 1265 1953 tet
1286 1925 1417 1961 primum.

1309 1972 1352 1999 10.
1375 1971 1454 1999 Circa
1475 1971 1636 1999 secundum
1665 1974 1744 2004 nota,
1774 1971 1847 2007 quod
1882 1971 2079 2009 incipiendum
2093 1973 2138 1991 Pars
2151 1972 2172 1990 ¹¹»

1226 2020 1268 2046 est
1288 2026 1308 2045 a
1328 2017 1439 2051 medio,
1462 2017 1536 2054 quod
1558 2020 1600 2046 est
1620 2017 1756 2046 Christus.
1774 2018 1833 2055 lpse
1847 2019 1921 2047 enim
1936 2020 2079 2049 mediator
2093 2019 2221 2062 ¹2⁰5133igpgffi1¹

1226 2064 1281 2092 Dei
1300 2067 1325 2092 et
1347 2062 1520 2091 horninzwnS
1542 2066 1599 2097 est,
1622 2066 1717 2093 tenens
1738 2064 1861 2107 medium
1884 2065 1911 2094 in
1932 2066 2077 2100 omnibus,
2103 2057 2221 2108 gffinssffissg}

1227 2113 1258 2139 ut
1280 2110 1392 2147 patebit.
1416 2110 1491 2138 Unde
1512 2110 1547 2138 ab
1568 2110 1615 2139 illo
1646 2110 1833 2148 incipiendum
1862 2113 2033 2147 necessario,
2055 2114 2077 2142 si
2103 2114 2183 2132 mnibus

1226 2157 1289 2195 quis
1311 2157 1371 2185 vult
1392 2157 1487 2186 venire
1508 2157 1541 2185 ad
1564 2157 1725 2194 sapientiam
1751 2158 1946 2193 christianam,
1962 2163 1993 2188 ut
2014 2169 2078 2198 pro-

379 2337 386 2350 ¹
404 2338 461 2366 Cap.
472 2339 497 2365 3,
508 2338 568 2359 i.—
579 2338 632 2366 Seq.
644 2338 708 2360 locus
718 2337 775 2359 estl.
786 2336 846 2359 Tim.
859 2337 867 2358 1
878 2354 884 2363 ,
894 2337 919 2363 5;
930 2338 1009 2360 tertius
1018 2338 1085 2360 Rom.
1096 2338 1137 2364 13,
1147 2337 1168 2359 8.

316 2377 373 2400 lbid.
392 2384 415 2399 v.
433 2377 459 2399 9:
477 2378 503 2399 Et
520 2377 538 2399 si
557 2377 621 2405 quod
638 2379 672 2398 est
689 2376 752 2398 aliud
770 2376 920 2403 mandatum,
939 2376 960 2398 in
979 2378 1023 2400 hoc
1045 2376 1119 2399 verbo
1138 2377 1169 2399 in-

315 2419 443 2439 stauratur:
456 2416 542 2444 Diliges
555 2416 687 2443 proximum
700 2419 766 2438 tuum
778 2416 837 2438 sieut
849 2418 870 2437 te
883 2416 960 2444 ipsum
973 2416 1060 2446 [Matth.
1072 2417 1114 2444 22,
1127 2417 1168 2443 39;

315 2456 372 2478 ibid.
389 2462 411 2478 v.
430 2456 476 2478 40:
495 2456 517 2477 ln
535 2455 570 2477 his
594 2454 686 2477 duobus
709 2455 824 2477 mandatis
847 2455 955 2478 universa
978 2456 1023 2478 Lex
1041 2456 1128 2484 pendet
1147 2459 1169 2478 et

316 2494 465 2524 Prophetae}

379 2533 388 2546 ²
407 2534 473 2556 Vers.
491 2534 529 2556 35.
546 2546 577 2550 —
594 2533 648 2562 Seq.
665 2533 730 2555 locus
747 2536 782 2555 est
799 2534 813 2555 l.
831 2533 883 2556 Cor.
906 2534 944 2560 14,
962 2535 1000 2556 33.

379 2572 388 2585 ⁸
406 2574 489 2595 Psalm.
507 2573 531 2595 24
544 2590 549 2600 ‚
567 2573 605 2595 26.
623 2584 654 2588 —
672 2572 726 2600 seq.
743 2572 807 2594 locus
824 2575 858 2594 est
875 2573 910 2595 Ps.
928 2573 970 2599 67,
988 2574 1025 2595 27.

379 2611 388 2623 ‘²
407 2612 436 2633 lta
454 2612 483 2638 B;
502 2612 538 2633 alii
556 2611 626 2633 codd.
643 2613 666 2632 et
683 2610 745 2632 Vat.:
766 2609 813 2637 Oui
828 2612 907 2633 autem
928 2613 985 2634 sunt
1006 2611 1168 2636 observatores

317 2650 409 2673 divinae
428 2650 497 2679 leuis,
515 2651 573 2673 sunt
589 2651 710 2672 ornatores
727 2648 820 2672 diuinae
835 2649 901 2678 pacis
919 2651 940 2672 et
954 2650 1119 2679 persolutor-es
1137 2651 1168 2673 di-

318 2689 385 2713 vinae
403 2689 494 2717 latialis,
512 2689 548 2712 his
565 2689 631 2712 debet
650 2688 704 2718 fieri
725 2694 812 2711 sermo.
835 2688 865 2710 Ex
883 2689 899 2710 E
916 2689 1044 2712 adiecimus
1065 2692 1089 2714 et
1109 2690 1168 2713 tates

316 2731 372 2752 sunt
395 2728 442 2751 riri
461 2728 619 2751 ecclesiastici.
630 2740 661 2744 —
677 2727 780 2750 subinde
797 2728 918 2755 respicitur
935 2729 995 2751 ioan.
1014 2730 1050 2756 10,
1068 2730 1106 2752 28.
1123 2730 1167 2752 29:

317 2769 343 2791 Et
360 2774 405 2790 non
423 2768 497 2795 rapiet
514 2774 552 2789 eas
570 2768 694 2796 quisquam
713 2767 742 2789 de
759 2772 829 2788 manu
847 2773 898 2788 moa
917 2770 960 2789 etc.

381 2806 390 2818 ⁶
408 2807 474 2828 Vers.
492 2807 533 2828 20:
552 2807 664 2828 ponentes
682 2805 790 2827 tenebras
807 2808 850 2827 etc.
867 2818 898 2822 —
915 2805 961 2828 Cir.
979 2807 1043 2829 Alan.
1060 2807 1090 2830 ab
1107 2809 1168 2830 Insu-

318 2846 356 2873 lis,
374 2846 403 2868 de
420 2846 513 2867 Planctu
532 2848 640 2871 naturae,
658 2844 696 2867 ubi
716 2846 759 2866 hoc
777 2844 806 2866 dc
824 2843 912 2867 int-idai
929 2846 1058 2868 ostenditur
1073 2846 1120 2875 (ed.
1131 2847 1168 2869 Mi-

319 2890 364 2912 gne
381 2884 424 2906 col.
442 2883 486 2906 468
504 2883 562 2911 seq.)
577 2891 583 2905 :
600 2883 727 2905 Audaciam
746 2883 816 2906 furori
835 2883 967 2906 temeritatis
984 2885 1099 2912 assignat,
1116 2892 1168 2914 pru·

319 2922 420 2944 dentiam
437 2921 507 2943 animi
526 2921 547 2943 in
566 2921 652 2943 fraudis
669 2922 807 2944 versutias...
824 2921 928 2950 obliquat
945 2925 988 2945 etc.

381 2959 391 2971 ὅ
409 2961 488 2982 Ezecli.
507 2961 533 2986 2,
551 2960 573 2981 5.
590 2972 621 2976 —
639 2961 693 2988 Sea.
711 2961 774 2982 locus
792 2964 826 2983 cst
844 2961 899 2983 ibid.
917 2962 943 2988 3,
961 2963 1003 2984 26:
1022 2963 1047 2984 Et
1064 2963 1167 2990 linguam

320 3002 381 3021 tuam
400 2999 526 3021 adhaerere
545 2999 625 3021 faciam
645 3000 720 3026 palato
739 3003 777 3022 tuo
796 2999 861 3029 [voci
882 3000 1012 3023 adhaerere
1029 3002 1045 3023 Β
1063 3002 1169 3029 adiungit

1224 2336 1410 2366 praedicatoris,
1433 2336 1484 2358 Vnt.
1501 2335 1656 2366 doctorum];
1674 2337 1753 2359 tertius
1776 2339 1810 2358 cst
1831 2337 1867 2358 Ps.
1884 2336 1927 2362 21,
1944 2337 1982 2358 23.
1999 2348 2030 2353 -
2047 2337 2078 2359 ln-

1227 2377 1297 2399 rerius
1315 2379 1367 2399 ante
1384 2376 1443 2399 viris
1461 2376 1556 2398 ADEF
1575 2375 1664 2398 addunt
1681 2378 1715 2399 ut.

1289 2414 1297 2427 ⁷
1316 2416 1445 2444 Respicitur
1472 2415 1539 2437 Num.
1560 2415 1598 2439 11,
1618 2414 1639 2437 t.
1664 2421 1712 2443 seq.
1736 2417 1758 2437 et
1775 2415 1818 2442 21,
1836 2415 1858 2436 5.
1875 2426 1906 2431 —
1923 2415 1939 2436 B
1957 2417 2010 2442 post
2035 2421 2077 2438 nec

1226 2455 1291 2477 addit
1304 2461 1351 2485 pro
1368 2454 1464 2478 talibus.
1482 2454 1594 2482 Superius
1612 2454 1662 2476 Vat.
1680 2454 1731 2476 ioci
1750 2453 1870 2482 theoloqos
1888 2454 2013 2481 praemittit
2029 2460 2078 2477 ma-

1226 2494 1274 2522 los,
1287 2496 1309 2516 et
1320 2500 1417 2523 proper
1431 2493 1506 2523 falsas
1520 2493 1650 2522 positiones
1664 2499 1709 2523 per
1726 2493 1824 2516 artz'stas
1842 2492 1959 2515 substituit
1973 2499 2017 2522 per
2034 2492 2078 2522 sal-

1225 2539 1265 2556 sas
1283 2532 1404 2562 opiniones
1421 2534 1444 2556 et
1457 2539 1501 2562 per
1518 2534 1663 2561 armamenta
1686 2531 1827 2555 Aristotelis.
1851 2532 1940 2553 Revera
1963 2532 1985 2553 in
2008 2532 2077 2554 codd„

1226 2579 1272 2595 non
1292 2572 1406 2594 ini-enitui-
1424 2578 1509 2594 nomen
1527 2571 1659 2594 Aristotelis·
1672 2572 1738 2593 solito
1751 2570 1822 2593 modo
1834 2570 1959 2597 scriptum,
1972 2571 2013 2593 sed
2025 2571 2078 2592 scri-

1226 2611 1285 2633 bunt
1301 2611 1337 2633 vei
1354 2617 1399 2638 ar„
1417 2611 1454 2632 iel
1472 2610 1607 2632 abbreviate
1623 2611 1783 2639 argmenta,-
1801 2609 1817 2630 E
1835 2614 1943 2636 expresse
1963 2608 2077 2635 anisius,-

1225 2653 1248 2672 et
1265 2651 1322 2672 haec
1339 2650 1404 2673 lectio
1423 2653 1445 2672 et
1461 2650 1586 2672 conditioni
1605 2650 1663 2672 illius
1681 2649 1760 2671 aetatis
1777 2650 1800 2670 et
1817 2648 1931 2670 contextui
1949 2647 2009 2669 bene
2025 2653 2077 2669 eon-

1226 2689 1295 2717 gruit.

1288 2726 1298 2739 ⁵
1315 2728 1385 2756 Epist.
1403 2729 1418 2750 l.
1437 2728 1496 2750 Tim.
1514 2729 1541 2754 2,
1559 2728 1580 2749 5.
1597 2739 1628 2743 —
1646 2728 1699 2755 seq.
1717 2727 1780 2748 locus
1798 2728 1832 2747 est
1849 2726 1925 2747 Matth.
1944 2725 1985 2751 11,
1997 2724 2034 2747 ⁴27.
2046 2737 2077 2741 —

1226 2767 1322 2790 inferius
1339 2773 1382 2795 pro
1400 2767 1425 2789 in
1441 2766 1561 2790 stlattltaeo
1580 2766 1619 2793 (ita
1637 2766 1664 2794 Α)
1683 2764 1787 2787 nonnulli
1813 2764 1881 2786 codd.
1906 2763 1950 2787 hoc
1975 2763 2077 2786 ludaeis.

1226 2807 1279 2829 Post
1296 2806 1367 2829 verba
1385 2813 1413 2828 cx
1430 2807 1542 2828 Matthaeo
1560 2806 1656 2833 allegata
1678 2805 1730 2827 Vat.
1753 2803 1912 2832 prosequitur:
1936 2803 1998 2825 Sicut
2021 2809 2076 2831 ergo

1226 2847 1316 2875 species
1333 2847 1397 2869 ducit
1414 2846 1436 2868 in
1454 2845 1611 2873 cognitionem
1629 2844 1726 2871 obiecti,
1744 2844 1773 2866 ita
1799 2842 1903 2866 Verbum
1929 2849 1968 2865 seu
1995 2842 2076 2869 Filius,

1226 2885 1265 2914 qui
1283 2888 1317 2908 est
1334 2885 1424 2913 speeies
1441 2885 1524 2911 Patris,
1542 2884 1605 2907 ducit
1623 2884 1645 2905 in
1672 2883 1743 2906 Patris
1769 2883 1935 2911 cognitionem.
1960 2882 2026 2904 Unde
2048 2882 2077 2903 si-

1226 2924 1378 2952 gnantissime
1395 2923 1487 2947 dicebat
1503 2923 1634 2951 Philippus:
1654 2922 1754 2946 Ostende
1771 2921 1837 2945 nobis
1854 2922 1958 2948 Patrem,
1978 2922 1999 2943 et
2015 2919 2077 2949 sufli-

1226 2963 1256 2987 cit
1272 2963 1347 2987 nobis.
1364 2964 1412 2986 Alia
1430 2964 1487 2986 ratio
1505 2966 1551 2990 est,
1569 2963 1623 2992 quia
1641 2962 1670 2984 ab
1692 2962 1730 2984 illo
1754 2961 1911 2989 incipiendum
1935 2962 1981 2986 est,
1999 2966 2011 2981 a
2029 2965 2076 2987 quo

1226 3003 1273 3025 duo
1291 3002 1384 3025 maximi
1403 3003 1552 3030 inceperunt,
1570 3003 1659 3029 Moyses
1676 3004 1719 3023 etc.
