2285 3398
351 107 405 135 174

205 185 428 219 nupiaxpi-ae-dum,
450 185 523 222 quod
544 189 721 223 praeceptum
743 189 858 215 naturae
885 189 926 215 est
952 186 1081 224 duplex:
1100 187 1187 224 quod-

218 216 293 239 eopmm
307 220 331 235 nn

217 238 276 258 tu‘rao.

212 944 285 969 Duplex
297 949 331 963 na-

271 967 330 987 uinta-

201 969 255 987 imo

200 996 250 1011 ΙΙΙΘΠ.

212 1085 326 1105 Notandum.

210 1981 325 2000 Notandum.

331 225 422 266 'dam,
444 231 517 269 quod
539 232 650 269 respicit
677 235 778 261 statum
807 242 1006 267 communem;
1033 234 1185 271 quoddam,

346 279 419 317 quod
440 279 551 316 respicit
571 282 673 308 statum
698 280 862 317 sinyularz's
886 289 1035 318 personae.
1065 281 1185 309 Primum

344 335 398 356 non
420 327 483 364 ligat
503 326 623 364 aliquem
644 335 694 364 per
722 335 751 356 se
778 330 805 356 et
830 327 1026 363 determinate,
1054 328 1185 365 quamdiu

344 378 385 404 est
408 374 493 407 alius,
521 374 569 410 qui
596 373 665 402 illud
692 374 851 403 mandatum
879 375 1004 412 suppleat
1031 375 1073 403 vel
1101 374 1186 411 possit

344 420 466 457 implere.
490 420 520 448 Et
541 420 670 457 quoniam
692 420 770 449 multi
787 424 867 454 sunt,
882 421 929 458 qui
944 421 1111 458 generationi
1126 428 1185 449 car-

344 469 397 497 nali
425 476 538 505 operam
563 468 644 503 dant,
666 472 801 506 quantum
823 470 925 498 sufficit
944 473 1078 503 naturae;
1107 477 1185 506 prae—

344 519 422 553 cepto
443 515 481 544 illi
502 524 556 544 non
579 519 714 553 repugnat
735 516 762 545 in
784 517 916 554 singulari
937 524 1054 554 persona
1068 516 1186 545 servatio

344 562 534 592 continentiae.
557 563 735 600 Praeceptum
756 564 828 593 enim
850 564 917 592 illud
932 572 986 592 non
1000 563 1139 592 descendit
1152 562 1186 591 ad

343 609 463 647 aliquam
475 612 621 647 personam
636 611 832 646 determinate,
854 611 905 639 nisi
927 611 954 639 in
976 618 1041 639 casu
1054 611 1073 644 ¹,
1088 609 1115 638 in
1131 618 1186 647 quo

342 660 443 685 natura
457 665 511 686 non
529 660 621 695 posset
642 658 808 692 subsistere,
829 658 881 686 nisi
903 665 1020 695 persona
1041 657 1087 685 illa
1107 664 1187 693 gene-

342 704 440 733 rationi
462 712 574 741 operam
595 705 689 739 daret,
711 705 782 734 sicut
803 705 854 734 suit
868 705 896 733 in
911 704 1009 739 Adam,
1025 704 1067 733 vel
1083 703 1109 732 in
1125 703 1188 732 filiis

342 751 411 785 Noe,
431 751 534 788 quibus
555 751 659 780 dictum
680 755 721 780 est
742 759 892 788 expresse:
917 751 1038 780 Crescite
1052 755 1077 779 et
1091 750 1188 779 multt-

338 797 494 835 plz‘eamz'm'
514 802 538 827 et
560 798 660 836 replete
681 802 799 827 terram.

421 846 446 873 5.
469 845 506 874 Ad
528 845 596 874 illud
617 845 691 883 quod
712 845 856 875 obiicitur:
888 845 962 883 quod
983 848 1119 883 repugnat
1140 853 1188 874 na-

342 892 424 921 turali
446 892 585 921 dictamini
613 896 654 921 est
676 892 909 930 vituperandum3
930 892 1092 927 dicendum,
1114 892 1188 929 quod

343 942 443 968 natura
463 939 547 971 dictat
574 939 677 976 aliquid
697 939 859 977 dupliciter,
881 940 985 969 scilicet
1004 948 1054 977 per
1075 939 1188 968 modum

343 986 486 1015 commodi
505 989 532 1015 et
552 994 602 1024 per
622 987 735 1015 modum
761 986 877 1016 honesti.
900 987 978 1024 Quod
999 988 1083 1025 igitur
1105 996 1187 1025 repu-

341 1036 406 1071 gnat
427 1034 546 1062 naturali
567 1033 706 1062 dictamini
728 1042 777 1071 per
805 1034 918 1063 modum
946 1033 1056 1063 honesti
1079 1043 1187 1072 semper

341 1084 383 1111 est
403 1081 604 1118 vituperabile;
626 1081 700 1118 quod
721 1084 813 1110 autem
835 1085 970 1119 repugnat
1001 1083 1119 1111 naturali
1147 1083 1188 1111 di-

343 1128 468 1162 ctamini,
491 1128 565 1165 quod
592 1128 675 1157 dictat
700 1128 803 1166 aliquid
824 1137 873 1165 per
893 1129 1006 1158 modum
1028 1129 1187 1164 commodi,

341 1183 396 1204 non
418 1175 571 1204 necessario
597 1178 638 1204 est
658 1176 855 1212 vituperabile,
877 1184 928 1213 pro
948 1184 980 1204 eo
1001 1176 1091 1213 quod,
1117 1177 1187 1205 sicut

341 1222 406 1251 dicit
434 1222 614 1256 Anselmus2,
640 1222 778 1259 appetitus
805 1222 947 1250 commodi
973 1226 1015 1251 est
1043 1223 1070 1251 in
1097 1223 1188 1259 prima

342 1272 441 1298 natura
462 1273 611 1306 corruptus
630 1277 679 1306 per
693 1277 814 1298 amorem
829 1269 892 1297 110111
908 1269 1023 1306 privati,
1038 1270 1085 1307 qui
1102 1270 1187 1298 lz‘bz'do

341 1315 458 1351 dicitur,
474 1319 501 1344 et
515 1316 589 1353 quod
604 1319 740 1353 repugnat
761 1316 806 1344 tali
822 1316 955 1353 appetitui
970 1316 1076 1345 ratione
1091 1325 1187 1345 corru-

341 1363 441 1400 ptionis
468 1363 612 1392 adiunctae
640 1366 729 1400 potest
756 1371 815 1392 esse
843 1363 997 1392 laudabile:
1029 1364 1094 1401 quia
1114 1364 1188 1392 circa

341 1411 393 1439 hoc
414 1411 537 1439 consistit
552 1410 682 1447 perfectio
697 1411 822 1445 virtutis,
844 1413 875 1439 ut
895 1410 1023 1439 dometur
1044 1411 1187 1440 delectatio

340 1461 367 1487 et
388 1458 509 1495 fugiatur
524 1461 551 1487 et
572 1458 756 1498 restringatur
781 1458 886 1494 passio,
908 1458 1029 1487 maxime
1049 1458 1095 1487 illa
1116 1466 1187 1495 quae

340 1508 381 1535 est
402 1508 630 1542 contemporanea
651 1505 722 1534 vitae
733 1505 753 1533 ³.
779 1505 848 1542 Quia
869 1513 934 1543 ergo
956 1506 1017 1534 talis
1044 1505 1187 1534 delectatio

340 1552 485 1581 coniuncta
506 1555 547 1581 est
568 1552 644 1589 operi
666 1552 867 1589 generationis;
891 1553 954 1582 hinc
969 1556 1025 1587 est,
1040 1552 1114 1590 quod
1129 1560 1186 1581 ces-

340 1599 408 1628 satio
422 1599 457 1628 ab
478 1600 523 1628 illo
544 1607 642 1636 opere,
665 1599 728 1636 licet
749 1599 875 1628 videatur
896 1599 1059 1628 contrariari
1074 1599 1186 1628 inclina-

340 1646 405 1675 tioni
426 1646 536 1675 virtutis
550 1647 738 1684 generativae,
754 1647 905 1684 vituperari
921 1656 975 1676 non
990 1647 1086 1682 debet,
1102 1647 1186 1676 immo
1209 1655 1215 1661 “

339 1693 431 1730 potius
452 1696 493 1722 est
515 1693 673 1728 laudabilis,
696 1694 767 1722 sicut
787 1702 856 1723 usus
878 1694 989 1723 virtutis
1010 1694 1155 1731 perfectae.

419 1741 443 1768 6.
460 1740 497 1768 Ad
512 1740 579 1768 illud
594 1740 668 1777 quod
682 1740 824 1774 obiicitur,
840 1741 914 1778 quod
928 1749 1009 1770 omne
1028 1749 1186 1778 repugnans

340 1787 477 1816 communi
500 1787 609 1816 utilitati
625 1791 666 1816 est
688 1787 918 1824 vituperandum
933 1787 1092 1822 dicendum,
1112 1787 1185 1825 quod

339 1835 442 1863 utilitas
464 1834 615 1871 spiritualis
629 1837 669 1863 est
684 1834 863 1871 praeferenda
883 1834 999 1868 carnali,
1015 1837 1041 1863 et
1063 1834 1186 1863 caelestis

340 1885 481 1915 terrenae,
504 1884 530 1909 et
551 1881 675 1910 caelestis
690 1881 900 1918 superponenda
917 1884 958 1909 est
973 1883 1111 1915 terrenae,
1127 1884 1186 1909 tan—

339 1937 422 1967 quam
450 1931 585 1966 perpetua
611 1928 768 1965 temporali,
789 1931 816 1957 et
834 1928 906 1957 sicut
933 1928 996 1956 finis
1016 1936 1186 1965 praeponen-

338 1976 391 2005 dus
412 1980 452 2005 est
474 1976 517 2005 his
538 1983 609 2013 quae
630 1979 695 2004 sunt
716 1976 748 2004 ad
770 1976 883 2004 1111οη14.
912 1975 982 2012 Quia
1006 1972 1099 2013 igitur
1119 1976 1186 2004 haec

340 2023 504 2053 continentia
520 2040 558 2044 -—
579 2023 641 2052 licet
665 2023 791 2052 videatur
812 2023 901 2052 facere
921 2022 956 2051 ad
976 2022 1185 2052 diminutionem

339 2070 484 2099 hominum
506 2071 532 2099 in
555 2071 664 2099 civitate
685 2073 795 2099 terrena
816 2087 852 2091 —
872 2070 937 2108 quia
952 2070 1015 2099 facit
1028 2070 1061 2099 ad
1083 2070 1186 2099 accele-

338 2118 473 2146 rationem
501 2117 609 2146 numeri
635 2118 801 2152 electorum,
830 2118 892 2155 plus
913 2117 1022 2146 utilitati
1045 2117 1184 2147 communi

339 2168 485 2199 consonat,
511 2173 593 2202 quam
616 2168 766 2202 repugnet,
787 2165 908 2194 maxime
930 2173 993 2194 cum
1015 2165 1077 2202 plus
1098 2165 1185 2193 abun—

339 2211 384 2240 det
399 2212 426 2240 in
442 2211 559 2240 terrenis
574 2219 708 2240 numerus
723 2209 845 2240 virorum
865 2212 1015 2241 carnalium
1031 2220 1113 2249 quam
1130 2212 1184 2248 spi-

995 108 1218 145 QUAESTIONES
1239 109 1438 137 DlSPlITATAfi

1243 186 1399 220 ritualium,
1420 194 1456 215 ex
1478 187 1580 223 quibus
1601 189 1702 225 repleri
1724 190 1811 219 valeat
1832 192 1983 228 paradisus.
2012 193 2088 222 Unde

1243 233 1424 270 Augustinus,
1446 233 1474 261 in
1496 234 1566 263 libro
1586 234 1619 263 de
1641 235 1713 264 Bono
1734 237 1869 274 coniugali
1884 239 1910 266 5:
1936 251 1949 264 «
1963 239 2031 268 Cum
2053 241 2087 269 ad

1242 279 1393 308 ineundum
1415 283 1556 315 sanctam,
1578 282 1711 311 sinceram
1734 283 1889 313 societatem
1908 286 2030 323 undique
2050 295 2087 316 ex

1242 326 1371 355 omnibus
1391 327 1519 364 gentibus
1547 328 1624 365 copia
1649 329 1800 365 spiritualis
1827 331 1962 360 exuberet
1989 340 2087 370 cogna-

1242 373 1337 408 tionis,
1358 374 1441 409 etiam
1468 378 1581 412 propter
1608 375 1678 404 filios
1705 376 1777 405 solos
1804 378 1931 415 coniugia
1958 379 2087 416 copulare

1241 421 1398 457 cupientes,
1420 425 1450 450 ut
1471 422 1603 459 ampliore
1621 423 1803 453 continentiae
1817 424 1888 453 bono
1903 426 1994 462 potius
2008 430 2089 455 utan-

1242 470 1298 502 tur,
1331 468 1493 498 admonendi
1524 473 1596 498 sunt.
1626 469 1677 498 Sed
1705 471 1783 505 novi,
1809 471 1875 508 quid
1902 476 2087 502 murmurent.

1242 515 1312 551 Quid
1344 515 1381 550 si,
1413 516 1564 553 inquiunt,
1595 525 1691 546 omnes
1722 518 1822 547 vellent
1853 519 1887 547 ab
1917 520 1991 548 omni
2024 528 2088 549 con-

1243 562 1339 591 cubitu
1359 563 1511 598 abstinere,
1534 564 1607 593 unde
1628 565 1791 594 subsisteret
1809 573 1895 602 genus
1915 566 2088 595 humanum?

1243 609 1351 638 Utinam
1372 610 1424 638 hoc
1444 619 1539 640 omnes
1560 612 1675 647 vellent,
1696 612 1842 641 dumtaxat
1864 613 1890 641 in
1912 613 2034 642 caritate
2055 613 2089 642 de

1244 656 1329 684 corde
1354 665 1431 693 puro
1459 660 1484 685 et
1510 659 1684 688 conscientia
1706 659 1780 687 bona
1802 663 1827 688 et
1843 659 1900 697 fide
1920 669 1977 689 11οη
1998 660 2087 697 sieta!

1244 703 1329 731 Multo
1349 703 1430 732 citius
1449 704 1496 733 Dei
1518 705 1613 734 civitas
1631 706 1817 743 compleretur
1838 710 1865 735 et
1885 707 2088 736 acceleraretur

1245 750 1380 779 terminus
1401 751 1501 780 saeculi
1517 764 1589 780 ».—
1605 753 1645 781 Ex
1667 762 1723 790 quo
1744 757 1873 791 apparet,
1895 754 1968 792 quod
1990 755 2087 785 huius.-

1244 797 1316 826 modi
1338 798 1505 827 continentia
1523 800 1673 828 secundum
1696 801 1839 830 veritatem
1861 810 1914 830 11011
1936 805 2086 840 repugnat,

1245 844 1291 874 sed
1312 848 1443 874 consonat
1464 847 1601 875 communi
1623 846 1742 876 utilitati.

1324 894 1349 921 7.
1372 892 1409 921 Ad
1430 892 1498 921 illud
1519 893 1593 930 quod
1610 894 1747 929 obiicitur,
1763 895 1836 932 quod
1851 896 1962 932 privans
1983 905 2011 925 se
2026 897 2086 925 utili

1244 942 1271 968 et
1292 940 1417 968 rationali
1440 940 1560 969 remedio
1581 942 1663 970 stulte
1683 942 1753 979 agit;
1775 942 1934 977 dicendum,
1956 943 2030 980 quod
2044 952 2087 973 re-

1244 986 1364 1015 medium
1387 986 1455 1015 illud
1478 987 1624 1024 dupliciter
1648 991 1737 1025 potest
1758 989 1944 1018 considerari:
1966 993 2015 1018 aut
2043 998 2087 1019 ra-

1244 1034 1402 1069 tionesuz‘,
1424 1038 1472 1063 aut
1494 1035 1598 1064 ratione
1619 1036 1735 1065 amteoet‘.
1759 1037 1783 1065 Si
1806 1044 1871 1074 ergo
1892 1037 1955 1075 quis
1975 1045 2004 1066 se
2032 1046 2088 1075 pri-

1244 1084 1289 1109 vet
1310 1082 1501 1116 matrimonio,
1523 1082 1652 1118 credens,
1674 1084 1741 1112 illud
1768 1084 1920 1113 remedium
1948 1093 2002 1113 non
2017 1093 2088 1114 esse

1244 1128 1347 1157 bonum
1369 1137 1419 1158 nec
1440 1129 1576 1164 salutare;
1598 1130 1642 1159 bic
1663 1131 1746 1159 stulte
1766 1131 1837 1168 agit,
1865 1131 1930 1168 quia
1957 1132 2027 1161 male
2054 1132 2087 1161 de

1243 1175 1419 1203 matrimonio
1430 1176 1520 1210 sentit,
1536 1179 1666 1213 tanquam
1681 1178 1805 1214 pertidus
1815 1179 1989 1208 Manicliaeus
1999 1179 2019 1207 ὃ.
2035 1179 2087 1216 Qui

1244 1225 1336 1250 autem
1358 1222 1425 1250 illud
1446 1222 1563 1251 declinat
1588 1224 1692 1252 ratione
1717 1225 1841 1258 ct'nneaez',
1870 1225 1972 1254 scilicet
1999 1226 2087 1254 libidi-

1244 1268 1301 1302 nis,
1323 1268 1417 1297 volens
1437 1269 1471 1297 ad
1491 1269 1589 1298 altiora
1609 1270 1808 1305 conscendere,
1830 1280 1884 1299 non
1912 1272 1967 1308 agit
1988 1272 2086 1306 stulte,

1244 1315 1291 1344 sed
1313 1315 1466 1352 sapientem
1488 1316 1553 1353 quia
1573 1316 1654 1345 etiam
1676 1317 1713 1345 in·
1726 1317 1771 1345 illo
1786 1320 1859 1346 statu
1880 1326 1935 1346 non
1956 1321 2030 1347 caret
2044 1326 2087 1347 re-

1244 1362 1348 1396 medio,
1374 1363 1440 1391 dum
1463 1371 1511 1400 per
1536 1364 1648 1392 firmum
1670 1364 1841 1401 propositum
1870 1367 1897 1393 et
1921 1365 2086 1394 exercitium

1244 1410 1411 1439 laboriosum
1433 1414 1459 1439 et
1473 1411 1575 1439 donum
1590 1411 1722 1440 divinitus
1736 1411 1830 1441 datum
1852 1416 1879 1441 et
1893 1416 1987 1441 votum
2005 1412 2087 1441 emis-

1244 1465 1305 1486 sum
1327 1457 1418 1486 fervor
1440 1458 1676 1494 concupiscentiae
1691 1459 1809 1496 amplius
1830 1459 1986 1494 edomatur,
2002 1468 2085 1497 quam

1243 1505 1444 1542 reprimeretur
1465 1513 1514 1542 per
1542 1505 1754 1534 contubernium
1776 1507 1908 1536 maritale.
1931 1507 2006 1536 Unde
2033 1508 2086 1536 Au-

1243 1552 1385 1589 gustinus,
1408 1552 1434 1580 in
1457 1552 1527 1581 libro
1548 1552 1581 1581 de
1602 1554 1700 1581 Sancta
1721 1553 1899 1583 Viduitate⁷:
1927 1566 1940 1580 «
1959 1555 2022 1583 Plus
2042 1563 2087 1584 ar-

1242 1599 1352 1628 dentem
1371 1599 1464 1628 serunt
1485 1599 1624 1628 libidinem
1646 1608 1716 1637 quae
1734 1608 1788 1629 non
1802 1600 1948 1638 desperant
1963 1602 2085 1631 eiusdem

1243 1646 1427 1683 voluptatem
1449 1654 1520 1683 quae
1541 1650 1634 1675 autem
1654 1647 1834 1684 innuptarum
1857 1648 2008 1678 castitatem
2030 1649 2089 1678 Deo.

1243 1696 1380 1721 voverunt
1402 1693 1493 1730 ipsam
1518 1701 1594 1730 spem
1623 1693 1807 1728 subtrahunt,
1835 1703 1906 1731 quae
1934 1695 2019 1724 fomes
2046 1698 2087 1724 est

1242 1740 1356 1774 amoris;
1378 1740 1451 1768 unde
1472 1740 1578 1768 facilius
1593 1740 1813 1776 concupiscentia
1835 1741 2000 1776 refrenatur;
2016 1750 2087 1778 quae

1243 1787 1319 1815 nulla
1339 1786 1543 1823 exspectatione
1564 1786 1741 1815 succenditur
1756 1799 1782 1814 ».

1322 1834 1348 1861 8.
1370 1833 1407 1861 Ad
1429 1833 1496 1861 illud
1517 1833 1591 1870 quod
1616 1833 1754 1867 obiicitur,
1786 1833 1861 1870 quod
1889 1834 1936 1871 qui
1958 1842 1986 1863 se
2014 1842 2087 1863 com-

1243 1880 1327 1908 mittit
1348 1879 1472 1916 periculo
1485 1880 1556 1908 male
1570 1879 1640 1917 agit;
1655 1879 1817 1914 dicendum,
1838 1881 1925 1917 quod,
1947 1881 2018 1911 sicut
2032 1882 2086 1911 iam

1243 1929 1317 1964 patet
1331 1935 1367 1956 ex
1389 1927 1474 1956 verbo
1495 1927 1658 1964 praemisso,
1681 1928 1832 1957 castitatem
1853 1937 1955 1958 vovens
1976 1937 2030 1958 non
2058 1938 2087 1959 se

1243 1974 1389 2003 committit
1403 1974 1541 2011 periculo,
1563 1974 1610 2003 sed
1624 1974 1716 2003 divino
1736 1975 1863 2011 consilio,
1882 1976 1974 2005 divino
1995 1980 2087 2014 patro-

1243 2022 1314 2050 cinio
1334 2025 1361 2051 et
1382 2021 1517 2059 spirituali
1531 2022 1682 2057 exercitio,
1707 2022 1735 2051 in
1756 2031 1812 2060 (1110
1833 2026 1859 2052 01
1880 2024 1994 2061 spiritus
2022 2032 2086 2053 con—

1242 2070 1356 2104 solatur,
1378 2072 1405 2098 et
1425 2069 1571 2098 carnalitas
1592 2072 1750 2105 enervatur,
1772 2073 1798 2099 et
1821 2073 1951 2108 tanquam
1972 2079 2008 2100 ex
2028 2072 2086 2100 loco

1242 2117 1348 2146 munito
1369 2120 1465 2146 contra
1480 2120 1646 2146 tentamenta
1666 2117 1766 2146 diaboli
1780 2118 1814 2146 ad
1836 2118 2084 2155 concupiscentiam

1242 2165 1437 2193 inflammantis
1451 2164 1558 2193 virilius
1571 2165 1726 2193 dimicatur.
1741 2164 1816 2193 Unde
1827 2165 2004 2201 Augustinus,
2016 2165 2043 2193 in
2055 2165 2087 2193 li—

1242 2212 1293 2240 bro
1313 2211 1346 2240 de
1368 2211 1546 2240 Viduitatessz
1573 2222 1586 2236 «
1601 2211 1718 2240 Deliciae
1732 2211 1889 2247 spirituales
1909 2211 2012 2240 deliciis
2026 2219 2085 2240 car-

403 2355 411 2369 ²
430 2357 483 2379 Tria
505 2358 562 2379 haec
578 2355 650 2378 verba
667 2356 842 2384 supplevimuS,
860 2360 885 2379 ut
901 2360 1009 2385 corrupta
1031 2357 1138 2380 codicum
1156 2358 1184 2379 le-

340 2396 385 2420 ctio
403 2400 529 2419 sanaretnr.
546 2396 579 2418 De
596 2396 684 2418 ratione
701 2395 769 2417 buius
781 2397 896 2424 praecepti
914 2398 955 2419 cfr.
972 2397 1016 2419 lV.-
1027 2397 1088 2418 Sent.
1105 2396 1127 2418 d.
1146 2396 1184 2418 26.

340 2442 360 2459 a.
379 2436 399 2458 1.
417 2443 440 2465 q.
458 2436 479 2458 3.
496 2436 519 2457 ln
538 2435 583 2457 fine
600 2435 668 2457 solut.
686 2434 838 2462 respiciuntur
855 2436 911 2457 Gen.
930 2436 955 2463 1,
973 2437 1016 2463 22,
1034 2436 1060 2463 9,
1081 2436 1100 2458 1.

402 2473 411 2487 ²
429 2475 461 2497 De
478 2474 606 2497 Concordia
624 2473 760 2501 praescient.
778 2474 816 2495 Dei
835 2480 887 2496 cum
906 2474 943 2497 lib.
961 2474 1011 2497 arb.
1028 2482 1052 2504 (1.
1069 2475 1090 2497 3.
1108 2480 1127 2497 c.
1147 2475 1183 2497 13.

340 2514 404 2544 (31135
414 2514 472 2543 23.),
485 2514 659 2541 sententialiter3
677 2514 718 2536 cfr.
734 2513 763 2535 dc
780 2512 890 2541 Concept.
902 2514 966 2542 Virg.
979 2520 1000 2536 c.
1016 2515 1037 2536 ⁴2.
1056 2514 1088 2536 De
1105 2506 1185 2536 distin-

339 2553 414 2576 ctione
426 2553 513 2576 bonesti
532 2556 554 2575 et
570 2552 687 2575 commodi
705 2553 745 2574 cfr.
763 2559 831 2580 supra
850 2559 903 2581 pag.
922 2553 977 2581 167,
994 2556 1048 2576 11013
1066 2554 1088 2576 2.
1099 2565 1130 2570 —
1141 2554 1183 2575 Pro

336 2592 418 2622 prima
434 2594 525 2615 natura
541 2593 559 2615 A
576 2592 628 2622 ipsa
645 2593 741 2615 natura.

401 2630 411 2643 ⁵
429 2632 481 2654 Scil.
498 2632 618 2660 voluptas,
641 2631 671 2654 de
693 2637 739 2660 qua
761 2631 864 2659 Aristot„
886 2632 909 2654 ll.
932 2632 1002 2655 Etbic.
1019 2638 1039 2655 c.
1057 2633 1085 2654 3:
1104 2632 1183 2659 Adde,

340 2672 404 2700 quod
421 2671 450 2694 ab
468 2671 560 2694 infantia
579 2672 628 2700 ipsa
645 2671 753 2699 voluptas
777 2671 799 2693 in
821 2671 930 2694 omnibus
948 2671 1014 2695 nobis
1032 2667 1137 2699 inolevit,
1159 2674 1184 2694 ut

340 2710 431 2733 difficile
447 2711 476 2733 sit
492 2711 598 2734 affectum
615 2710 730 2733 eiusmodi
748 2711 807 2733 vitae
825 2714 917 2733 nostrae
934 2718 994 2739 pene
1011 2712 1183 2740 incorporatum

323 2752 408 2779 ·atque
433 2749 565 2773 imbibitum
582 2747 619 2779 [τὸ
637 2749 707 2775 πάθος
724 2747 905 2782 ἐγκεχρωσμένον
927 2753 958 2781 τῷ
980 2749 1033 2782 βίῳ]
1053 2755 1184 2780 extergere.

340 2789 386 2813 Cir.
403 2789 459 2813 ibid.
476 2796 496 2813 e.
513 2791 542 2817 ὃς
559 2792 582 2812 01
599 2790 628 2812 de
645 2790 729 2812 virtute
746 2790 847 2817 perfecta
865 2790 896 2812 111.
915 2791 976 2813 Sent.
993 2791 1016 2813 d.
1033 2791 1070 2814 36.
1087 2798 1111 2820 q.
1128 2792 1150 2814 3.

401 2827 411 2841 ¹¹
429 2829 561 2852 secundum
579 2822 683 2856 aristot,
702 2829 734 2851 111.
751 2829 833 2856 Το1110.
850 2834 870 2851 e.
889 2829 909 2851 1.
925 2842 956 2846 -
972 2829 1046 2853 Codd.
1072 2831 1115 2852 1100
1132 2831 1183 2853 1000

341 2870 394 2891 sunt
411 2868 439 2890 113
457 2868 571 2896 corrupti,
588 2870 613 2890 ut
629 2867 769 2896 primitivam
787 2867 908 2890 lectionem
925 2871 987 2891 certo
1003 2869 1122 2892 restituere
1136 2876 1183 2891 non

340 2907 492 2935 potuerimus.
513 2907 566 2929 Post
587 2906 691 2930 caelestis
714 2907 758 2930 DE
783 2907 917 2929 continuant
938 2908 1132 2937 superponendus
1151 2907 1182 2937 [Α

1241 2355 1395 2386 imponenda]
1414 2357 1449 2379 est
1463 2355 1556 2379 ratione
1574 2355 1598 2385 [tt
1615 2356 1633 2378 A
1650 2356 1772 2385 terrenae]
1798 2357 1914 2386 tauquam
1927 2363 1974 2387 pro
1988 2359 2085 2387 peccato

1241 2394 1276 2425 [A
1291 2393 1382 2424 poena]
1400 2394 1537 2424 temporali,
1551 2396 1573 2418 et
1588 2394 1650 2418 sicut
1667 2394 1698 2425 [Α
1715 2394 1765 2425 sic]
1780 2395 1843 2426 finis.
1862 2396 1893 2418 Ex
1915 2399 2020 2419 contextu
2044 2403 2085 2425 ap-

1241 2437 1318 2462 paret,
1336 2440 1467 2459 sermonem
1484 2440 1535 2456 esse
1552 2434 1581 2457 de
1597 2435 1727 2463 supplendo
1745 2435 1847 2458 caelestis
1863 2435 1960 2458 civitatis
1980 2436 2084 2463 defectu,

1241 2479 1311 2502 quem
1324 2473 1447 2496 introduxit
1463 2479 1530 2496 casus
1547 2475 1695 2503 angelorum,
1713 2481 1812 2504 quorum
1833 2475 1917 2497 «ruina
1934 2475 2083 2497 restauranda

1241 2516 1287 2540 est,
1299 2516 1338 2535 aut
1352 2519 1452 2541 superna
1470 2514 1549 2536 cixitas
1566 2513 1694 2537 remanebit
1710 2514 1842 2543 imperfecta
1857 2523 1866 2534 n
1891 2514 1925 2543 (ll.
1942 2514 2004 2536 Sent.
2021 2514 2044 2536 (1.
2061 2514 2082 2536 9.

1241 2559 1265 2581 (1.
1282 2552 1304 2575 5.
1320 2552 1423 2575 fundam.
1440 2553 1465 2580 3,
1479 2554 1520 2576 cfr.
1538 2553 1593 2576 ibid.
1610 2554 1693 2583 corp.).
1709 2553 1824 2577 (ΣΠ-,111113
1842 2560 1861 2576 a.
1880 2554 1901 2576 3.
1913 2553 1981 2575 solut.
1998 2553 2027 2575 ad
2048 2553 2082 2576 11.

1240 2593 1264 2614 111
1282 2598 1330 2620 seq.
1348 2592 1506 2620 propositione
1522 2593 1632 2621 repetitur
1650 2596 1702 2622 post
1719 2592 1873 2621 parenthesim
1890 2592 2000 2620 particula
2018 2592 2084 2622 qum.

1303 2629 1312 2642 ⁶
1329 2630 1385 2659 Cap.
1402 2632 1424 2654 9.
1441 2638 1463 2654 n.
1481 2632 1501 2654 9.
1519 2635 1541 2654 et
1557 2638 1577 2655 c.
1593 2632 1630 2655 40.
1646 2638 1669 2655 n.
1688 2631 1786 2659 ¹iO,·ubi
1804 2631 1825 2653 in
1843 2630 1947 2658 originali
1969 2633 2021 2653 ante
2037 2631 2083 2654 sin-

1241 2676 1320 2707 ceram
1337 2671 1430 2698 ponitur
1447 2673 1480 2700 et,
1503 2671 1602 2694 subinde
1621 2677 1701 2694 omnes
1718 2669 1822 2694 homines
1847 2669 1918 2692 velint
1935 2676 1977 2697 pro
2002 2676 2082 2694 omnes

1240 2709 1338 2738 vellent,
1356 2710 1457 2739 denique
1473 2710 1582 2734 subsistet
1599 2716 1641 2738 pro
1658 2708 1801 2733 subsisteret.
1817 2720 1848 2725 —
1860 2708 1934 2730 Locus
1952 2708 2084 2737 scripturae

1240 2752 1274 2772 est
1291 2749 1306 2772 1.
1323 2749 1383 2772 Tim.
1402 2750 1409 2772 Ἰ1
1422 2768 1427 2778 ,
1445 2750 1466 2772 5.

1302 2787 1312 2800 ὅ
1328 2788 1373 2812 Csr.
1391 2792 1433 2812 art.
1450 2789 1557 2818 praeced.
1575 2789 1597 2811 in
1615 2794 1680 2816 corp.

1302 2827 1311 2840 ⁷
1329 2829 1382 2851 Sive
1399 2829 1428 2851 de
1445 2830 1509 2851 Bono
1526 2829 1654 2855 viduitatis,
1667 2834 1686 2851 c.
1699 2828 1736 2850 20.
1752 2833 1775 2850 n.
1792 2826 1834 2854 25;
1852 2826 1891 2849 ubi
1909 2830 1960 2849 ante
1977 2827 2083 2857 volupta-

1239 2869 1285 2891 tem
1302 2869 1394 2891 additur
1412 2868 1522 2892 libidines.
1538 2868 1583 2892 Csr.
1600 2869 1637 2891 lV.
1654 2868 1716 2890 Sent.
1733 2867 1755 2890 d.
1773 2866 1810 2890 37.
1828 2872 1848 2889 a.
1863 2866 1882 2889 1.
1899 2873 1923 2895 (1.
1940 2868 1961 2890 3.
1978 2867 2007 2890 ad
2026 2868 2047 2890 11.
2059 2868 2082 2890 2.

1302 2906 1311 2920 ⁸
1328 2908 1383 2937 Cap.
1400 2909 1437 2931 21.
1455 2915 1477 2931 11.
1496 2909 1533 2931 26.
1550 2909 1573 2931 111
1591 2908 1637 2930 fine
1654 2910 1726 2930 textus
1743 2906 1864 2934 respicitur
1881 2906 1924 2929 lac.
1944 2907 1967 2933 t,
1990 2906 2024 2929 17.

2100 994 2203 1015 Distinetio

2068 1037 2072 1042 .
2108 1019 2196 1038 notanda.

2101 1322 2215 1342 Notandum.

2101 1926 2215 1955 adea-idum.
