2285 3398
376 158 393 185 8
1026 158 1249 194 QUAESTIONES
1269 141 1468 188 0151011111

373 234 420 262 1113
441 242 511 271 quae
534 238 715 262 tantumest:
737 234 758 262 si
780 233 865 270 erg0¹
893 234 980 263 maior
1007 234 1155 263 similitudo
1175 237 1216 262 est

372 280 459 310 maior
480 280 549 308 ratio
570 280 764 317 cognoscendi,
785 288 851 316 ergo
872 280 946 309 Deus
965 281 1051 317 magis
1077 280 1215 317 cognoscit

372 335 456 356 unam
477 330 634 356 creaturam
655 336 738 364 quam
759 327 849 356 aliam.

450 375 474 402 7.
497 374 578 407 ltem,
600 374 621 402 si
647 373 801 403 intellectus
828 376 921 402 noster
948 376 1019 403 esset
1048 374 1159 403 omnino
1188 373 1214 402 in

369 424 445 455 actu,
466 429 520 450 non
545 421 680 458 indigeret
706 421 899 450 similitudine:
925 429 991 459 ergo
1018 429 1081 450 cum
1105 421 1215 449 divinus

368 467 523 496 intellectus
544 467 656 495 omnino
671 467 705 496 sit
726 467 754 495 in
768 470 831 496 actu
844 468 854 484 2
875 470 902 496 et
920 467 970 496 lux
986 470 1112 504 respectu
1127 466 1216 495 omnis

368 513 572 551 cognoscibilis,
594 513 713 548 videtur,
727 514 801 551 quod
822 513 856 542 ad
877 514 924 542 Dei
944 514 1124 551 cognitionem
1140 513 1227 545 nulla¹

370 560 523 597 requiritur
544 561 614 588 ratio
635 560 830 589 similitudinis.

447 607 473 634 8.
496 607 577 640 Item,
603 607 753 635 siinilitudo
773 610 818 636 est
838 608 909 636 ratio
934 607 1046 635 ductiva
1071 607 1097 635 in
1127 606 1215 640 aliud,

370 653 472 682 scilicet
493 653 520 681 in
541 653 610 682 illud
631 653 712 682 cuius
732 657 774 682 est
798 654 960 687 similitudo;
982 653 1030 682 ubi
1055 656 1147 682 autem
1175 656 1216 682 est

369 700 431 729 talis
450 700 552 734 ductio,
574 700 609 728 ibi
632 703 674 729 est
687 700 822 729 decursus
842 704 869 729 et
883 700 991 729 collatio
1012 700 1215 734 ratiocinativa,

369 747 421 775 hoc
442 749 535 775 autem
556 747 633 775 nullo
660 747 740 777 modo
761 747 889 784 competit
916 747 1024 776 divinae
1049 747 1214 784 cognitioni:

370 800 437 830 ergo
457 801 507 822 nec
529 793 600 821 ratio
621 793 814 822 similitudinis.

449 841 474 868 9.
498 840 575 874 ltem,
598 841 699 869 veritas
719 843 760 869 est
788 840 856 869 ratio
878 841 1072 877 cognoscendi,
1100 849 1167 878 ergo
1188 841 1215 869 in

368 887 509 924 potissima
530 887 683 923 cognitione
703 887 842 923 potissime
866 887 988 915 salvatur
1013 888 1126 917 intentio
1147 888 1215 916 veri-

370 933 448 967 tatis;
474 933 521 961 sed
542 933 643 961 veritas
667 933 754 970 magis
784 933 905 962 salvatur
935 933 963 961 in
990 934 1049 971 ipsa
1074 943 1104 963 re
1131 943 1214 971 quam

369 980 396 1009 in
417 980 477 1008 eius
498 980 689 1009 similitudine:
718 988 784 1017 ergo
805 980 826 1009 si
847 980 939 1009 divina
963 981 1081 1018 cognitio
1101 985 1142 1010 est
1170 990 1214 1010 no-

369 1026 516 1060 bilissima,
538 1035 592 1055 non
619 1027 757 1064 cognoscit
782 1035 826 1056 res
854 1036 902 1064 per
931 1028 1138 1063 similitudines,
1167 1029 1213 1057 sed

371 1081 419 1110 per
441 1074 581 1102 essentias.

454 1122 494 1148 lt).
512 1121 589 1154 ltem,
606 1121 801 1158 Philosophus,
817 1122 843 1150 in
859 1122 940 1151 tertio
960 1122 993 1151 de
1015 1122 1109 1151 Anima
1121 1123 1143 1151 ³:
1161 1133 1174 1148 «
1187 1123 1214 1151 ln

370 1167 503 1204 separatis
514 1176 529 1195 a
543 1168 657 1197 materia
672 1168 742 1198 idem
755 1172 795 1197 est
809 1169 885 1207 quod
900 1169 1062 1207 intelligitur
1076 1173 1103 1199 et
1115 1179 1195 1208 quo»
1207 1181 1213 1204 ;

369 1214 416 1243 sed
438 1214 511 1242 Deus
532 1218 572 1243 est
586 1215 697 1244 omnino
717 1218 860 1252 separatus
874 1225 890 1244 a
910 1217 1036 1245 materia:
1058 1225 1124 1254 ergo
1138 1217 1216 1256 quod

369 1261 508 1298 cognoscit
532 1264 559 1289 et
586 1270 641 1299 quo
666 1263 804 1299 cognoscit
824 1266 865 1291 est
893 1263 972 1292 idem.
998 1264 1050 1292 Sed
1077 1264 1215 1300 cognoscit

370 1315 415 1336 res
435 1310 532 1336 extra:
554 1316 619 1345 ergo
634 1309 771 1345 cognoscit
785 1317 831 1337 eas
852 1317 901 1346 per
916 1317 980 1338 suas
1001 1310 1145 1343 essentias,
1161 1318 1215 1338 non

368 1362 418 1391 per
439 1354 630 1383 similitudines
651 1355 764 1392 aliquas.

454 1402 494 1429 ll.
518 1401 598 1435 item,
622 1401 789 1439 ubicumque
810 1406 851 1431 est
873 1403 1028 1431 iumiediata
1052 1406 1079 1432 et
1100 1403 1215 1433 indivisa

369 1448 526 1477 coniunctio
547 1449 735 1485 cognoscentis
749 1452 776 1478 et
790 1450 994 1486 cognoscibilis,
1017 1459 1071 1479 non
1090 1454 1130 1479 est
1145 1460 1214 1488 opus

370 1495 563 1528 similitudine;
586 1495 633 1524 sed
654 1496 727 1524 Deus
748 1500 788 1525 est
810 1496 923 1525 intimus
944 1497 1057 1526 cuilibet
1079 1498 1117 1526 rei
1140 1506 1213 1527 crea-

370 1546 427 1571 tae:
450 1550 515 1579 ergo
536 1542 569 1570 ad
590 1543 650 1571 eius
671 1543 851 1580 cognitionem
873 1552 927 1572 non
946 1544 1048 1582 indiget
1068 1545 1161 1582 aliqua
1181 1546 1215 1575 51-

368 1589 531 1617 militudine.

451 1638 491 1665 12).
516 1637 596 1670 item,
618 1637 735 1666 nobilior
766 1641 806 1666 est
836 1638 935 1667 modus
960 1639 1141 1676 cognoscendi
1162 1648 1211 1676 per

367 1683 511 1712 essentiam
533 1691 615 1720 quam
637 1692 686 1721 per
701 1684 921 1718 similitudinem:
944 1685 1017 1722 quod
1038 1689 1125 1723 patet7
1147 1687 1212 1724 quia

366 1730 417 1759 iste
438 1730 535 1759 modus
556 1731 735 1767 cognoscendi
761 1735 865 1768 spectat
893 1732 926 1761 ad
954 1733 1067 1761 tertium
1088 1733 1210 1767 caelum,

365 1776 436 1806 sicut
456 1777 521 1806 dicit
543 1778 712 1814 Augustinus
742 1779 904 1807 duodecimo
926 1787 1010 1815 super
1031 1779 1157 1808 Genesim
1178 1779 1212 1808 ad

365 1824 522 1853 litteram⁴:
544 1833 609 1862 ergo
630 1826 652 1854 si
674 1825 808 1854 nobiliora
835 1829 900 1854 sunt
921 1826 977 1854 Deo
999 1826 1154 1859 tribuenda,
1176 1826 1213 1854 vi-

364 1871 461 1904 detur,
483 1872 557 1907 quod
578 1872 664 1908 magis
686 1872 850 1900 conveniens
872 1872 907 1900 sit
922 1879 1033 1908 ponere,
1049 1872 1124 1908 quod
1138 1872 1212 1900 Deus

365 1921 510 1953 cognoscat
532 1926 576 1946 res
598 1926 647 1954 per
668 1918 799 1946 essentias
820 1926 905 1954 quam
927 1926 975 1954 per
997 1918 1197 1946 similitudines.

448 1963 488 1991 13.
513 1964 593 1997 ltem,
614 1967 718 2000 quanto
749 1964 867 2000 cognitio
898 1967 940 1992 est
971 1964 1104 1998 nobilior,
1137 1967 1213 1993 tanto

365 2010 546 2038 immediatior
574 2013 615 2039 est
636 2010 792 2039 coniinctio
822 2013 849 2038 et
876 2011 942 2039 unio
970 2011 1159 2048 cognoscentis
1179 2011 1213 2039 ad

365 2057 561 2094 cognoscibile3
584 2057 630 2085 sed
657 2057 749 2085 divina
776 2057 894 2094 cognitio
923 2058 1007 2086 habet
1028 2058 1212 2086 omnimodam

365 2103 549 2132 nobilitatem:
579 2111 645 2140 ergo
675 2106 702 2132 et
733 2104 959 2140 perfectissimam
990 2105 1128 2134 unionem.
1161 2105 1212 2134 Sed

366 2150 548 2179 immediatior
569 2153 610 2179 est
638 2150 815 2180 coniunctio5
840 2154 866 2179 et
888 2151 962 2185 unio,
984 2152 1095 2188 quando
1116 2160 1212 2189 cogno-

366 2205 444 2227 scens
466 2197 561 2226 unitur
576 2198 750 2235 cognoscibili
765 2202 900 2235 quantum
921 2198 955 2227 ad
975 2199 1035 2228 eius
1056 2200 1210 2235 essentiam,

366 2252 449 2281 quam
470 2247 605 2281 quantum
627 2245 661 2273 ad
681 2245 741 2274 eius
762 2245 981 2274 similitudinem:
1003 2254 1069 2283 ergo
1090 2249 1140 2275 etc.

424 2545 431 2558 ¹
450 2546 466 2569 C
484 2547 548 2569 addit
563 2547 692 2571 seminudo
715 2548 739 2571 in
761 2549 807 2571 Deo
825 2550 859 2571 ese
876 2548 937 2572 racio
960 2548 1126 2578 coenoscendz',
1145 2552 1167 2572 et
1184 2550 1205 2572 in
1242 2550 1245 2554 ⁴

361 2586 407 2608 fine
424 2592 474 2613 arg.
492 2585 611 2613 subiungit
627 2585 668 2608 sed
684 2586 727 2609 hoc
743 2588 778 2610 est
792 2587 897 2616 fulsum:
914 2593 971 2617 erqo
988 2589 1029 2611 etc.

422 2624 431 2637 ²
448 2626 521 2648 DEH
538 2625 569 2648 sit
585 2626 662 2648 actus.

421 2663 430 2676 ³
449 2665 513 2687 Text.
535 2664 569 2687 15.
587 2664 617 2693 (c.
635 2664 679 2693 4.),
697 2664 736 2686 ubi
749 2664 828 2692 docet,
841 2664 862 2686 in
875 2664 1007 2687 substantiis
1018 2665 1207 2689 immaterialibus

359 2704 420 2727 idem
438 2711 488 2727 esse
506 2704 634 2732 intelligens
651 2710 678 2726 ac
695 2703 846 2732 intelligibile,
858 2704 924 2726 etsie
941 2704 1001 2727 idem
1020 2710 1033 2727 a
1049 2711 1074 2727 se
1091 2708 1113 2728 et
1129 2712 1207 2733 perse

360 2742 461 2771 intelligi.
478 2755 508 2759 —
526 2744 549 2765 ln
567 2743 613 2765 ssne
630 2749 679 2771 arg.
697 2749 739 2771 pro
756 2742 850 2772 aliquus
868 2743 883 2765 F
900 2748 966 2766 suas.

420 2780 429 2793 ⁴
445 2782 501 2811 Cap.
518 2783 540 2805 6.
557 2789 581 2805 n.
603 2782 636 2805 15.
654 2789 732 2812 seqq.,
751 2781 790 2804 ubi
808 2782 927 2811 distinguit
944 2782 1056 2810 triplicem
1079 2782 1205 2811 visionem,

358 2820 406 2842 scil.
424 2822 567 2848 corporalem
585 2822 636 2850 (per
648 2821 752 2850 corporis
764 2822 854 2851 sensus)
862 2839 868 2849 ,
880 2822 1022 2850 spiritualem
1034 2825 1056 2845 et
1067 2822 1206 2846 intellectua-

358 2860 415 2887 lem,
433 2861 511 2882 ultima
529 2862 654 2890 respondet
670 2861 737 2885 tertio
755 2861 831 2889 eaelo,
850 2862 870 2884 in
888 2862 952 2891 quod
969 2865 1048 2891 raptus
1066 2865 1099 2885 est
1108 2860 1206 2892 'Aposto-

356 2900 392 2922 lus
411 2899 494 2921 Paulus
512 2900 545 2927 (ll.
562 2899 614 2923 Cor.
636 2902 675 2928 12,
692 2901 733 2931 2.).

420 2937 429 2951 ⁶
448 2940 477 2961 lta
496 2940 527 2967 ll,
545 2939 565 2961 in
584 2940 632 2962 aliis
650 2940 759 2970 coqueio.

1589 244 1797 266 CONCLUSIO.

1272 328 1350 357 Deus
1363 330 1507 366 cognoscit
1522 338 1568 358 res
1579 339 1633 367 pet·
1648 331 1775 359 rationes
1789 334 1939 365 aeternas,
1959 341 2034 370 quae
2047 336 2117 361 sunt

1350 385 1451 404 rerum
1464 376 1670 405 sz‘mz'ctcmlt'nes
1684 370 1860 414 exemplares
1874 382 1898 406 et
1909 378 2117 416 perfectissime

1349 424 1611 460 repraesentativde
1631 432 1667 452 ae
1688 425 1870 461 αρν-6831111113
1885 428 1969 463 atque
1983 426 2057 454 idem
2078 434 2116 454 es-

1348 470 1522 503 sentialiter,
1544 471 1621 508 qaod
1641 474 1681 499 est
1702 472 1762 508 ipse
1784 472 1867 499 Deus.

1350 563 1525 592 RESPONDEO:
1548 564 1715 598 Dicendum,
1737 565 1810 601 quod
1831 565 1984 593 secundum
2005 565 2116 594 beatum

1272 608 1430 645 Dionysium
1452 613 1479 638 et
1500 611 1652 639 secuudum
1674 611 1785 640 beatum
1806 612 1989 648 Augustinum
2011 613 2038 641 in
2060 613 2118 649 plu-

1272 654 1350 683 ribus
1365 655 1442 689 locis,
1458 656 1531 685 Deus
1551 658 1690 694 cognoscit
1712 666 1756 687 res
1777 667 1825 695 per
1847 659 1966 687 rationes
1980 661 2115 688 aeternas.
2129 665 2226 684 Conclusio
2236 665 2255 684 1-

1271 701 1313 729 Ait
1334 702 1406 730 enim
1428 702 1524 732 beatus
1545 704 1690 741 Dionysius
1712 705 1739 733 in
1762 705 1831 734 libro
1851 706 1884 734 de
1907 706 2010 735 Divinis
2031 707 2118 735 Nomi-

1272 748 1370 782 nibus,
1391 749 1511 785 capitulo
1532 751 1666 786 quinto⁶z
1693 763 1706 777 «
1719 752 1908 789 Eaemplurict
1921 753 2039 781 dicimus
2059 761 2118 782 esse

1272 794 1299 822 in
1321 795 1376 823 Deo
1397 795 1574 824 existentium
1596 798 1715 827 rationes
1736 798 1967 828 sulistaiitilicatas
1981 803 2008 829 et
2029 800 2120 837 singu-

1271 841 1366 870 lariter
1387 842 1613 878 praeexistentes,
1632 852 1702 880 quas
1717 846 1850 881 theologia
1864 846 2117 883 praedefinitiones

1271 891 1365 922 vocat,
1396 892 1423 917 et
1450 889 1556 918 divinas
1583 893 1610 918 et
1638 890 1722 920 bonas
1754 893 1908 921 voluntates
1938 893 2117 922 existentium

1270 934 1494 964 determinativas
1521 939 1548 964 et
1576 937 1728 971 etl'ec-tivas,
1757 939 1908 967 secundum
1934 948 2003 975 quas
2025 948 2118 976 super-

1269 982 1457 1010 substantialis
1478 983 1625 1011 existentia
1646 984 1737 1012 omnia
1759 985 1949 1021 praedefinivit
1969 989 1996 1014 et
2017 986 2117 1022 produ-

1270 1029 1350 1057 xit».
1374 1029 1451 1063 ltem,
1474 1029 1642 1066 Augustinus
1657 1030 1684 1058 in
1700 1031 1788 1067 primo
1809 1031 2030 1066 Confessiomun,
2045 1032 2115 1061 circa

1270 1076 1452 1113 principium,
1480 1077 1512 1105 ad
1545 1077 1633 1105 Deum
1666 1078 1795 1115 loquens,
1817 1078 1854 1106 ait
1881 1079 1935 1107 sic:
1963 1079 2061 1108 «Deus
2091 1083 2118 1108 et

1269 1123 1396 1152 dominus
1428 1124 1551 1152 omnium
1583 1132 1654 1161 quae
1675 1125 1790 1158 creasti,
1812 1128 1838 1154 et
1869 1126 1942 1162 apud
1974 1129 1999 1155 te
2021 1134 2115 1155 rerum

1270 1170 1393 1198 omnium
1415 1170 1583 1199 instabilium
1599 1174 1672 1199 stant
1693 1179 1807 1205 causae,
1829 1175 1856 1200 et
1877 1181 1973 1201 rerum
1994 1173 2117 1201 omnium

1270 1216 1444 1245 mutabilium
1466 1217 1650 1246 immutabiles
1671 1221 1782 1247 manent
1802 1219 1937 1255 origines,
1952 1223 1979 1248 et
1993 1220 2117 1248 omniurn

1271 1262 1501 1291 irrationabilium
1532 1266 1560 1291 et
1591 1265 1784 1300 temporalium
1816 1266 1998 1302 sempiternae
2019 1267 2117 1295 vivunt

1271 1309 1428 1337 rationes».
1452 1310 1530 1343 ltem,
1546 1310 1572 1338 in
1587 1310 1732 1339 undecimo
1746 1311 1779 1339 de
1793 1311 1907 1340 Civitate
1922 1313 1983 1346 Dei,
1998 1313 2119 1349 capitulo

1270 1355 1375 1385 decimo
1387 1356 1406 1390 ⁷,
1428 1357 1466 1385 ait
1487 1357 1573 1386 idem:
1601 1358 1682 1386 «Non
1704 1358 1822 1391 multae,
1844 1359 1891 1387 sed
1913 1367 1968 1387 una
1986 1359 2119 1396 sapientia

1270 1405 1326 1436 est,
1348 1403 1375 1431 in
1406 1412 1462 1440 qua
1483 1407 1547 1432 sunt
1569 1404 1675 1433 intinita
1695 1404 1828 1441 quaedam
1857 1405 1937 1442 eique
1966 1406 2034 1434 finiti
2063 1406 2120 1435 1110-

1270 1450 1344 1478 sauri
1373 1458 1468 1479 rerum
1497 1451 1721 1488 intelligibilium,
1750 1452 1777 1480 in
1802 1452 1905 1488 quibus
1933 1456 1997 1481 sunt
2025 1461 2120 1482 01111105

1270 1496 1418 1526 invisibiles
1429 1500 1512 1534 atque
1528 1498 1765 1527 incommutabiles
1780 1499 1900 1528 rationes
1915 1507 2020 1534 rerum,
2038 1500 2120 1529 etiam

1268 1543 1417 1573 visibilium
1432 1547 1459 1573 et
1473 1545 1663 1579 mutabilium,
1686 1554 1757 1582 quae
1773 1554 1821 1582 per
1837 1546 1924 1582 ipsam
1938 1546 2025 1576 sactae
2040 1550 2119 1581 sunt,

1269 1591 1398 1627 quoniam
1420 1591 1493 1620 Deus
1514 1600 1568 1620 non
1590 1592 1693 1629 aliquid
1715 1592 1839 1621 nesciens
1860 1593 1922 1621 fecit
1936 1604 1950 1619 »
1976 1597 2027 1622 etc.

1347 1638 1399 1667 Hae
1420 1641 1513 1667 autem
1534 1639 1716 1675 sempiternae
1738 1640 1857 1668 rationes
1876 1648 1930 1667 non
1945 1644 2009 1668 sunt
2024 1648 2119 1668 rerum
2132 1647 2230 1667 conclusio
2240 1648 2259 1667 2.

1267 1685 1399 1714 essentiae
1421 1693 1502 1714 verae
1523 1689 1550 1714 et
1571 1685 1752 1722 quidditates,
1775 1694 1839 1714 cum
1861 1694 1914 1714 non
1937 1686 1991 1714 sint
2011 1686 2086 1715 aliud
2104 1695 2120 1715 a

1268 1731 1411 1766 Creatore;
1427 1735 1556 1760 creatura
1569 1734 1662 1760 autem
1677 1735 1704 1760 et
1718 1732 1831 1760 Creator
1846 1732 2000 1760 necessario
2019 1733 2121 1762 habent

1267 1779 1399 1808 essentias
1425 1778 1597 1807 differentes:
1623 1781 1650 1806 et
1671 1778 1730 1807 ideo
1752 1786 1862 1807 necesse
1883 1782 1939 1812 est,
1965 1779 2039 1816 quod
2066 1780 2120 1809 sint

1268 1825 1372 1853 formae
1393 1825 1579 1860 exemplares,
1594 1832 1625 1852 ac
1641 1831 1690 1860 per
1712 1824 1764 1852 hoc
1786 1824 1909 1860 ipsariun
1932 1833 2027 1854 rerum
2049 1827 2120 1855 511111-

1269 1871 1398 1900 litudines
1419 1871 1686 1907 repraesentativae;
1708 1874 1735 1899 et
1756 1871 1816 1899 ideo
1837 1873 2016 1908 cognoscendi
2039 1874 2118 1902 ratio-

1268 1925 1317 1946 nes
1338 1920 1418 1950 sunt,
1440 1917 1506 1953 quia
1527 1917 1660 1954 cognitio,
1683 1917 1734 1945 hoc
1755 1918 1815 1954 ipso
1836 1918 1909 1954 quod
1924 1919 2058 1955 cognitio,
2079 1928 2119 1949 as-

1268 1963 1460 1992 similationem
1480 1963 1546 1992 dicit
1560 1966 1587 1992 et
1601 1964 1809 2000 expressionem
1824 1965 1895 1993 Inter
1910 1969 2117 2002 cognoscentem

1267 2014 1294 2039 et
1318 2010 1508 2047 cognoscibile.
1541 2011 1572 2039 Et
1603 2010 1663 2039 ideo
1693 2012 1852 2048 ponendum
1880 2015 1936 2046 est,
1965 2012 2117 2041 secundum

1268 2057 1342 2094 quod
1363 2058 1452 2086 Sancti
1474 2057 1570 2086 dicunt
1590 2061 1617 2086 et
1640 2058 1759 2087 rationes
1780 2059 1944 2093 ostendunt,
1968 2059 2055 2088 Deum
2077 2067 2118 2088 co—

1268 2113 1399 2142 gnoscere
1421 2114 1465 2134 res
1486 2114 1535 2143 per
1556 2114 1652 2134 earum
1674 2106 1874 2135 similitudines.

1346 2153 1383 2181 Ad
1404 2153 1610 2190 intelligentiam
1632 2156 1724 2182 autem
1746 2154 1832 2190 ipsius
1851 2155 2019 2190 quaestionis
2033 2157 2060 2184 et
2073 2155 2118 2183 ob-

1267 2199 1402 2228 iectorum
1424 2199 1574 2228 notandum
1595 2203 1651 2233 est,
1680 2200 1754 2237 quod
1781 2200 1942 2228 sz‘mz'lvjcado
1970 2200 2236 2250 iluplicitei·sidrn1·1¹itudo

1267 2247 1387 2276 dicitur:
1409 2255 1465 2276 uno
1486 2246 1567 2275 modo
1589 2254 1638 2283 per
1656 2247 1874 2276 convenientiam
1889 2247 2008 2276 duorum
2023 2248 2051 2276 in
2065 2251 2118 2277 ter·
2159 2236 2220 2255 φοι

1325 2548 1335 2562 ⁶
1351 2551 1444 2579 Paragr.
1463 2551 1485 2574 8.
1501 2563 1533 2568 —
1550 2551 1596 2573 DH
1613 2552 1670 2573 haec
1686 2550 1758 2573 verba
1776 2550 1878 2578 Dionysii
1896 2549 2003 2572 omittunt
2025 2552 2047 2572 et
2063 2556 2113 2573 ver-

1263 2588 1347 2612 borum
1364 2590 1474 2619 August„
1492 2591 1507 2613 l.
1524 2590 1628 2613 Contess.
1645 2596 1665 2613 0.
1682 2590 1704 2612 6.
1722 2596 1744 2612 11.
1756 2590 1783 2617 9,
1795 2589 1936 2618 principium
1948 2589 1980 2610 sic
1993 2588 2111 2612 exhibent:

1264 2628 1299 2650 Τ11
1317 2629 1427 2656 Domine,
1445 2630 1484 2658 qui
1502 2632 1524 2651 et
1541 2635 1634 2657 semper
1650 2628 1723 2655 vivis,
1741 2632 1762 2651 et
1779 2628 1834 2650 nihil
1852 2628 1948 2650 moritur
1966 2628 1987 2649 in
2006 2630 2040 2655 te,
2057 2634 2113 2656 quo-

1262 2667 1325 2689 niam
1342 2670 1394 2690 ante
1411 2668 1538 2696 primordia
1555 2669 1701 2691 saeculorum
1718 2670 1740 2690 et
1757 2670 1809 2690 ante
1826 2673 1907 2694 omne,
1925 2666 1989 2696 quod
2006 2667 2043 2688 vel
2060 2668 2112 2688 ante

1264 2706 1307 2728 dici
1325 2709 1412 2735 potest,
1430 2710 1453 2730 tu
1471 2714 1496 2730 es
1513 2710 1535 2730 et
1551 2708 1613 2730 Deus
1630 2713 1655 2730 es
1672 2709 1715 2729 etc.

1325 2743 1333 2757 ⁷
1352 2747 1418 2769 Num.
1437 2748 1458 2769 3.
1475 2747 1528 2770 Post
1544 2746 1611 2775 Non,
1629 2752 1672 2775 pro
1689 2752 1736 2775 quo
1754 2746 1772 2768 H
1790 2752 1843 2768 cum
1862 2747 1922 2767 textu
1946 2744 2051 2772 originali
2068 2743 2110 2767 Ne-

1263 2790 1319 2813 que,
1342 2785 1398 2812 EH,
1422 2788 1482 2808 textu
1505 2786 1611 2814 originali
1634 2784 1791 2813 approbante,
1809 2784 1899 2807 addunt
1915 2782 1985 2806 enim.
2008 2782 2111 2806 Subinde

1263 2826 1315 2851 post
1332 2823 1356 2846 in
1373 2830 1420 2853 qua
1436 2827 1494 2848 sunt
1510 2828 1583 2847 textus
1600 2823 1718 2852 originalis
1734 2823 1882 2852 prosequitur
1895 2822 2004 2845 immensi
2014 2821 2110 2852 quidam

1262 2864 1332 2893 atque
1354 2863 1441 2894 infiniti
1462 2864 1570 2888 thesauri
1592 2863 1650 2892 (Col.
1673 2864 1698 2890 2,
1722 2863 1769 2892 3.);
1792 2863 1821 2885 de
1844 2863 1888 2884 hoc
1911 2862 1961 2884 loco
1982 2862 2023 2884 cfr.
2039 2867 2109 2889 supra

1264 2909 1317 2931 pag.
1340 2903 1362 2930 l,
1380 2907 1433 2925 nota
1452 2904 1473 2926 2.
