2285 3398
72 700 142 721 Tertia,
154 699 173 718 in

62 723 182 747 Martyribus.

67 1311 181 1330 Notandum.

55 1453 117 1472 Tertia
128 1454 183 1472 ratio.

79 1501 184 1519 Concordia

68 1524 110 1543 lena
124 1525 142 1543 in
152 1525 184 1543 tri-

78 1571 148 1593 Prima,
160 1571 179 1590 in

74 1595 183 1618 Scripturis.

811 192 842 220 ΙΝ
864 183 1084 220 HEXAEMERON
1106 189 1275 219 COLLATlO
1298 191 1337 219 lx.

195 270 277 299 dabat
305 273 332 299 et
360 271 453 299 cibum
482 270 693 307 augmentabat,
719 270 766 307 qui
800 270 826 298 in
855 278 940 298 curro
968 269 1047 306 igneo

195 317 317 346 ascendit
339 318 366 346 in
388 318 503 346 caelum.
521 317 587 347 Vide
604 318 767 352 Etisaeum,
787 317 834 354 qui
857 317 952 345 vivens
973 323 1045 344 mor-

197 367 276 393 tuum
299 364 458 399 suscitavit,
474 367 603 393 mortuus
624 365 706 394 etiam
728 366 872 393 mortuum
887 363 1045 396 suscitavit,

196 412 242 448 qui
270 412 395 441 homines
417 412 549 449 capiebat.
573 412 639 440 Ante
661 412 758 448 Legem
780 419 846 448 ergo
867 413 894 439 et
916 413 976 447 post
999 410 1045 438 Le-

196 466 257 495 gem
280 461 307 486 ct
329 459 355 486 in
378 458 487 487 datione
504 458 580 495 Legis
601 458 672 487 sacta
693 460 758 487 sunt
778 457 928 491 miracula,
946 459 974 485 et
992 464 1045 485 non

196 506 246 534 nisi
270 506 296 534 in
320 506 371 534 hoc
394 506 504 543 populo.
529 506 568 534 Ex
590 514 647 543 qno
668 505 809 542 sequitur,
831 504 905 542 quod
928 504 971 533 isti
993 503 1044 532 viri

196 553 374 581 amantissimi
397 556 423 581 et
445 553 501 581 cari
524 554 580 581 Deo
601 554 715 581 suerunt
730 552 757 580 in
778 552 898 580 veritate
916 550 1044 588 sievrututi.

198 600 266 627 llaec
287 602 328 627 est
350 607 416 635 ergo
438 599 575 628 certitudo
596 600 667 628 fidei.

282 647 321 673 17.
346 646 438 674 Tertia
466 647 645 683 praeclaritas
672 649 714 675 est
741 647 931 680 meritorum,
953 646 1046 674 mira-

197 693 333 721 culorum
347 697 374 721 et
389 694 615 730 martyriorum.
632 694 663 721 Et
679 694 746 722 haec
768 693 905 722 certitudo
924 692 1047 721 veritatis

197 744 327 778 apparet,
349 740 461 778 quando
478 741 560 769 homo
582 741 642 769 vult
662 741 731 769 mori
757 749 808 777 pro
823 741 948 774 veritate,
963 748 1046 778 quam

199 788 350 824 praedit-at,
368 791 398 815 ut
414 787 495 816 lsaias
516 790 641 816 serratus
659 791 715 821 est,
732 788 854 817 Ezechiel
871 788 1047 821 interfectus,

200 835 327 863 ieremias
348 833 441 862 etalii
472 833 554 862 etiam
582 834 741 871 Prophetae.
775 835 850 863 Unde
881 835 984 863 dicitur
1006 835 1048 863 lu-

198 883 287 911 daeis:
312 883 402 917 (hictu.
425 880 643 917 Prophetarum
664 891 722 911 nonv
742 887 812 911 sunt
830 882 976 920 persecuti
993 891 1047 919 pa-

198 933 255 957 tres
279 929 367 957 vestri
379 928 409 956 ¹?
432 944 468 948 —
490 928 516 956 Si
538 928 631 957 dicant
653 930 800 964 haeretici,
822 930 896 967 quod
918 930 969 966 ipsi
991 938 1048 958 mo«

199 977 312 1005 riuntur
334 984 384 1013 pro
407 976 522 1005 veritate
541 979 568 1004 et
584 976 686 1005 habent
702 977 812 1011 merita,
829 977 941 1005 tertium
958 979 1048 1005 tamen

199 1033 252 1052 non
270 1024 387 1057 liabent,
403 1023 506 1052 scilicet
522 1024 672 1057 miracula;
689 1032 831 1061 nunquam
853 1023 978 1052 auditum
994 1027 1057 1057 est,

198 1071 271 1108 quod
299 1070 455 1099 haereticus
482 1071 525 1099 vel
552 1074 615 1100 ante
644 1072 687 1099 vel
716 1074 776 1108 post
803 1073 921 1099 mortem
951 1070 993 1099 vel
1021 1070 1048 1098 in

198 1121 286 1151 morte
308 1117 404 1146 fecerit
424 1117 566 1146 miracula.

282 1166 323 1193 is.
347 1165 385 1193 De
414 1165 583 1194 istisffiaelis
612 1165 751 1202 legitur-²:
775 1164 921 1200 Quoniam
952 1163 1048 1192 videbo

197 1212 290 1241 caelos
312 1216 386 1245 tuos,
408 1221 497 1249 opera
518 1212 681 1250 diyitoruin
700 1215 833 1244 tuorum,
849 1210 953 1239 scilicet
975 1211 1049 1239 viros

198 1260 344 1293 caelestes,
363 1260 390 1288 in
412 1260 515 1297 quibus
537 1260 663 1288 videmus
679 1260 749 1287 hanc
770 1257 911 1294 triplicem
928 1257 1049 1286 clarita-

198 1310 250 1334 tem
261 1330 268 1339 ‚
291 1315 362 1344 quae
383 1309 449 1335 sunt
462 1305 547 1343 o'pera
561 1306 712 1343 digitorum
727 1304 783 1333 Dei.
799 1320 838 1324 —
853 1304 881 1331 ln
896 1304 949 1332 isto
963 1304 1048 1341 digito

194 1354 295 1395 tertio,
318 1354 422 1383 scilicet
443 1354 586 1387 miraculi,
608 1353 741 1382 deficiunt
762 1351 845 1388 niarst'
867 1350 1046 1379 Pharaonis.

282 1402 322 1428 19.
345 1400 437 1429 'sertia
464 1400 581 1429 firmitas
609 1399 671 1428 fidei
700 1401 741 1427 est
773 1406 809 1426 ex
841 1397 1048 1426 testificantium

197 1448 355 1477 concordia
383 1447 488 1485 plena,
511 1455 582 1484 quae
614 1449 655 1475 est
682 1446 710 1474 in
743 1445 848 1473 tribus:
872 1445 899 1473 in
927 1445 1048 1483 eloquiis

197 1495 421 1532 scripturarum,
443 1495 470 1522 in
493 1493 612 1522 decretis
633 1492 836 1526 Conciliorum,
852 1492 879 1520 in
894 1492 1048 1521 documen-

197 1543 234 1571 tis
248 1543 420 1571 Sanctorum.
437 1557 473 1562 -—
488 1541 528 1569 De
541 1540 632 1577 primo
646 1540 771 1568 Psalmus
782 1540 809 1567 ³:
827 1539 866 1568 De
887 1540 981 1568 mettio
1001 1549 1048 1577 pc-

198 1593 315 1617 trctrum
348 1588 460 1616 dabunt
486 1595 581 1621 voces,
602 1587 655 1615 hoc
686 1589 728 1615 est
748 1586 783 1615 de
803 1586 897 1614 medio
918 1587 1048 1615 duorum

198 1635 367 1669 Cherubim,
388 1635 422 1663 de
443 1634 547 1671 quibus
572 1633 742 1671 loquebatur
764 1633 914 1667 Dominus,
936 1634 993 1662 sive
1014 1633 1048 1662 de

196 1691 316 1720 quorum
339 1681 444 1715 medio,
467 1681 571 1710 scilicet
591 1680 625 1709 de
646 1680 736 1709 medio
757 1680 878 1708 duorum
901 1683 1048 1709 testamen-

197 1733 298 1758 torum.
321 1729 402 1757 lsaias
413 1729 425 1745 4
445 1728 526 1757 dicit:
550 1729 630 1762 Ecce,
648 1727 736 1765 Viryo
751 1727 904 1764 concipiet,
920 1731 947 1756 et
961 1728 1048 1756 Lucas

196 1777 273 1805 dicit:
297 1777 380 1809 Ecce,
403 1775 554 1812 concipies.
576 1774 652 1803 Alius
672 1774 762 1806 dixit:
788 1774 940 1802 Occidetur
964 1773 1048 1802 Clari-

196 1828 276 1857 stum
298 1827 325 1852 et
347 1823 533 1860 Evangelista:
558 1822 693 1852 Christus
724 1822 875 1851 occiditur.
908 1821 1048 1858 Quidquid

196 1880 262 1909 ergo
283 1871 389 1900 dictum
420 1873 462 1899 est
489 1878 539 1907 per
567 1870 734 1907 Prophetas,
756 1869 902 1906 impletum
930 1872 971 1898 est
999 1877 1048 1906 per

196 1919 347 1947 Christum.
370 1917 473 1947 lsaias⁵
495 1917 621 1946 dixerat:
644 1917 784 1945 Ascendet
798 1916 942 1945 Dominus
959 1925 1048 1953 super

196 1965 301 1994 nubem
333 1965 416 1994 lenem
451 1968 476 1993 et
504 1964 686 2002 inyredietur
708 1965 889 2002 Aeqyptum,
910 1967 936 1992 et
956 1972 1049 1992 move-

198 2013 307 2042 buntur
328 2012 511 2045 simulam-Q
533 2012 585 2041 hoc
616 2011 719 2040 factum
747 2014 789 2040 est
820 2019 869 2048 per
890 2011 1048 2046 Christum;

197 2069 246 2090 nec
268 2068 393 2098 unquam
415 2061 545 2089 inventus
565 2062 611 2089 est⁴
627 2059 728 2097 aliquis
749 2059 901 2096 Propheta,
923 2059 965 2088 vel
988 2059 1048 2096 phi-

1894 192 1949 220 :3715

1104 268 1250 304 losophus‚
1272 269 1319 306 qui
1349 270 1530 299 idololatriam
1553 271 1674 307 potuerit
1696 279 1853 305 removere;
1876 271 1949 307 quod

1105 317 1195 343 tanim·
1217 315 1344 344 Christus
1365 317 1428 346 fecit
1451 326 1498 354 per
1521 318 1661 354 Apostolos
1683 318 1786 355 ubique
1802 321 1949 346 terrarum.

1182 363 1227 390 20.
1251 363 1279 391 lli
1304 364 1359 392 veri
1383 367 1466 392 testes
1497 368 1562 392 sunt
1590 364 1766 401 scriptume,
1790 364 1950 401 Prophetae
1976 373 2093 391 τωιωιιηηι

1102 412 1129 438 et
1151 410 1287 446 Apostoli.
1311 411 1364 439 Nec
1386 414 1474 447 potest
1495 411 1564 445 dici,
1587 412 1660 448 quod
1682 411 1799 448 Apostoli
1816 412 1950 439 suborna-
1961 396 2093 441 ffiffiffiti-iexet

1104 460 1204 485 verunt
1226 457 1391 493 Prophetas,
1414 461 1445 485 ut
1476 458 1514 486 sic
1545 458 1683 492 dicerent,
1705 459 1777 487 sicut
1807 458 1898 486 evenit
1926 458 1951 486 in

1102 503 1220 532 Christo.
1243 503 1269 531 Si
1291 503 1364 531 enim
1386 504 1481 532 codem
1498 507 1621 541 tempore
1643 505 1774 539 fuissent,
1797 508 1888 542 posset
1905 505 1952 533 lia-

1104 550 1161 578 beri
1183 550 1318 587 suspicio;
1334 550 1381 579 sed
1403 550 1441 578 illi
1464 555 1683 587 praecesserunt.
1700 552 1807 581 Veritas
1821 560 1887 589 ergo
1903 552 1953 581 ista

1103 600 1144 625 est
1165 597 1321 626 infallibilis.
1344 597 1369 625 si
1402 593 1475 626 enim
1508 598 1670 635 contingens
1697 599 1806 627 dicatur
1834 599 1953 628 tirmiter

1103 653 1162 673 esse
1184 645 1312 673 futurum
1334 647 1361 673 et
1382 648 1564 682 cognoscatur
1586 645 1829 680 certitudinaliter;
1852 646 1953 682 impos-

1104 692 1182 721 sibile
1197 695 1250 727 est,
1266 692 1339 729 quod
1355 692 1481 721 videatur
1496 692 1595 721 alicubi
1610 692 1660 721 nisi
1677 693 1703 721 in
1720 693 1834 722 veritate
1849 693 1952 721 certass.

1105 757 1142 760 —
1166 740 1249 768 Vetus
1269 747 1336 776 ergo
1357 743 1552 768 testamentum
1574 742 1602 768 et
1616 748 1719 768 novum
1735 740 1762 768 in
1777 748 1876 777 magna
1890 749 1954 769 con-

1105 787 1230 815 sonantia
1260 790 1287 815 et
1316 787 1459 815 harmonia
1487 787 1655 816 conveniunt
1676 790 1703 815 et
1730 790 1796 816 sunt
1812 788 1892 816 ‘sicut
1915 788 1954 816 ci-

1103 834 1179 871 ffintt'
1209 837 1337 872 ‹szttttttor
1365 834 1491 862 seniores
1513 834 1587 863 circa
1616 835 1748 863 thronum
1777 834 1894 868 Christi,
1924 838 1962 868 ut,

1105 881 1181 909 nulla
1203 881 1237 909 sit
1258 881 1401 909 dubitatio.

1185 930 1230 957 21.
1246 929 1371 957 Secunda
1382 928 1499 957 firmitas
1513 932 1555 958 est
1570 929 1597 957 in
1612 929 1732 957 decretis
1747 929 1952 963 Concitiorum,
1967 934 2096 977 sffouuncffiaffiin

1106 976 1170 1012 quia
1193 976 1238 1004 illa
1259 983 1330 1012 quae
1352 975 1379 1003 in
1400 975 1516 1004 dubium
1549 975 1710 1009 veniebant,
1733 976 1769 1005 ibi
1792 977 1954 1004 contirmata
2065 971 2080 976 '⁴

1106 1026 1179 1051 sunt.
1202 1023 1283 1051 Arius
1303 1022 1425 1056 dicebat,
1447 1022 1521 1059 quod
1544 1023 1622 1051 Pater
1644 1026 1716 1051 esset
1730 1023 1795 1051 Filio
1810 1024 1898 1052 maior
1913 1031 1954 1052 se-

1106 1070 1229 1097 cundum
1251 1069 1413 1103 essentiam3
1436 1073 1463 1097 et
1484 1077 1534 1105 per
1555 1069 1607 1097 hoc
1630 1070 1769 1098 nitebatur
1794 1070 1954 1103 ostendere,

1106 1124 1159 1144 non
1175 1124 1234 1144 esse
1256 1116 1353 1144 Filium
1368 1116 1511 1152 aequalem
1528 1116 1608 1144 Patri.
1625 1116 1656 1144 Et
1670 1116 1698 1144 in
1715 1116 1804 1152 primo
1818 1117 1954 1150 Concilio,

1106 1163 1153 1191 ubi
1176 1163 1290 1191 suerunt
1312 1162 1364 1190 viri
1386 1162 1549 1191 sanctissimi
1574 1179 1610 1182 —
1636 1162 1734 1191 beatus
1756 1163 1882 1192 Nicolaus
1903 1164 1955 1192 suit

1106 1209 1142 1237 ibi
1156 1209 1165 1225 ⁷
1187 1226 1225 1228 —
1250 1209 1314 1243 ubi,
1336 1209 1412 1243 dico,
1435 1209 1548 1238 fuerunt
1582 1209 1696 1238 trecenti
1725 1210 1819 1238 deceni
1848 1213 1874 1238 et
1895 1214 1956 1239 octo

1105 1256 1241 1293 episcopi,
1271 1256 1307 1284 ibi
1334 1256 1401 1284 tides
1423 1257 1585 1284 confirmata
1613 1260 1654 1285 est
1682 1257 1831 1291 catholica,
1854 1258 1957 1286 scilicet

1108 1303 1283 1338 unirersalis;
1306 1307 1333 1332 ct
1356 1304 1405 1332 lioc
1428 1303 1531 1332 factum
1563 1307 1605 1333 est
1635 1305 1800 1334 auctoritate
1827 1305 1898 1334 Petri
1930 1308 1957 1334 et

1105 1351 1223 1379 aliorum
1246 1351 1367 1379 Patrum.
1390 1351 1465 1379 Unde
1493 1354 1614 1388 quatuor
1635 1352 1755 1381 Concilia
1774 1352 1957 1390 principalia·

1105 1396 1228 1435 fuerunt
1239 1398 1249 1414 Β
1264 1414 1303 1418 —
1317 1399 1383 1435 quia
1398 1402 1503 1435 septem
1526 1399 1641 1427 suerunt
1655 1416 1692 1420 —
1707 1408 1779 1437 quae
1797 1400 1863 1428 dant
1883 1400 1957 1429 testi-
1971 1415 1973 1417 ·

1105 1445 1197 1473 monia
1219 1445 1284 1473 huic
1307 1445 1378 1474 fidei.

1185 1494 1230 1520 22.
1254 1493 1346 1521 Tertia
1368 1493 1485 1522 firmitas
1500 1494 1583 1522 estin
1599 1494 1778 1523 documentis
1798 1495 1954 1523 Doctorum
1971 1500 2083 1543 3533}ss

1105 1542 1133 1567 et
1154 1540 1310 1576 sapientum
1339 1540 1365 1567 in
1397 1540 1539 1569 mundana
1570 1541 1704 1577 sapientia
1735 1545 1762 1570 et
1792 1542 1900 1575 divina,
1927 1546 1958 1570 ut
2086 1539 2090 1543 ’

1106 1587 1244 1623 Dionysii,
1267 1587 1391 1623 Gregorii
1415 1587 1591 1621 Nazianzeni,
1613 1587 1738 1625 Gregorii
1760 1589 1890 1625 Nysseni,
1905 1589 1957 1617 Da-

1106 1634 1235 1667 masceni,
1252 1634 1351 1667 Basilii,
1367 1634 1518 1667 Athanasii,
1534 1634 1730 1670 Chrysostomi.
1746 1635 1906 1664 Latinorum
1922 1636 1957 1664 si-

1105 1681 1221 1709 militer:
1238 1680 1344 1714 Hilarii,
1359 1679 1497 1717 Gregorii,
1513 1681 1670 1717 Augustini,
1692 1681 1841 1716 Ambrosii,
1864 1682 1957 1711 Hiero-

1105 1727 1189 1764 nymi.
1212 1727 1382 1755 Documenta
1404 1727 1521 1755 istorum
1543 1728 1710 1756 concordant
1724 1732 1752 1757 et
1765 1728 1836 1757 idem
1852 1729 1956 1763 dicunt,

1105 1774 1177 1803 idem
1198 1774 1317 1810 sapiunt.
1341 1790 1377 1794 —-
1392 1774 1431 1802 De
1453 1773 1495 1802 his
1516 1774 1582 1803 dicit
1603 1775 1687 1804 Iob9:
1711 1776 1783 1812 Quis
1804 1776 1957 1805 enarrabit

1105 1821 1254 1850 caetorum
1275 1820 1435 1855 rationem,
1457 1825 1482 1850 et
1503 1826 1671 1850 concentum
1699 1823 1772 1852 caeti
1799 1824 1865 1862 quis
1889 1824 1957 1852 (lor-

1104 1869 1179 1897 mire
1200 1865 1396 1905 facieteuaec
1418 1871 1460 1897 est
1481 1869 1627 1898 concordia
1647 1871 1957 1908 Scriptura1·um,Con-

1106 1915 1234 1945 ciliorum
1255 1919 1282 1944 et
1304 1916 1464 1945 Doctorum.

1186 1964 1231 1993 23.
1254 1964 1358 2000 Quarta
1380 1964 1450 1993 ratio
1472 1965 1611 1994 firmitatis
1639 1965 1701 1994 fidei
1730 1971 1771 1994 est
1792 1974 1829 1994 ex
1861 1966 2099 1996 testjfi-Quartmm.

1107 2011 1229 2040 cantium
1250 2011 1390 2040 sententia
1410 2011 1520 2049 sirma;
1542 2020 1613 2049 quae
1641 2012 1759 2041 firmitas
1780 2012 1900 2042 habetur
1921 2021 1957 2042 ex
1971 2012 2068 2038 sententia

1991 2044 2050 2062 firma.

1108 2059 1175 2093 hoe,
1197 2059 1271 2096 quod
1303 2060 1439 2089 consentit
1470 2060 1585 2094 rationi,
1607 2060 1673 2097 quia
1696 2060 1764 2089 ratio
1786 2068 1839 2089 non
1869 2064 1957 2098 potest

198 2292 261 2314 duxit
278 2298 321 2313 vos
338 2291 493 2320 quadraginta
511 2291 577 2313 annis
594 2296 636 2319 per
653 2290 784 2317 desertum;
796 2296 842 2313 non
855 2293 909 2313 sunt
921 2291 995 2313 attrita
1013 2297 1050 2313 ve-

198 2331 304 2353 stimenta
327 2332 417 2357 vestra,
434 2336 477 2352 nec
494 2330 650 2352 calceamenta
667 2329 754 2357 pedum
780 2332 911 2352 vestrorum
937 2332 1050 2352 vetustate

198 2373 318 2393 consumta
336 2373 398 2393 sunt.
414 2382 446 2386 —
462 2370 495 2392 De
515 2369 582 2392 losue
604 2369 659 2392 vide
680 2369 730 2392 eius
752 2368 837 2392 librum
855 2375 876 2392 c.
894 2370 936 2397 40,
955 2370 991 2393 43,
1011 2370 1050 2399 (de

197 2409 255 2438 sole)
277 2412 299 2431 ct
316 2409 343 2435 3,
362 2408 399 2430 44.
416 2414 482 2437 seqq.
506 2407 545 2436 (de
567 2407 663 2430 transitu
685 2413 728 2436 per
749 2408 889 2437 Iordanem).
905 2420 937 2425 —
952 2409 986 2431 De
1003 2409 1049 2431 Elia

198 2450 239 2471 cfr.
256 2449 287 2470 lll.
306 2449 364 2476 Reg.
382 2447 424 2474 47,
443 2447 465 2469 4.
482 2452 549 2476 seqq.
565 2450 588 2469 et
599 2447 637 2469 lV.
650 2448 677 2474 2,
692 2447 714 2469 44
725 2456 731 2475 3
743 2447 773 2470 de
790 2447 877 2470 Elisaeo
890 2449 930 2471 csr.
944 2447 1000 2471 ibid.
1013 2449 1050 2472 lV.

198 2487 225 2514 4,
243 2488 281 2509 32.
298 2492 377 2515 seqq.;
396 2486 438 2513 43,
456 2485 493 2508 et.
511 2488 533 2508 et
550 2485 577 2513 6,
595 2486 633 2508 22.

262 2525 268 2537 ¹
289 2526 337 2548 Act.
349 2525 375 2552 7,
388 2525 426 2547 52.
437 2537 469 2541 —
480 2525 582 2553 Haymo,
594 2525 695 2553 Exposit.
707 2525 728 2549 in
740 2526 812 2554 Epist.
824 2527 853 2549 ad
870 2526 940 2550 Hebr.
958 2528 995 2555 sll,
1008 2528 1048 2550 37:

200 2564 309 2595 Lapatati
318 2566 386 2593 sunt,
401 2567 425 2587 ut
439 2563 541 2592 Naboth‚
553 2564 659 2587 Ieremias
672 2565 695 2587 in
706 2565 812 2594 Aegypto
830 2572 842 2588 a
859 2566 962 2595 reliqussis
979 2570 1050 2589 trans-

198 2606 365 2633 migratorum,
383 2604 486 2627 Ezechiel
504 2604 528 2626 in
548 2603 689 2632 Babylone...
714 2604 778 2628 Secti
799 2607 863 2628 sunt.
889 2606 930 2628 Hic
955 2607 1050 2634 pluralis

198 2650 310 2667 numerus
328 2650 370 2672 pro
388 2644 498 2671 singulari
517 2643 606 2672 positus
623 2646 664 2666 est.
686 2644 804 2667 Neminem
827 2645 889 2667 enim
912 2646 1049 2669 Sanctorum

198 2684 298 2712 legimus
320 2684 341 2706 in
365 2683 436 2705 reteri
460 2684 597 2705 testamento
618 2684 707 2706 sectum
730 2683 773 2706 nisi
798 2684 879 2707 lsaiam
897 2686 1049 2714 prophetam,

198 2730 269 2752 quem
289 2722 340 2747 few
357 2722 429 2744 secari
447 2728 510 2744 serra
528 2722 604 2750 lignea
621 2722 737 2745 Manasses
753 2729 804 2751 rex,
816 2724 856 2752 qui
868 2724 938 2746 tiliam
951 2725 1001 2747 eius
1013 2726 1050 2747 ha-

199 2762 269 2785 bebat
282 2762 304 2784 in
317 2768 421 2784 uxorem.
433 2761 480 2785 Csr.
491 2761 596 2789 Hieron„
608 2762 660 2784 XV.
672 2761 801 2785 Comment.
816 2762 839 2785 in
851 2763 901 2786 lsai.
913 2763 954 2791 57,
968 2764 987 2786 sl.
1000 2770 1048 2792 seq.

261 2800 270 2813 ²
288 2802 372 2823 Psalm.
389 2802 415 2828 8,
434 2801 455 2823 4.
467 2813 499 2818 —
510 2801 553 2823 Pro
570 2801 764 2829 praecedentibus
781 2801 859 2825 verbis
876 2803 895 2825 D
912 2803 989 2826 habet.
1003 2803 1051 2827 Sed

176 2856 179 2858 ψ
198 2841 256 2864 haec
272 2840 392 2863 miracula
410 2840 519 2864 caelestes
530 2840 714 2871 fierisccerunt;
725 2841 846 2866 Psalmus.
862 2842 929 2866 Certe
941 2844 1050 2872 supplen-

198 2880 255 2902 dum
273 2882 319 2906 est,
337 2879 401 2907 quod
417 2878 477 2902 tales
490 2882 558 2901 testes
570 2879 700 2907 comparari
712 2880 801 2908 possint
812 2881 890 2905 caelis.
901 2894 934 2899 —
946 2881 1050 2905 Subinde

198 2919 319 2947 respicitur
342 2918 414 2941 Exod.
431 2918 458 2946 8,
477 2911 577 2951 ⁴9.'.Csr.
599 2924 669 2947 supra
691 2925 746 2947 pag.
764 2920 816 2947 344,
836 2922 890 2943 nota
907 2921 928 2943 7.
946 2934 978 2938 —
994 2923 1050 2945 Inte-

198 2960 246 2982 rius
269 2961 321 2986 post
343 2957 478 2981 Pharaonis
494 2950 620 2980 vat.‘eum
642 2958 685 2982 BC
708 2959 772 2981 addit
793 2959 818 2982 id
837 2961 871 2983 est
893 2960 1006 2985 haeretici
1028 2963 1051 2985 et

198 2998 341 3028 quicumque
358 2997 401 3021 atii
417 2997 530 3027 infideles.

1170 2289 1179 2303 ³
1197 2292 1280 2314 Psalm.
1299 2292 1356 2319 403,
1376 2292 1412 2314 42.
1428 2304 1460 2308 -
1477 2292 1548 2314 Exod.
1569 2291 1612 2318 25,
1630 2292 1672 2313 22:
1695 2291 1749 2313 lnde
1771 2291 1912 2319 praecipiam
1936 2295 1958 2314 et

1107 2329 1189 2358 loquar
1206 2330 1236 2352 ad
1254 2333 1275 2352 te
1292 2336 1362 2359 supra
1380 2330 1564 2359 propitiatorium
1583 2336 1609 2352 ac
1627 2330 1656 2352 de
1679 2330 1756 2353 medio
1779 2330 1880 2352 duorum
1902 2330 1958 2353 Clie-

1106 2368 1208 2391 rubim...
1226 2372 1308 2392 cuncta
1325 2376 1386 2399 quae
1402 2369 1520 2392 mandabo
1537 2375 1579 2398 per
1596 2372 1618 2392 te
1635 2369 1686 2392 tiliis
1703 2370 1770 2392 lsrael
1783 2369 1902 2397 (August.‚
1913 2370 1956 2398 Qq.

1108 2407 1130 2430 in
1147 2409 1219 2431 Exod.
1236 2415 1260 2437 q.
1278 2409 1330 2436 405,
1348 2411 1370 2431 et
1387 2409 1460 2435 Beda,
1478 2409 1491 2430 l.
1509 2409 1539 2431 de
1557 2407 1717 2431 Tabernaculo
1734 2411 1778 2430 etc.
1790 2414 1809 2430 c.
1822 2408 1843 2435 5,
1861 2408 1956 2435 docent,

1107 2453 1149 2475 per
1167 2448 1214 2470 duo
1231 2447 1357 2471 Cherubim
1370 2447 1463 2476 figurari
1476 2448 1523 2470 duo
1537 2447 1702 2476 Testamenta).
1714 2446 1759 2469 Csr.
1772 2447 1852 2469 Ezecli.
1865 2448 1907 2474 28,
1923 2447 1957 2470 tt.

1107 2489 1129 2509 et
1147 2487 1188 2514 46,
1206 2487 1245 2510 ubi
1263 2487 1387 2511 Cherubim
1406 2490 1520 2510 vocantur
1538 2486 1627 2517 lapides
1644 2486 1720 2517 iyniti.

1169 2525 1179 2538 ⁴
1196 2526 1253 2555 Cap.
1267 2527 1295 2554 7,
1314 2527 1322 2549 4
1330 2527 1351 2549 4.
1368 2539 1399 2543 -
1415 2527 1470 2549 Luc.
1489 2527 1497 2548 l
1510 2544 1515 2553 ,
1533 2527 1571 2548 31.
1587 2538 1619 2543 -
1631 2527 1710 2548 Daniel
1729 2527 1754 2554 9,
1774 2527 1815 2549 26:
1833 2526 1957 2549 Occidetur

1107 2565 1218 2589 Christus.
1235 2567 1311 2589 Matth.
1330 2567 1372 2594 26,
1391 2566 1417 2588 4:
1436 2567 1461 2588 Et
1478 2566 1599 2588 «insiliam
1627 2568 1735 2593 lecerunt,
1762 2569 1785 2588 nt
1810 2567 1885 2589 lesum
1903 2567 1956 2589 dolo

1108 2609 1211 2628 tenerent
1227 2610 1250 2629 et
1266 2607 1407 2629 occiderent.

1170 2644 1180 2657 ⁵
1197 2645 1254 2674 Cap.
1276 2646 1314 2674 19,
1336 2646 1356 2668 l.

1170 2684 1180 2697 ⁸
1198 2685 1257 2708 Vide
1265 2692 1336 2713 supra
1351 2686 1426 2707 collat.
1441 2685 1462 2707 3.
1472 2691 1495 2707 n.
1511 2685 1587 2707 29.-
1600 2685 1703 2708 Subinde
1715 2686 1836 2715 respicitur
1849 2686 1921 2714 Apoc.
1938 2686 1956 2712 i,

1108 2725 1129 2748 4.
1147 2728 1169 2747 et
1190 2725 1224 2747 10.
1240 2724 1286 2748 Csr.
1303 2730 1373 2752 supra
1391 2730 1446 2752 pag.
1464 2724 1522 2751 368,
1541 2727 1593 2747 nota
1610 2725 1634 2747 7.

1170 2763 1178 2776 ⁷
1196 2763 1243 2787 Csr.
1259 2764 1361 2786 Breviar.
1378 2764 1477 2786 Roman.
1494 2770 1537 2792 pro
1556 2765 1613 2786 sesto
1631 2764 1654 2787 S.
1671 2765 1755 2787 Nicolai
1774 2765 1806 2793 (6.
1823 2764 1955 2791 Deceml›.),

1107 2805 1158 2826 lect.
1171 2804 1198 2830 6,
1210 2805 1232 2825 et
1244 2803 1337 2830 Surius,
1349 2803 1433 2825 Histor.
1443 2809 1485 2826 seu
1504 2803 1569 2825 Vitae
1587 2804 1692 2827 Sanctor.
1709 2804 1737 2826 de
1755 2804 1778 2826 S.
1791 2804 1881 2826 nicolao
1894 2803 1907 2831 [ζ
1923 2804 1956 2826 14.

1108 2843 1173 2872 (tom.
1192 2843 1229 2865 42.
1246 2849 1301 2871 pag.
1319 2842 1383 2871 478).
1394 2842 1490 2869 Athen„
1506 2843 1577 2871 Epist.
1594 2843 1624 2865 ad
1636 2844 1714 2870 Afros,
1732 2849 1751 2865 c.
1765 2844 1786 2870 2,
1800 2846 1821 2865 et
1839 2844 1955 2869 Socrates,

1106 2884 1122 2905 I.
1139 2883 1224 2905 Histor.
1240 2883 1323 2905 eccles.
1339 2889 1360 2905 c.
1377 2883 1399 2910 8,
1417 2883 1516 2910 allegant
1534 2883 1578 2905 348
1596 2883 1728 2912 episcopos.

1170 2920 1179 2934 ⁸
1196 2921 1241 2945 Csr.
1260 2928 1309 2944 can.
1328 2921 1416 2946 Sancta
1434 2922 1543 2945 Romana
1560 2922 1616 2951 (3.),
1634 2922 1685 2945 dist.
1704 2922 1741 2944 45.

1169 2960 1179 2973 ⁹
1196 2961 1252 2990 Cap.
1271 2962 1312 2989 38,
1330 2962 1367 2984 37.
