<?xml version="1.0" encoding="UTF-8"?>
<!DOCTYPE html PUBLIC "-//W3C//DTD XHTML 1.0 Transitional//EN"
    "http://www.w3.org/TR/xhtml1/DTD/xhtml1-transitional.dtd">
<html xmlns="http://www.w3.org/1999/xhtml" xml:lang="en" lang="en">
 <head>
  <title>
</title>
<meta http-equiv="Content-Type" content="text/html;charset=utf-8" />
  <meta name='ocr-system' content='tesseract 3.04.00' />
  <meta name='ocr-capabilities' content='ocr_page ocr_carea ocr_par ocr_line ocrx_word'/>
</head>
<body>
  <div class='ocr_page' id='page_1' title='image "./doctorisseraphic05bona/doctorisseraphic05bona_0651.png"; bbox 0 0 2285 3398; ppageno 0'>
   <div class='ocr_carea' id='block_1_1' title="bbox 99 456 231 503">
    <p class='ocr_par' dir='ltr' id='par_1_1' title="bbox 99 456 231 503">
     <span class='ocr_line' id='line_1_1' title="bbox 99 456 231 477; baseline 0.008 -3"><span class='ocrx_word' id='word_1_1' title='bbox 99 457 167 477; x_wconf 76' lang='lat' dir='ltr'>Tot-tio.</span> <span class='ocrx_word' id='word_1_2' title='bbox 175 456 231 475; x_wconf 83' lang='lat' dir='ltr'>intor-</span> 
     </span>
     <span class='ocr_line' id='line_1_2' title="bbox 120 480 217 503; baseline 0 -5"><span class='ocrx_word' id='word_1_3' title='bbox 120 480 217 503; x_wconf 71' lang='lat' dir='ltr'>rogandus.</span> 
     </span>
    </p>
   </div>
   <div class='ocr_carea' id='block_1_2' title="bbox 101 515 230 534">
    <p class='ocr_par' dir='ltr' id='par_1_2' title="bbox 101 515 230 534">
     <span class='ocr_line' id='line_1_3' title="bbox 101 515 230 534; baseline 0.016 -2"><span class='ocrx_word' id='word_1_4' title='bbox 101 515 141 533; x_wconf 72' lang='lat' dir='ltr'>Non</span> <span class='ocrx_word' id='word_1_5' title='bbox 151 515 230 534; x_wconf 79' lang='lat' dir='ltr'>curiose.</span> 
     </span>
    </p>
   </div>
   <div class='ocr_carea' id='block_1_3' title="bbox 98 884 236 904">
    <p class='ocr_par' dir='ltr' id='par_1_3' title="bbox 98 884 236 904">
     <span class='ocr_line' id='line_1_4' title="bbox 98 884 236 904; baseline 0 -1"><span class='ocrx_word' id='word_1_6' title='bbox 98 884 136 903; x_wconf 80' lang='lat' dir='ltr'>Sed</span> <span class='ocrx_word' id='word_1_7' title='bbox 147 885 236 904; x_wconf 74' lang='lat' dir='ltr'>studiose.</span> 
     </span>
    </p>
   </div>
   <div class='ocr_carea' id='block_1_4' title="bbox 131 1210 225 1252">
    <p class='ocr_par' dir='ltr' id='par_1_4' title="bbox 131 1210 225 1252">
     <span class='ocr_line' id='line_1_5' title="bbox 131 1210 225 1237; baseline 0.011 -9"><span class='ocrx_word' id='word_1_8' title='bbox 131 1210 153 1228; x_wconf 77' lang='lat' dir='ltr'>Et</span> <span class='ocrx_word' id='word_1_9' title='bbox 165 1210 225 1237; x_wconf 76' lang='lat' dir='ltr'>quoad</span> 
     </span>
     <span class='ocr_line' id='line_1_6' title="bbox 159 1236 200 1252; baseline 0 0"><span class='ocrx_word' id='word_1_10' title='bbox 159 1236 200 1252; x_wconf 78' lang='lat' dir='ltr'>tria.</span> 
     </span>
    </p>
   </div>
   <div class='ocr_carea' id='block_1_5' title="bbox 118 1488 224 1513">
    <p class='ocr_par' dir='ltr' id='par_1_5' title="bbox 118 1488 224 1513">
     <span class='ocr_line' id='line_1_7' title="bbox 118 1488 224 1513; baseline 0.009 -6"><span class='ocrx_word' id='word_1_11' title='bbox 118 1488 144 1507; x_wconf 76' lang='lat' dir='ltr'>De</span> <span class='ocrx_word' id='word_1_12' title='bbox 158 1490 224 1513; x_wconf 83' lang='lat' dir='ltr'>primo.</span> 
     </span>
    </p>
   </div>
   <div class='ocr_carea' id='block_1_6' title="bbox 96 1859 223 1879">
    <p class='ocr_par' dir='ltr' id='par_1_6' title="bbox 96 1859 223 1879">
     <span class='ocr_line' id='line_1_8' title="bbox 96 1859 223 1879; baseline 0 -1"><span class='ocrx_word' id='word_1_13' title='bbox 96 1859 123 1878; x_wconf 83' lang='lat' dir='ltr'>De</span> <span class='ocrx_word' id='word_1_14' title='bbox 136 1860 223 1879; x_wconf 80' lang='lat' dir='ltr'>secundo.</span> 
     </span>
    </p>
   </div>
   <div class='ocr_carea' id='block_1_7' title="bbox 120 2185 220 2204">
    <p class='ocr_par' dir='ltr' id='par_1_7' title="bbox 120 2185 220 2204">
     <span class='ocr_line' id='line_1_9' title="bbox 120 2185 220 2204; baseline 0.01 -1"><span class='ocrx_word' id='word_1_15' title='bbox 120 2185 146 2204; x_wconf 85' lang='lat' dir='ltr'>De</span> <span class='ocrx_word' id='word_1_16' title='bbox 160 2186 220 2204; x_wconf 77' lang='lat' dir='ltr'>tertio.</span> 
     </span>
    </p>
   </div>
   <div class='ocr_carea' id='block_1_8' title="bbox 1024 195 1193 223">
    <p class='ocr_par' dir='ltr' id='par_1_8' title="bbox 1024 195 1193 223">
     <span class='ocr_line' id='line_1_10' title="bbox 1024 195 1193 223; baseline 0.006 -1"><span class='ocrx_word' id='word_1_17' title='bbox 1024 195 1132 223; x_wconf 71' lang='lat' dir='ltr'>sElillto</span> <span class='ocrx_word' id='word_1_18' title='bbox 1155 197 1193 223; x_wconf 61' lang='lat' dir='ltr'>lt.</span> 
     </span>
    </p>
   </div>
   <div class='ocr_carea' id='block_1_9' title="bbox 237 273 1081 2352">
    <p class='ocr_par' dir='ltr' id='par_1_9' title="bbox 243 273 1080 403">
     <span class='ocr_line' id='line_1_11' title="bbox 245 273 1079 310; baseline -0.001 -10"><span class='ocrx_word' id='word_1_19' title='bbox 245 276 295 306; x_wconf 85' lang='lat' dir='ltr'>tor,</span> <span class='ocrx_word' id='word_1_20' title='bbox 318 273 367 301; x_wconf 83' lang='lat' dir='ltr'>uisi</span> <span class='ocrx_word' id='word_1_21' title='bbox 396 273 580 301; x_wconf 72' lang='lat' dir='ltr'>accommodet</span> <span class='ocrx_word' id='word_1_22' title='bbox 608 273 824 310; x_wconf 66' lang='lat' dir='ltr'>intelliqentiam</span> <span class='ocrx_word' id='word_1_23' title='bbox 854 274 942 301; x_wconf 74' lang='lat' dir='ltr'>verbis</span> <span class='ocrx_word' id='word_1_24' title='bbox 969 276 996 302; x_wconf 86' lang='lat' dir='ltr'>et</span> <span class='ocrx_word' id='word_1_25' title='bbox 1020 273 1079 300; x_wconf 78' lang='lat' dir='ltr'>obe-</span> 
     </span>
     <span class='ocr_line' id='line_1_12' title="bbox 243 318 1080 356; baseline 0 -9"><span class='ocrx_word' id='word_1_26' title='bbox 243 320 381 347; x_wconf 78' lang='lat' dir='ltr'>dientiam</span> <span class='ocrx_word' id='word_1_27' title='bbox 402 320 496 353; x_wconf 84' lang='lat' dir='ltr'>sactis;</span> <span class='ocrx_word' id='word_1_28' title='bbox 519 320 718 356; x_wconf 87' lang='lat' dir='ltr'>propterquod</span> <span class='ocrx_word' id='word_1_29' title='bbox 740 320 827 348; x_wconf 85' lang='lat' dir='ltr'>Lucae</span> <span class='ocrx_word' id='word_1_30' title='bbox 846 321 961 348; x_wconf 76' lang='lat' dir='ltr'>sexto¹z</span> <span class='ocrx_word' id='word_1_31' title='bbox 982 318 1080 356; x_wconf 80' lang='lat' dir='ltr'>Perfe-</span> 
     </span>
     <span class='ocr_line' id='line_1_13' title="bbox 244 365 962 403; baseline 0 -10"><span class='ocrx_word' id='word_1_32' title='bbox 244 369 306 394; x_wconf 74' lang='lat' dir='ltr'>ettts</span> <span class='ocrx_word' id='word_1_33' title='bbox 327 366 420 394; x_wconf 77' lang='lat' dir='ltr'>omnts</span> <span class='ocrx_word' id='word_1_34' title='bbox 441 366 510 399; x_wconf 77' lang='lat' dir='ltr'>erit,</span> <span class='ocrx_word' id='word_1_35' title='bbox 532 365 559 393; x_wconf 72' lang='lat' dir='ltr'>si</span> <span class='ocrx_word' id='word_1_36' title='bbox 578 366 615 393; x_wconf 74' lang='lat' dir='ltr'>sit</span> <span class='ocrx_word' id='word_1_37' title='bbox 636 366 711 394; x_wconf 77' lang='lat' dir='ltr'>sicat</span> <span class='ocrx_word' id='word_1_38' title='bbox 732 366 871 403; x_wconf 73' lang='lat' dir='ltr'>maqister</span> <span class='ocrx_word' id='word_1_39' title='bbox 892 366 962 394; x_wconf 64' lang='lat' dir='ltr'>eim.</span> 
     </span>
    </p>

    <p class='ocr_par' dir='ltr' id='par_1_10' title="bbox 242 412 1080 1145">
     <span class='ocr_line' id='line_1_14' title="bbox 322 412 1079 450; baseline -0.003 -9"><span class='ocrx_word' id='word_1_40' title='bbox 322 415 366 441; x_wconf 70' lang='lat'>2⁰2.</span> <span class='ocrx_word' id='word_1_41' title='bbox 391 413 435 440; x_wconf 66' lang='lat' dir='ltr'>list</span> <span class='ocrx_word' id='word_1_42' title='bbox 459 412 540 441; x_wconf 87' lang='lat' dir='ltr'>etiam</span> <span class='ocrx_word' id='word_1_43' title='bbox 568 412 754 448; x_wconf 77' lang='lat' dir='ltr'>principaliter</span> <span class='ocrx_word' id='word_1_44' title='bbox 780 413 1004 450; x_wconf 69' lang='lat' dir='ltr'>intcrroyandas</span> <span class='ocrx_word' id='word_1_45' title='bbox 1032 420 1079 448; x_wconf 80' lang='lat' dir='ltr'>por</span> 
     </span>
     <span class='ocr_line' id='line_1_15' title="bbox 242 458 1077 492; baseline -0.002 -5"><span class='ocrx_word' id='word_1_46' title='bbox 242 459 407 487; x_wconf 77' lang='lat' dir='ltr'>desiderium</span> <span class='ocrx_word' id='word_1_47' title='bbox 423 458 589 491; x_wconf 82' lang='lat' dir='ltr'>addiscendi,</span> <span class='ocrx_word' id='word_1_48' title='bbox 605 467 657 486; x_wconf 87' lang='lat' dir='ltr'>uon</span> <span class='ocrx_word' id='word_1_49' title='bbox 673 458 743 486; x_wconf 84' lang='lat' dir='ltr'>sicut</span> <span class='ocrx_word' id='word_1_50' title='bbox 757 459 868 487; x_wconf 71' lang='lat' dir='ltr'>cariosi</span> <span class='ocrx_word' id='word_1_51' title='bbox 882 462 908 487; x_wconf 89' lang='lat' dir='ltr'>et</span> <span class='ocrx_word' id='word_1_52' title='bbox 923 458 1077 492; x_wconf 67' lang='lat' dir='ltr'>inereduli,</span> 
     </span>
     <span class='ocr_line' id='line_1_16' title="bbox 243 504 1079 542; baseline -0.001 -9"><span class='ocrx_word' id='word_1_53' title='bbox 243 505 290 542; x_wconf 90' lang='lat' dir='ltr'>qui</span> <span class='ocrx_word' id='word_1_54' title='bbox 313 505 482 540; x_wconf 74' lang='lat' dir='ltr'>interrogant</span> <span class='ocrx_word' id='word_1_55' title='bbox 504 504 646 537; x_wconf 81' lang='lat' dir='ltr'>tentando,</span> <span class='ocrx_word' id='word_1_56' title='bbox 669 506 793 533; x_wconf 70' lang='lat' dir='ltr'>Mamhaei</span> <span class='ocrx_word' id='word_1_57' title='bbox 815 505 1012 533; x_wconf 78' lang='lat' dir='ltr'>duodecimo²z</span> <span class='ocrx_word' id='word_1_58' title='bbox 1030 505 1079 532; x_wconf 80' lang='lat' dir='ltr'>Rc-</span> 
     </span>
     <span class='ocr_line' id='line_1_17' title="bbox 242 551 1078 589; baseline -0.002 -9"><span class='ocrx_word' id='word_1_59' title='bbox 242 552 420 589; x_wconf 71' lang='lat' dir='ltr'>Spomlerttnt</span> <span class='ocrx_word' id='word_1_60' title='bbox 440 551 560 589; x_wconf 81' lang='lat' dir='ltr'>quidam</span> <span class='ocrx_word' id='word_1_61' title='bbox 582 551 615 579; x_wconf 78' lang='lat' dir='ltr'>(Ie</span> <span class='ocrx_word' id='word_1_62' title='bbox 636 552 745 580; x_wconf 72' lang='lat' dir='ltr'>Scribis</span> <span class='ocrx_word' id='word_1_63' title='bbox 766 552 903 580; x_wconf 75' lang='lat' dir='ltr'>dicentes:</span> <span class='ocrx_word' id='word_1_64' title='bbox 932 551 1078 587; x_wconf 57' lang='lat' dir='ltr'>oleati-ter,</span> 
     </span>
     <span class='ocr_line' id='line_1_18' title="bbox 245 597 1080 635; baseline 0 -10"><span class='ocrx_word' id='word_1_65' title='bbox 245 598 376 626; x_wconf 75' lang='lat' dir='ltr'>nolumus</span> <span class='ocrx_word' id='word_1_66' title='bbox 397 606 415 625; x_wconf 91' lang='lat' dir='ltr'>a</span> <span class='ocrx_word' id='word_1_67' title='bbox 437 601 460 625; x_wconf 86' lang='lat' dir='ltr'>te</span> <span class='ocrx_word' id='word_1_68' title='bbox 480 597 597 633; x_wconf 76' lang='lat' dir='ltr'>siynam</span> <span class='ocrx_word' id='word_1_69' title='bbox 617 598 716 626; x_wconf 77' lang='lat' dir='ltr'>uidere.</span> <span class='ocrx_word' id='word_1_70' title='bbox 740 599 820 635; x_wconf 77' lang='lat' dir='ltr'>Signa</span> <span class='ocrx_word' id='word_1_71' title='bbox 841 598 942 634; x_wconf 80' lang='lat' dir='ltr'>quippe</span> <span class='ocrx_word' id='word_1_72' title='bbox 958 597 1080 625; x_wconf 80' lang='lat' dir='ltr'>videraut</span> 
     </span>
     <span class='ocr_line' id='line_1_19' title="bbox 243 644 1080 681; baseline -0.001 -8"><span class='ocrx_word' id='word_1_73' title='bbox 243 647 270 673; x_wconf 86' lang='lat' dir='ltr'>et</span> <span class='ocrx_word' id='word_1_74' title='bbox 289 644 431 677; x_wconf 83' lang='lat' dir='ltr'>videbant,</span> <span class='ocrx_word' id='word_1_75' title='bbox 453 646 478 672; x_wconf 87' lang='lat' dir='ltr'>et</span> <span class='ocrx_word' id='word_1_76' title='bbox 501 647 590 672; x_wconf 85' lang='lat' dir='ltr'>tamen</span> <span class='ocrx_word' id='word_1_77' title='bbox 611 645 701 673; x_wconf 83' lang='lat' dir='ltr'>adhuc</span> <span class='ocrx_word' id='word_1_78' title='bbox 716 645 824 681; x_wconf 79' lang='lat' dir='ltr'>signum</span> <span class='ocrx_word' id='word_1_79' title='bbox 845 644 1028 681; x_wconf 70' lang='lat' dir='ltr'>quaerebant,</span> <span class='ocrx_word' id='word_1_80' title='bbox 1050 646 1080 672; x_wconf 90' lang='lat' dir='ltr'>ut</span> 
     </span>
     <span class='ocr_line' id='line_1_20' title="bbox 245 690 1080 728; baseline -0.002 -8"><span class='ocrx_word' id='word_1_81' title='bbox 245 699 292 728; x_wconf 87' lang='lat' dir='ltr'>per</span> <span class='ocrx_word' id='word_1_82' title='bbox 313 691 364 719; x_wconf 87' lang='lat' dir='ltr'>hoc</span> <span class='ocrx_word' id='word_1_83' title='bbox 381 690 550 724; x_wconf 74' lang='lat' dir='ltr'>ostendatur,</span> <span class='ocrx_word' id='word_1_84' title='bbox 565 691 637 727; x_wconf 89' lang='lat' dir='ltr'>quod</span> <span class='ocrx_word' id='word_1_85' title='bbox 654 692 773 720; x_wconf 89' lang='lat' dir='ltr'>humana</span> <span class='ocrx_word' id='word_1_86' title='bbox 794 691 950 719; x_wconf 68' lang='lat' dir='ltr'>euriositas</span> <span class='ocrx_word' id='word_1_87' title='bbox 965 699 1016 718; x_wconf 87' lang='lat' dir='ltr'>nou</span> <span class='ocrx_word' id='word_1_88' title='bbox 1034 691 1080 718; x_wconf 75' lang='lat' dir='ltr'>lia-</span> 
     </span>
     <span class='ocr_line' id='line_1_21' title="bbox 244 736 1080 774; baseline -0.002 -8"><span class='ocrx_word' id='word_1_89' title='bbox 244 737 289 766; x_wconf 88' lang='lat' dir='ltr'>bet</span> <span class='ocrx_word' id='word_1_90' title='bbox 309 736 456 765; x_wconf 88' lang='lat' dir='ltr'>terminum</span> <span class='ocrx_word' id='word_1_91' title='bbox 472 744 521 764; x_wconf 81' lang='lat' dir='ltr'>nec</span> <span class='ocrx_word' id='word_1_92' title='bbox 536 739 659 765; x_wconf 84' lang='lat' dir='ltr'>meretur</span> <span class='ocrx_word' id='word_1_93' title='bbox 680 737 791 774; x_wconf 86' lang='lat' dir='ltr'>perduci</span> <span class='ocrx_word' id='word_1_94' title='bbox 807 738 838 766; x_wconf 84' lang='lat' dir='ltr'>ad</span> <span class='ocrx_word' id='word_1_95' title='bbox 855 745 949 765; x_wconf 86' lang='lat' dir='ltr'>verum</span> <span class='ocrx_word' id='word_1_96' title='bbox 965 737 984 764; x_wconf 83' lang='lat'>³.</span> <span class='ocrx_word' id='word_1_97' title='bbox 1007 736 1080 765; x_wconf 75' lang='lat' dir='ltr'>L&#39;nde</span> 
     </span>
     <span class='ocr_line' id='line_1_22' title="bbox 245 783 1080 821; baseline -0.001 -9"><span class='ocrx_word' id='word_1_98' title='bbox 245 791 405 820; x_wconf 86' lang='lat' dir='ltr'>responsum</span> <span class='ocrx_word' id='word_1_99' title='bbox 427 783 543 817; x_wconf 80' lang='lat' dir='ltr'>osteis,</span> <span class='ocrx_word' id='word_1_100' title='bbox 572 784 645 820; x_wconf 84' lang='lat' dir='ltr'>quod</span> <span class='ocrx_word' id='word_1_101' title='bbox 665 784 783 821; x_wconf 60' lang='grc' dir='ltr'><strong>εἰςιν-111111</strong></span> <span class='ocrx_word' id='word_1_102' title='bbox 811 793 868 812; x_wconf 81' lang='lat' dir='ltr'>non</span> <span class='ocrx_word' id='word_1_103' title='bbox 895 783 1013 812; x_wconf 72' lang='lat' dir='ltr'>dabitur</span> <span class='ocrx_word' id='word_1_104' title='bbox 1041 783 1080 811; x_wconf 73' lang='lat' dir='ltr'>ets·</span> 
     </span>
     <span class='ocr_line' id='line_1_23' title="bbox 245 830 1080 868; baseline 0.001 -10"><span class='ocrx_word' id='word_1_105' title='bbox 245 830 302 858; x_wconf 77' lang='lat' dir='ltr'>nisi</span> <span class='ocrx_word' id='word_1_106' title='bbox 320 830 437 866; x_wconf 66' lang='lat' dir='ltr'>siquam</span> <span class='ocrx_word' id='word_1_107' title='bbox 460 830 546 858; x_wconf 84' lang='lat' dir='ltr'>lonae</span> <span class='ocrx_word' id='word_1_108' title='bbox 564 830 727 868; x_wconf 79' lang='lat' dir='ltr'>prophetae.</span> <span class='ocrx_word' id='word_1_109' title='bbox 745 848 781 852; x_wconf 86' lang='lat'>-—</span> <span class='ocrx_word' id='word_1_110' title='bbox 796 832 851 859; x_wconf 88' lang='lat' dir='ltr'>Non</span> <span class='ocrx_word' id='word_1_111' title='bbox 874 831 924 859; x_wconf 83' lang='lat' dir='ltr'>hoc</span> <span class='ocrx_word' id='word_1_112' title='bbox 946 831 1025 858; x_wconf 87' lang='lat' dir='ltr'>inodo</span> <span class='ocrx_word' id='word_1_113' title='bbox 1040 831 1080 859; x_wconf 91' lang='lat' dir='ltr'>in-</span> 
     </span>
     <span class='ocr_line' id='line_1_24' title="bbox 244 876 1079 913; baseline 0 -9"><span class='ocrx_word' id='word_1_114' title='bbox 244 876 423 912; x_wconf 83' lang='lat' dir='ltr'>terrogandus</span> <span class='ocrx_word' id='word_1_115' title='bbox 444 879 485 904; x_wconf 86' lang='lat' dir='ltr'>est</span> <span class='ocrx_word' id='word_1_116' title='bbox 506 877 594 910; x_wconf 83' lang='lat' dir='ltr'>lesus,</span> <span class='ocrx_word' id='word_1_117' title='bbox 616 877 662 906; x_wconf 87' lang='lat' dir='ltr'>sed</span> <span class='ocrx_word' id='word_1_118' title='bbox 682 878 823 911; x_wconf 73' lang='lat' dir='ltr'>studiose,</span> <span class='ocrx_word' id='word_1_119' title='bbox 845 877 915 906; x_wconf 81' lang='lat' dir='ltr'>sicut</span> <span class='ocrx_word' id='word_1_120' title='bbox 930 877 1079 913; x_wconf 82' lang='lat' dir='ltr'>interroga-</span> 
     </span>
     <span class='ocr_line' id='line_1_25' title="bbox 243 922 1080 960; baseline 0.002 -10"><span class='ocrx_word' id='word_1_121' title='bbox 243 922 281 951; x_wconf 78' lang='lat' dir='ltr'>vit</span> <span class='ocrx_word' id='word_1_122' title='bbox 301 930 365 951; x_wconf 86' lang='lat' dir='ltr'>eum</span> <span class='ocrx_word' id='word_1_123' title='bbox 386 922 562 956; x_wconf 78' lang='lat' dir='ltr'>Nicodemus‚</span> <span class='ocrx_word' id='word_1_124' title='bbox 583 924 616 952; x_wconf 88' lang='lat' dir='ltr'>de</span> <span class='ocrx_word' id='word_1_125' title='bbox 637 932 693 960; x_wconf 90' lang='lat' dir='ltr'>quo</span> <span class='ocrx_word' id='word_1_126' title='bbox 713 924 818 952; x_wconf 81' lang='lat' dir='ltr'>loannis</span> <span class='ocrx_word' id='word_1_127' title='bbox 839 924 942 952; x_wconf 78' lang='lat' dir='ltr'>tertio4</span> <span class='ocrx_word' id='word_1_128' title='bbox 966 923 1080 958; x_wconf 84' lang='lat' dir='ltr'>dicitur,</span> 
     </span>
     <span class='ocr_line' id='line_1_26' title="bbox 243 969 1080 1006; baseline 0 -8"><span class='ocrx_word' id='word_1_129' title='bbox 243 969 316 1006; x_wconf 88' lang='lat' dir='ltr'>quod</span> <span class='ocrx_word' id='word_1_130' title='bbox 339 969 412 997; x_wconf 80' lang='lat' dir='ltr'>uenit</span> <span class='ocrx_word' id='word_1_131' title='bbox 432 969 471 997; x_wconf 85' lang='lat' dir='ltr'>ad</span> <span class='ocrx_word' id='word_1_132' title='bbox 493 970 588 998; x_wconf 79' lang='lat' dir='ltr'>lesam</span> <span class='ocrx_word' id='word_1_133' title='bbox 606 974 684 998; x_wconf 79' lang='lat' dir='ltr'>noete</span> <span class='ocrx_word' id='word_1_134' title='bbox 704 974 729 998; x_wconf 86' lang='lat' dir='ltr'>ct</span> <span class='ocrx_word' id='word_1_135' title='bbox 749 970 824 998; x_wconf 72' lang='lat' dir='ltr'>‹ttm‘t</span> <span class='ocrx_word' id='word_1_136' title='bbox 844 970 883 998; x_wconf 80' lang='lat' dir='ltr'>ei:</span> <span class='ocrx_word' id='word_1_137' title='bbox 905 969 1010 1004; x_wconf 73' lang='lat' dir='ltr'>Rabbz&#39;,</span> <span class='ocrx_word' id='word_1_138' title='bbox 1025 970 1080 998; x_wconf 75' lang='lat' dir='ltr'>sci-</span> 
     </span>
     <span class='ocr_line' id='line_1_27' title="bbox 242 1016 1080 1054; baseline 0 -10"><span class='ocrx_word' id='word_1_139' title='bbox 242 1024 325 1050; x_wconf 78' lang='lat' dir='ltr'>mus,</span> <span class='ocrx_word' id='word_1_140' title='bbox 346 1016 417 1054; x_wconf 79' lang='lat' dir='ltr'>quia</span> <span class='ocrx_word' id='word_1_141' title='bbox 438 1024 457 1043; x_wconf 88' lang='lat' dir='ltr'>a</span> <span class='ocrx_word' id='word_1_142' title='bbox 474 1016 528 1043; x_wconf 78' lang='lat' dir='ltr'>Deo</span> <span class='ocrx_word' id='word_1_143' title='bbox 544 1017 645 1044; x_wconf 74' lang='lat' dir='ltr'>venisti</span> <span class='ocrx_word' id='word_1_144' title='bbox 664 1016 803 1053; x_wconf 69' lang='lat' dir='ltr'>tizayister</span> <span class='ocrx_word' id='word_1_145' title='bbox 824 1019 889 1050; x_wconf 85' lang='lat' dir='ltr'>ctc.;</span> <span class='ocrx_word' id='word_1_146' title='bbox 911 1020 937 1045; x_wconf 89' lang='lat' dir='ltr'>et</span> <span class='ocrx_word' id='word_1_147' title='bbox 952 1016 1080 1044; x_wconf 81' lang='lat' dir='ltr'>subditur</span> 
     </span>
     <span class='ocr_line' id='line_1_28' title="bbox 244 1061 1080 1099; baseline 0.001 -9"><span class='ocrx_word' id='word_1_148' title='bbox 244 1062 295 1096; x_wconf 86' lang='lat' dir='ltr'>ibi,</span> <span class='ocrx_word' id='word_1_149' title='bbox 310 1062 384 1099; x_wconf 87' lang='lat' dir='ltr'>quod</span> <span class='ocrx_word' id='word_1_150' title='bbox 398 1062 472 1091; x_wconf 89' lang='lat' dir='ltr'>lesus</span> <span class='ocrx_word' id='word_1_151' title='bbox 492 1063 600 1098; x_wconf 82' lang='lat' dir='ltr'>aperuit</span> <span class='ocrx_word' id='word_1_152' title='bbox 615 1063 638 1091; x_wconf 88' lang='lat' dir='ltr'>ei</span> <span class='ocrx_word' id='word_1_153' title='bbox 654 1061 783 1099; x_wconf 85' lang='lat' dir='ltr'>mysteria</span> <span class='ocrx_word' id='word_1_154' title='bbox 796 1062 873 1096; x_wconf 81' lang='lat' dir='ltr'>fidei,</span> <span class='ocrx_word' id='word_1_155' title='bbox 896 1071 946 1099; x_wconf 90' lang='lat' dir='ltr'>pro</span> <span class='ocrx_word' id='word_1_156' title='bbox 961 1071 992 1091; x_wconf 87' lang='lat' dir='ltr'>eo</span> <span class='ocrx_word' id='word_1_157' title='bbox 1007 1063 1080 1099; x_wconf 90' lang='lat' dir='ltr'>quod</span> 
     </span>
     <span class='ocr_line' id='line_1_29' title="bbox 242 1108 1079 1145; baseline 0.001 -8"><span class='ocrx_word' id='word_1_158' title='bbox 242 1117 295 1137; x_wconf 93' lang='lat' dir='ltr'>non</span> <span class='ocrx_word' id='word_1_159' title='bbox 316 1108 466 1145; x_wconf 84' lang='lat' dir='ltr'>quaerebat</span> <span class='ocrx_word' id='word_1_160' title='bbox 479 1108 556 1145; x_wconf 84' lang='lat' dir='ltr'>signa</span> <span class='ocrx_word' id='word_1_161' title='bbox 577 1109 695 1142; x_wconf 72' lang='lat' dir='ltr'>virtutis,</span> <span class='ocrx_word' id='word_1_162' title='bbox 710 1108 755 1137; x_wconf 80' lang='lat' dir='ltr'>setl</span> <span class='ocrx_word' id='word_1_163' title='bbox 770 1108 935 1137; x_wconf 82' lang='lat' dir='ltr'>documenta</span> <span class='ocrx_word' id='word_1_164' title='bbox 948 1109 1079 1138; x_wconf 85' lang='lat' dir='ltr'>veritatis.</span> 
     </span>
    </p>

    <p class='ocr_par' dir='ltr' id='par_1_11' title="bbox 237 1154 1081 2352">
     <span class='ocr_line' id='line_1_30' title="bbox 320 1154 1080 1191; baseline 0.001 -8"><span class='ocrx_word' id='word_1_165' title='bbox 320 1155 364 1184; x_wconf 65' lang='lat'>93.</span> <span class='ocrx_word' id='word_1_166' title='bbox 398 1155 609 1191; x_wconf 86' lang='lat' dir='ltr'>lnterrogandus</span> <span class='ocrx_word' id='word_1_167' title='bbox 640 1158 681 1183; x_wconf 88' lang='lat' dir='ltr'>est</span> <span class='ocrx_word' id='word_1_168' title='bbox 706 1157 796 1183; x_wconf 87' lang='lat' dir='ltr'>autem</span> <span class='ocrx_word' id='word_1_169' title='bbox 825 1154 869 1182; x_wconf 88' lang='lat' dir='ltr'>hic</span> <span class='ocrx_word' id='word_1_170' title='bbox 897 1155 1026 1191; x_wconf 83' lang='lat' dir='ltr'>magister</span> <span class='ocrx_word' id='word_1_171' title='bbox 1047 1156 1080 1184; x_wconf 89' lang='lat' dir='ltr'>de</span> 
     </span>
     <span class='ocr_line' id='line_1_31' title="bbox 244 1200 1081 1238; baseline -0.001 -8"><span class='ocrx_word' id='word_1_172' title='bbox 244 1201 285 1230; x_wconf 87' lang='lat' dir='ltr'>his</span> <span class='ocrx_word' id='word_1_173' title='bbox 305 1210 375 1238; x_wconf 84' lang='lat' dir='ltr'>quae</span> <span class='ocrx_word' id='word_1_174' title='bbox 390 1204 512 1238; x_wconf 81' lang='lat' dir='ltr'>spectant</span> <span class='ocrx_word' id='word_1_175' title='bbox 539 1201 572 1229; x_wconf 88' lang='lat' dir='ltr'>ad</span> <span class='ocrx_word' id='word_1_176' title='bbox 593 1201 760 1235; x_wconf 75' lang='lat' dir='ltr'>seientiam,</span> <span class='ocrx_word' id='word_1_177' title='bbox 786 1200 819 1229; x_wconf 85' lang='lat' dir='ltr'>ad</span> <span class='ocrx_word' id='word_1_178' title='bbox 841 1200 1026 1237; x_wconf 75' lang='lat' dir='ltr'>disciplinam</span> <span class='ocrx_word' id='word_1_179' title='bbox 1054 1205 1081 1230; x_wconf 88' lang='lat' dir='ltr'>et</span> 
     </span>
     <span class='ocr_line' id='line_1_32' title="bbox 242 1247 1081 1282; baseline -0.001 -6"><span class='ocrx_word' id='word_1_180' title='bbox 242 1247 410 1282; x_wconf 58' lang='lat' dir='ltr'>bonitatem,</span> <span class='ocrx_word' id='word_1_181' title='bbox 435 1247 587 1276; x_wconf 86' lang='lat' dir='ltr'>secundum</span> <span class='ocrx_word' id='word_1_182' title='bbox 614 1248 682 1276; x_wconf 90' lang='lat' dir='ltr'>illud</span> <span class='ocrx_word' id='word_1_183' title='bbox 704 1248 837 1277; x_wconf 84' lang='lat' dir='ltr'>Psalmi⁵:</span> <span class='ocrx_word' id='word_1_184' title='bbox 867 1247 1029 1276; x_wconf 80' lang='lat' dir='ltr'>Bonitatem</span> <span class='ocrx_word' id='word_1_185' title='bbox 1056 1252 1081 1275; x_wconf 90' lang='lat' dir='ltr'>et</span> 
     </span>
     <span class='ocr_line' id='line_1_33' title="bbox 242 1294 1080 1331; baseline 0 -9"><span class='ocrx_word' id='word_1_186' title='bbox 242 1294 425 1331; x_wconf 68' lang='lat' dir='ltr'>disciplinam</span> <span class='ocrx_word' id='word_1_187' title='bbox 446 1298 471 1322; x_wconf 84' lang='lat' dir='ltr'>ct</span> <span class='ocrx_word' id='word_1_188' title='bbox 491 1294 641 1322; x_wconf 79' lang='lat' dir='ltr'>scientiam</span> <span class='ocrx_word' id='word_1_189' title='bbox 662 1295 728 1323; x_wconf 81' lang='lat' dir='ltr'>doce</span> <span class='ocrx_word' id='word_1_190' title='bbox 742 1303 793 1323; x_wconf 85' lang='lat' dir='ltr'>me.</span> <span class='ocrx_word' id='word_1_191' title='bbox 816 1294 943 1323; x_wconf 80' lang='lat' dir='ltr'>Seientia</span> <span class='ocrx_word' id='word_1_192' title='bbox 961 1302 1080 1331; x_wconf 85' lang='lat' dir='ltr'>namque</span> 
     </span>
     <span class='ocr_line' id='line_1_34' title="bbox 242 1341 1079 1378; baseline 0.001 -10"><span class='ocrx_word' id='word_1_193' title='bbox 242 1341 363 1375; x_wconf 75' lang='lat' dir='ltr'>consistit</span> <span class='ocrx_word' id='word_1_194' title='bbox 384 1341 411 1369; x_wconf 90' lang='lat' dir='ltr'>in</span> <span class='ocrx_word' id='word_1_195' title='bbox 432 1341 527 1369; x_wconf 83' lang='lat' dir='ltr'>notitia</span> <span class='ocrx_word' id='word_1_196' title='bbox 548 1341 622 1375; x_wconf 82' lang='lat' dir='ltr'>veri,</span> <span class='ocrx_word' id='word_1_197' title='bbox 643 1341 800 1378; x_wconf 73' lang='lat' dir='ltr'>disciplina</span> <span class='ocrx_word' id='word_1_198' title='bbox 821 1341 847 1369; x_wconf 90' lang='lat' dir='ltr'>in</span> <span class='ocrx_word' id='word_1_199' title='bbox 869 1341 976 1369; x_wconf 87' lang='lat' dir='ltr'>cautela</span> <span class='ocrx_word' id='word_1_200' title='bbox 1000 1341 1079 1374; x_wconf 81' lang='lat' dir='ltr'>mali,</span> 
     </span>
     <span class='ocr_line' id='line_1_35' title="bbox 243 1387 1080 1424; baseline 0 -9"><span class='ocrx_word' id='word_1_201' title='bbox 243 1387 353 1416; x_wconf 75' lang='lat' dir='ltr'>bonitas</span> <span class='ocrx_word' id='word_1_202' title='bbox 368 1387 394 1415; x_wconf 91' lang='lat' dir='ltr'>in</span> <span class='ocrx_word' id='word_1_203' title='bbox 416 1387 542 1424; x_wconf 84' lang='lat' dir='ltr'>eligentia</span> <span class='ocrx_word' id='word_1_204' title='bbox 556 1387 627 1416; x_wconf 89' lang='lat' dir='ltr'>boni.</span> <span class='ocrx_word' id='word_1_205' title='bbox 650 1388 771 1416; x_wconf 85' lang='lat' dir='ltr'>Primum</span> <span class='ocrx_word' id='word_1_206' title='bbox 790 1387 900 1424; x_wconf 79' lang='lat' dir='ltr'>respicit</span> <span class='ocrx_word' id='word_1_207' title='bbox 921 1388 1080 1421; x_wconf 84' lang='lat' dir='ltr'>veritatem,</span> 
     </span>
     <span class='ocr_line' id='line_1_36' title="bbox 241 1434 1081 1471; baseline -0.001 -8"><span class='ocrx_word' id='word_1_208' title='bbox 241 1434 390 1463; x_wconf 88' lang='lat' dir='ltr'>secundum</span> <span class='ocrx_word' id='word_1_209' title='bbox 412 1434 523 1470; x_wconf 83' lang='lat' dir='ltr'>respicit</span> <span class='ocrx_word' id='word_1_210' title='bbox 542 1434 727 1468; x_wconf 71' lang='lat' dir='ltr'>sanctitatem,</span> <span class='ocrx_word' id='word_1_211' title='bbox 746 1434 859 1462; x_wconf 85' lang='lat' dir='ltr'>tertium</span> <span class='ocrx_word' id='word_1_212' title='bbox 880 1434 990 1471; x_wconf 80' lang='lat' dir='ltr'>respicit</span> <span class='ocrx_word' id='word_1_213' title='bbox 1011 1434 1081 1462; x_wconf 86' lang='lat' dir='ltr'>cari-</span> 
     </span>
     <span class='ocr_line' id='line_1_37' title="bbox 242 1480 1080 1517; baseline -0.002 -7"><span class='ocrx_word' id='word_1_214' title='bbox 242 1484 332 1510; x_wconf 84' lang='lat' dir='ltr'>tatem.</span> <span class='ocrx_word' id='word_1_215' title='bbox 346 1497 381 1501; x_wconf 90' lang='lat'>—</span> <span class='ocrx_word' id='word_1_216' title='bbox 395 1480 605 1517; x_wconf 83' lang='lat' dir='ltr'>liiteri·ogandus</span> <span class='ocrx_word' id='word_1_217' title='bbox 618 1484 659 1509; x_wconf 92' lang='lat' dir='ltr'>est</span> <span class='ocrx_word' id='word_1_218' title='bbox 674 1488 740 1517; x_wconf 89' lang='lat' dir='ltr'>ergo</span> <span class='ocrx_word' id='word_1_219' title='bbox 760 1480 793 1508; x_wconf 92' lang='lat' dir='ltr'>de</span> <span class='ocrx_word' id='word_1_220' title='bbox 808 1480 850 1508; x_wconf 86' lang='lat' dir='ltr'>bis</span> <span class='ocrx_word' id='word_1_221' title='bbox 871 1488 942 1517; x_wconf 83' lang='lat' dir='ltr'>quae</span> <span class='ocrx_word' id='word_1_222' title='bbox 957 1483 1080 1517; x_wconf 86' lang='lat' dir='ltr'>spectant</span> 
     </span>
     <span class='ocr_line' id='line_1_38' title="bbox 241 1526 1079 1560; baseline 0 -5"><span class='ocrx_word' id='word_1_223' title='bbox 241 1528 274 1556; x_wconf 87' lang='lat' dir='ltr'>ad</span> <span class='ocrx_word' id='word_1_224' title='bbox 303 1527 449 1555; x_wconf 78' lang='lat' dir='ltr'>veritatem</span> <span class='ocrx_word' id='word_1_225' title='bbox 476 1527 628 1560; x_wconf 80' lang='lat' dir='ltr'>scientiae,</span> <span class='ocrx_word' id='word_1_226' title='bbox 650 1535 703 1554; x_wconf 93' lang='lat' dir='ltr'>non</span> <span class='ocrx_word' id='word_1_227' title='bbox 725 1526 815 1555; x_wconf 87' lang='lat' dir='ltr'>studio</span> <span class='ocrx_word' id='word_1_228' title='bbox 844 1527 979 1560; x_wconf 86' lang='lat' dir='ltr'>tentandi,</span> <span class='ocrx_word' id='word_1_229' title='bbox 1009 1527 1079 1555; x_wconf 87' lang='lat' dir='ltr'>sicut</span> 
     </span>
     <span class='ocr_line' id='line_1_39' title="bbox 243 1572 1079 1609; baseline -0.002 -7"><span class='ocrx_word' id='word_1_230' title='bbox 243 1573 380 1602; x_wconf 77' lang='lat' dir='ltr'>tentabant</span> <span class='ocrx_word' id='word_1_231' title='bbox 400 1572 525 1609; x_wconf 85' lang='lat' dir='ltr'>discipuli</span> <span class='ocrx_word' id='word_1_232' title='bbox 548 1572 771 1605; x_wconf 79' lang='lat' dir='ltr'>Pharisaeorum,</span> <span class='ocrx_word' id='word_1_233' title='bbox 793 1572 919 1600; x_wconf 84' lang='lat' dir='ltr'>Matthaei</span> <span class='ocrx_word' id='word_1_234' title='bbox 947 1572 1079 1609; x_wconf 84' lang='lat' dir='ltr'>vigesimo</span> 
     </span>
     <span class='ocr_line' id='line_1_40' title="bbox 242 1619 1078 1656; baseline -0.002 -8"><span class='ocrx_word' id='word_1_235' title='bbox 242 1619 397 1648; x_wconf 77' lang='lat' dir='ltr'>secundo⁶:</span> <span class='ocrx_word' id='word_1_236' title='bbox 420 1619 567 1656; x_wconf 76' lang='lat' dir='ltr'>Mayister,</span> <span class='ocrx_word' id='word_1_237' title='bbox 588 1619 713 1652; x_wconf 74' lang='lat' dir='ltr'>seimus,</span> <span class='ocrx_word' id='word_1_238' title='bbox 735 1619 806 1656; x_wconf 80' lang='lat' dir='ltr'>quia</span> <span class='ocrx_word' id='word_1_239' title='bbox 826 1627 917 1646; x_wconf 62' lang='lat' dir='ltr'>veram</span> <span class='ocrx_word' id='word_1_240' title='bbox 931 1627 960 1647; x_wconf 75' lang='lat' dir='ltr'>es</span> <span class='ocrx_word' id='word_1_241' title='bbox 981 1622 1031 1647; x_wconf 88' lang='lat' dir='ltr'>etc.</span> <span class='ocrx_word' id='word_1_242' title='bbox 1048 1619 1078 1646; x_wconf 88' lang='lat' dir='ltr'>Et</span> 
     </span>
     <span class='ocr_line' id='line_1_41' title="bbox 241 1664 1076 1702; baseline -0.001 -9"><span class='ocrx_word' id='word_1_243' title='bbox 241 1665 305 1702; x_wconf 88' lang='lat' dir='ltr'>quia</span> <span class='ocrx_word' id='word_1_244' title='bbox 329 1665 410 1693; x_wconf 83' lang='lat' dir='ltr'>mala</span> <span class='ocrx_word' id='word_1_245' title='bbox 438 1664 589 1692; x_wconf 84' lang='lat' dir='ltr'>intentione</span> <span class='ocrx_word' id='word_1_246' title='bbox 616 1664 799 1701; x_wconf 80' lang='lat' dir='ltr'>quaerebant,</span> <span class='ocrx_word' id='word_1_247' title='bbox 828 1664 888 1692; x_wconf 88' lang='lat' dir='ltr'>ideo</span> <span class='ocrx_word' id='word_1_248' title='bbox 915 1672 1076 1700; x_wconf 86' lang='lat' dir='ltr'>responsum</span> 
     </span>
     <span class='ocr_line' id='line_1_42' title="bbox 240 1709 1078 1748; baseline -0.004 -8"><span class='ocrx_word' id='word_1_249' title='bbox 240 1714 281 1740; x_wconf 83' lang='lat' dir='ltr'>est</span> <span class='ocrx_word' id='word_1_250' title='bbox 301 1711 354 1739; x_wconf 88' lang='lat' dir='ltr'>eis:</span> <span class='ocrx_word' id='word_1_251' title='bbox 386 1710 463 1746; x_wconf 79' lang='lat' dir='ltr'>Quid</span> <span class='ocrx_word' id='word_1_252' title='bbox 481 1718 525 1738; x_wconf 84' lang='lat' dir='ltr'>me</span> <span class='ocrx_word' id='word_1_253' title='bbox 552 1710 682 1743; x_wconf 69' lang='lat' dir='ltr'>tentatiS,</span> <span class='ocrx_word' id='word_1_254' title='bbox 704 1709 891 1748; x_wconf 75' lang='lat' dir='ltr'>hypocritae?</span> <span class='ocrx_word' id='word_1_255' title='bbox 915 1710 985 1746; x_wconf 85' lang='lat' dir='ltr'>Quia</span> <span class='ocrx_word' id='word_1_256' title='bbox 1012 1717 1078 1738; x_wconf 88' lang='lat' dir='ltr'>vero</span> 
     </span>
     <span class='ocr_line' id='line_1_43' title="bbox 240 1756 1076 1794; baseline -0.001 -10"><span class='ocrx_word' id='word_1_257' title='bbox 240 1757 433 1794; x_wconf 76' lang='lat' dir='ltr'>qaaestionem</span> <span class='ocrx_word' id='word_1_258' title='bbox 447 1756 568 1790; x_wconf 80' lang='lat' dir='ltr'>bonam,</span> <span class='ocrx_word' id='word_1_259' title='bbox 590 1756 650 1784; x_wconf 89' lang='lat' dir='ltr'>ideo</span> <span class='ocrx_word' id='word_1_260' title='bbox 664 1756 737 1785; x_wconf 89' lang='lat' dir='ltr'>dedit</span> <span class='ocrx_word' id='word_1_261' title='bbox 751 1756 954 1793; x_wconf 86' lang='lat' dir='ltr'>responsionem</span> <span class='ocrx_word' id='word_1_262' title='bbox 970 1763 1076 1784; x_wconf 87' lang='lat' dir='ltr'>veram:</span> 
     </span>
     <span class='ocr_line' id='line_1_44' title="bbox 241 1802 1078 1841; baseline -0.001 -10"><span class='ocrx_word' id='word_1_263' title='bbox 241 1803 355 1831; x_wconf 82' lang='lat' dir='ltr'>Reddite</span> <span class='ocrx_word' id='word_1_264' title='bbox 375 1811 442 1840; x_wconf 69' lang='lat' dir='ltr'>erqo</span> <span class='ocrx_word' id='word_1_265' title='bbox 463 1811 537 1841; x_wconf 82' lang='lat' dir='ltr'>quac</span> <span class='ocrx_word' id='word_1_266' title='bbox 556 1806 625 1831; x_wconf 78' lang='lat' dir='ltr'>sant</span> <span class='ocrx_word' id='word_1_267' title='bbox 652 1803 782 1831; x_wconf 70' lang='lat' dir='ltr'>caesaris</span> <span class='ocrx_word' id='word_1_268' title='bbox 802 1802 919 1831; x_wconf 79' lang='lat' dir='ltr'>caesari</span> <span class='ocrx_word' id='word_1_269' title='bbox 928 1812 938 1835; x_wconf 94' lang='lat'><em>;</em></span> <span class='ocrx_word' id='word_1_270' title='bbox 959 1805 983 1830; x_wconf 90' lang='lat' dir='ltr'>et</span> <span class='ocrx_word' id='word_1_271' title='bbox 1003 1810 1078 1840; x_wconf 80' lang='lat' dir='ltr'>quae</span> 
     </span>
     <span class='ocr_line' id='line_1_45' title="bbox 239 1848 1077 1886; baseline 0 -9"><span class='ocrx_word' id='word_1_272' title='bbox 239 1853 308 1877; x_wconf 79' lang='lat' dir='ltr'>sant</span> <span class='ocrx_word' id='word_1_273' title='bbox 330 1849 396 1883; x_wconf 86' lang='lat' dir='ltr'>Dei,</span> <span class='ocrx_word' id='word_1_274' title='bbox 420 1850 483 1877; x_wconf 86' lang='lat' dir='ltr'>Deo.</span> <span class='ocrx_word' id='word_1_275' title='bbox 500 1866 536 1870; x_wconf 92' lang='lat'><em>-</em></span> <span class='ocrx_word' id='word_1_276' title='bbox 553 1849 764 1886; x_wconf 83' lang='lat' dir='ltr'>Interrogandus</span> <span class='ocrx_word' id='word_1_277' title='bbox 785 1852 826 1878; x_wconf 89' lang='lat' dir='ltr'>est</span> <span class='ocrx_word' id='word_1_278' title='bbox 846 1848 965 1878; x_wconf 85' lang='lat' dir='ltr'>secundo</span> <span class='ocrx_word' id='word_1_279' title='bbox 986 1849 1020 1877; x_wconf 85' lang='lat' dir='ltr'>de</span> <span class='ocrx_word' id='word_1_280' title='bbox 1034 1848 1077 1877; x_wconf 89' lang='lat' dir='ltr'>his</span> 
     </span>
     <span class='ocr_line' id='line_1_46' title="bbox 240 1895 1077 1933; baseline -0.001 -8"><span class='ocrx_word' id='word_1_281' title='bbox 240 1903 309 1933; x_wconf 85' lang='lat' dir='ltr'>quae</span> <span class='ocrx_word' id='word_1_282' title='bbox 330 1898 454 1932; x_wconf 85' lang='lat' dir='ltr'>spectant</span> <span class='ocrx_word' id='word_1_283' title='bbox 473 1895 506 1924; x_wconf 86' lang='lat' dir='ltr'>ad</span> <span class='ocrx_word' id='word_1_284' title='bbox 527 1896 709 1924; x_wconf 81' lang='lat' dir='ltr'>sanct-itatem</span> <span class='ocrx_word' id='word_1_285' title='bbox 730 1895 915 1933; x_wconf 74' lang='lat' dir='ltr'>disciplinae,</span> <span class='ocrx_word' id='word_1_286' title='bbox 945 1895 1016 1924; x_wconf 86' lang='lat' dir='ltr'>sicut</span> <span class='ocrx_word' id='word_1_287' title='bbox 1037 1895 1077 1924; x_wconf 91' lang='lat' dir='ltr'>in-</span> 
     </span>
     <span class='ocr_line' id='line_1_47' title="bbox 240 1942 1077 1979; baseline 0.001 -9"><span class='ocrx_word' id='word_1_288' title='bbox 240 1942 396 1979; x_wconf 83' lang='lat' dir='ltr'>terrogabat</span> <span class='ocrx_word' id='word_1_289' title='bbox 415 1950 479 1970; x_wconf 88' lang='lat' dir='ltr'>eum</span> <span class='ocrx_word' id='word_1_290' title='bbox 500 1942 545 1970; x_wconf 89' lang='lat' dir='ltr'>ille</span> <span class='ocrx_word' id='word_1_291' title='bbox 565 1942 736 1977; x_wconf 86' lang='lat' dir='ltr'>adolescens,</span> <span class='ocrx_word' id='word_1_292' title='bbox 758 1942 838 1971; x_wconf 84' lang='lat' dir='ltr'>Marci</span> <span class='ocrx_word' id='word_1_293' title='bbox 853 1942 994 1971; x_wconf 88' lang='lat' dir='ltr'>decim0⁷:</span> <span class='ocrx_word' id='word_1_294' title='bbox 1017 1942 1077 1971; x_wconf 87' lang='lat' dir='ltr'>Ma-</span> 
     </span>
     <span class='ocr_line' id='line_1_48' title="bbox 237 1988 1077 2027; baseline 0 -10"><span class='ocrx_word' id='word_1_295' title='bbox 237 1989 327 2027; x_wconf 49' lang='grc' dir='ltr'>ριέων</span> <span class='ocrx_word' id='word_1_296' title='bbox 348 1989 429 2023; x_wconf 82' lang='lat' dir='ltr'>bone,</span> <span class='ocrx_word' id='word_1_297' title='bbox 445 1989 515 2027; x_wconf 80' lang='lat' dir='ltr'>qaid</span> <span class='ocrx_word' id='word_1_298' title='bbox 532 1988 659 2026; x_wconf 80' lang='lat' dir='ltr'>faciam,</span> <span class='ocrx_word' id='word_1_299' title='bbox 681 1993 713 2018; x_wconf 79' lang='lat' dir='ltr'>ttt</span> <span class='ocrx_word' id='word_1_300' title='bbox 735 1990 824 2018; x_wconf 80' lang='lat' dir='ltr'>uitam</span> <span class='ocrx_word' id='word_1_301' title='bbox 845 1993 993 2018; x_wconf 75' lang='lat' dir='ltr'>aeternam</span> <span class='ocrx_word' id='word_1_302' title='bbox 1010 1998 1077 2027; x_wconf 81' lang='lat' dir='ltr'>pos-</span> 
     </span>
     <span class='ocr_line' id='line_1_49' title="bbox 238 2035 1076 2073; baseline 0 -9"><span class='ocrx_word' id='word_1_303' title='bbox 238 2035 372 2064; x_wconf 78' lang='lat' dir='ltr'>sideam?</span> <span class='ocrx_word' id='word_1_304' title='bbox 394 2036 425 2064; x_wconf 89' lang='lat' dir='ltr'>Et</span> <span class='ocrx_word' id='word_1_305' title='bbox 446 2044 609 2072; x_wconf 85' lang='lat' dir='ltr'>responsum</span> <span class='ocrx_word' id='word_1_306' title='bbox 630 2039 671 2064; x_wconf 86' lang='lat' dir='ltr'>est</span> <span class='ocrx_word' id='word_1_307' title='bbox 691 2036 728 2070; x_wconf 86' lang='lat' dir='ltr'>ei,</span> <span class='ocrx_word' id='word_1_308' title='bbox 750 2036 822 2073; x_wconf 84' lang='lat' dir='ltr'>quod</span> <span class='ocrx_word' id='word_1_309' title='bbox 844 2039 967 2065; x_wconf 86' lang='lat' dir='ltr'>servaret</span> <span class='ocrx_word' id='word_1_310' title='bbox 994 2044 1076 2064; x_wconf 84' lang='lat' dir='ltr'>man-</span> 
     </span>
     <span class='ocr_line' id='line_1_50' title="bbox 239 2079 1076 2119; baseline 0.001 -9"><span class='ocrx_word' id='word_1_311' title='bbox 239 2083 326 2117; x_wconf 82' lang='lat' dir='ltr'>data,</span> <span class='ocrx_word' id='word_1_312' title='bbox 348 2086 374 2111; x_wconf 89' lang='lat' dir='ltr'>et</span> <span class='ocrx_word' id='word_1_313' title='bbox 395 2082 417 2110; x_wconf 89' lang='lat' dir='ltr'>si</span> <span class='ocrx_word' id='word_1_314' title='bbox 439 2082 520 2111; x_wconf 85' lang='lat' dir='ltr'>vellet</span> <span class='ocrx_word' id='word_1_315' title='bbox 540 2082 678 2119; x_wconf 87' lang='lat' dir='ltr'>perfectus</span> <span class='ocrx_word' id='word_1_316' title='bbox 699 2090 773 2117; x_wconf 86' lang='lat' dir='ltr'>esse,</span> <span class='ocrx_word' id='word_1_317' title='bbox 795 2085 918 2111; x_wconf 80' lang='lat' dir='ltr'>servaret</span> <span class='ocrx_word' id='word_1_318' title='bbox 938 2079 1076 2117; x_wconf 78' lang='lat' dir='ltr'>consilia,</span> 
     </span>
     <span class='ocr_line' id='line_1_51' title="bbox 240 2128 1077 2166; baseline 0.001 -9"><span class='ocrx_word' id='word_1_319' title='bbox 240 2129 267 2157; x_wconf 92' lang='lat' dir='ltr'>in</span> <span class='ocrx_word' id='word_1_320' title='bbox 282 2129 383 2166; x_wconf 86' lang='lat' dir='ltr'>quibus</span> <span class='ocrx_word' id='word_1_321' title='bbox 404 2129 527 2158; x_wconf 75' lang='lat' dir='ltr'>consistit</span> <span class='ocrx_word' id='word_1_322' title='bbox 541 2128 661 2165; x_wconf 83' lang='lat' dir='ltr'>perfecta</span> <span class='ocrx_word' id='word_1_323' title='bbox 675 2129 817 2166; x_wconf 85' lang='lat' dir='ltr'>disciplina</span> <span class='ocrx_word' id='word_1_324' title='bbox 830 2137 955 2163; x_wconf 89' lang='lat' dir='ltr'>morum,</span> <span class='ocrx_word' id='word_1_325' title='bbox 971 2130 998 2158; x_wconf 92' lang='lat' dir='ltr'>in</span> <span class='ocrx_word' id='word_1_326' title='bbox 1013 2137 1077 2158; x_wconf 83' lang='lat' dir='ltr'>cau-.</span> 
     </span>
     <span class='ocr_line' id='line_1_52' title="bbox 240 2174 1076 2211; baseline 0.001 -8"><span class='ocrx_word' id='word_1_327' title='bbox 240 2175 293 2203; x_wconf 80' lang='lat' dir='ltr'>tela</span> <span class='ocrx_word' id='word_1_328' title='bbox 313 2183 409 2203; x_wconf 86' lang='lat' dir='ltr'>eorum</span> <span class='ocrx_word' id='word_1_329' title='bbox 432 2182 502 2211; x_wconf 85' lang='lat' dir='ltr'>quae</span> <span class='ocrx_word' id='word_1_330' title='bbox 523 2182 572 2203; x_wconf 91' lang='lat' dir='ltr'>nos</span> <span class='ocrx_word' id='word_1_331' title='bbox 593 2174 706 2203; x_wconf 84' lang='lat' dir='ltr'>incitant</span> <span class='ocrx_word' id='word_1_332' title='bbox 726 2175 760 2203; x_wconf 87' lang='lat' dir='ltr'>ad</span> <span class='ocrx_word' id='word_1_333' title='bbox 781 2175 956 2211; x_wconf 83' lang='lat' dir='ltr'>peccandum.</span> <span class='ocrx_word' id='word_1_334' title='bbox 976 2192 1013 2196; x_wconf 97' lang='lat'><strong>—</strong></span> <span class='ocrx_word' id='word_1_335' title='bbox 1035 2176 1076 2204; x_wconf 92' lang='lat' dir='ltr'>In-</span> 
     </span>
     <span class='ocr_line' id='line_1_53' title="bbox 239 2220 1076 2258; baseline 0.001 -9"><span class='ocrx_word' id='word_1_336' title='bbox 239 2221 422 2258; x_wconf 81' lang='lat' dir='ltr'>terrogandus</span> <span class='ocrx_word' id='word_1_337' title='bbox 442 2224 483 2249; x_wconf 87' lang='lat' dir='ltr'>est</span> <span class='ocrx_word' id='word_1_338' title='bbox 503 2220 584 2249; x_wconf 89' lang='lat' dir='ltr'>etiam</span> <span class='ocrx_word' id='word_1_339' title='bbox 606 2220 639 2249; x_wconf 89' lang='lat' dir='ltr'>de</span> <span class='ocrx_word' id='word_1_340' title='bbox 660 2221 703 2249; x_wconf 87' lang='lat' dir='ltr'>his</span> <span class='ocrx_word' id='word_1_341' title='bbox 723 2229 793 2258; x_wconf 86' lang='lat' dir='ltr'>quae</span> <span class='ocrx_word' id='word_1_342' title='bbox 814 2224 937 2258; x_wconf 84' lang='lat' dir='ltr'>spectant</span> <span class='ocrx_word' id='word_1_343' title='bbox 950 2222 983 2250; x_wconf 81' lang='lat' dir='ltr'>ad</span> <span class='ocrx_word' id='word_1_344' title='bbox 998 2222 1076 2250; x_wconf 87' lang='lat' dir='ltr'>eari-</span> 
     </span>
     <span class='ocr_line' id='line_1_54' title="bbox 240 2267 1074 2306; baseline 0.002 -11"><span class='ocrx_word' id='word_1_345' title='bbox 240 2270 325 2296; x_wconf 82' lang='lat' dir='ltr'>tatem</span> <span class='ocrx_word' id='word_1_346' title='bbox 339 2267 555 2301; x_wconf 77' lang='lat' dir='ltr'>benevolentiae,</span> <span class='ocrx_word' id='word_1_347' title='bbox 570 2267 698 2303; x_wconf 84' lang='lat' dir='ltr'>exemplo</span> <span class='ocrx_word' id='word_1_348' title='bbox 712 2267 788 2304; x_wconf 84' lang='lat' dir='ltr'>Legis</span> <span class='ocrx_word' id='word_1_349' title='bbox 801 2267 934 2306; x_wconf 85' lang='lat' dir='ltr'>doctoris,</span> <span class='ocrx_word' id='word_1_350' title='bbox 948 2268 1074 2298; x_wconf 84' lang='lat' dir='ltr'>Matthaei</span> 
     </span>
     <span class='ocr_line' id='line_1_55' title="bbox 239 2313 1075 2352; baseline 0.002 -10"><span class='ocrx_word' id='word_1_351' title='bbox 239 2314 369 2351; x_wconf 85' lang='lat' dir='ltr'>vigesimo</span> <span class='ocrx_word' id='word_1_352' title='bbox 390 2314 546 2343; x_wconf 67' lang='lat' dir='ltr'>secundofl:</span> <span class='ocrx_word' id='word_1_353' title='bbox 569 2314 720 2351; x_wconf 76' lang='lat' dir='ltr'>Mayz&#39;ster,</span> <span class='ocrx_word' id='word_1_354' title='bbox 741 2314 817 2352; x_wconf 82' lang='lat' dir='ltr'>quod</span> <span class='ocrx_word' id='word_1_355' title='bbox 841 2313 880 2343; x_wconf 75' lang='lat' dir='ltr'>est</span> <span class='ocrx_word' id='word_1_356' title='bbox 900 2316 1075 2344; x_wconf 82' lang='lat' dir='ltr'>mandatam</span> 
     </span>
    </p>
   </div>
   <div class='ocr_carea' id='block_1_10' title="bbox 1105 273 1112 1043">
    <p class='ocr_par' dir='ltr' id='par_1_12' title="bbox 1105 273 1112 1043">
     <span class='ocr_line' id='line_1_56' title="bbox 1105 273 1112 1043; baseline 0 0"><span class='ocrx_word' id='word_1_357' title='bbox 1105 273 1112 1043; x_wconf 95' lang='lat' dir='ltr'> </span> 
     </span>
    </p>
   </div>
   <div class='ocr_carea' id='block_1_11' title="bbox 1103 1197 1110 2309">
    <p class='ocr_par' dir='ltr' id='par_1_13' title="bbox 1103 1197 1110 2309">
     <span class='ocr_line' id='line_1_57' title="bbox 1103 1197 1110 2309; baseline 0 0"><span class='ocrx_word' id='word_1_358' title='bbox 1103 1197 1110 2309; x_wconf 95' lang='lat' dir='ltr'> </span> 
     </span>
    </p>
   </div>
   <div class='ocr_carea' id='block_1_12' title="bbox 1916 198 1970 227">
    <p class='ocr_par' dir='ltr' id='par_1_14' title="bbox 1916 198 1970 227">
     <span class='ocr_line' id='line_1_58' title="bbox 1916 198 1970 227; baseline 0.056 -3"><span class='ocrx_word' id='word_1_359' title='bbox 1916 198 1970 227; x_wconf 74' lang='lat'>1573</span> 
     </span>
    </p>
   </div>
   <div class='ocr_carea' id='block_1_13' title="bbox 1131 275 2119 2213">
    <p class='ocr_par' dir='ltr' id='par_1_15' title="bbox 1136 275 1971 405">
     <span class='ocr_line' id='line_1_59' title="bbox 1136 275 1970 313; baseline 0.004 -13"><span class='ocrx_word' id='word_1_360' title='bbox 1136 282 1277 309; x_wconf 65' lang='lat' dir='ltr'>maflnttm</span> <span class='ocrx_word' id='word_1_361' title='bbox 1298 275 1325 302; x_wconf 82' lang='lat' dir='ltr'>t&#39;n</span> <span class='ocrx_word' id='word_1_362' title='bbox 1344 275 1434 311; x_wconf 64' lang='lat' dir='ltr'>lAEW’T’</span> <span class='ocrx_word' id='word_1_363' title='bbox 1451 275 1498 303; x_wconf 62' lang='lat' dir='ltr'>⁴tit</span> <span class='ocrx_word' id='word_1_364' title='bbox 1514 276 1571 303; x_wconf 82' lang='lat' dir='ltr'>z&#39;llt&#39;:</span> <span class='ocrx_word' id='word_1_365' title='bbox 1590 276 1694 313; x_wconf 68' lang='lat' dir='ltr'>Dt&#39;lt&#39;ycs</span> <span class='ocrx_word' id='word_1_366' title='bbox 1712 276 1864 304; x_wconf 77' lang='lat' dir='ltr'>Dominam</span> <span class='ocrx_word' id='word_1_367' title='bbox 1883 277 1970 304; x_wconf 77' lang='lat' dir='ltr'>Deum</span> 
     </span>
     <span class='ocr_line' id='line_1_60' title="bbox 1137 322 1971 356; baseline 0.004 -9"><span class='ocrx_word' id='word_1_368' title='bbox 1137 324 1218 348; x_wconf 78' lang='lat' dir='ltr'>litant</span> <span class='ocrx_word' id='word_1_369' title='bbox 1233 330 1266 348; x_wconf 57' lang='lat' dir='ltr'>eac</span> <span class='ocrx_word' id='word_1_370' title='bbox 1288 322 1371 349; x_wconf 68' lang='lat' dir='ltr'>cot-(le</span> <span class='ocrx_word' id='word_1_371' title='bbox 1386 325 1433 349; x_wconf 80' lang='lat' dir='ltr'>tno</span> <span class='ocrx_word' id='word_1_372' title='bbox 1444 346 1450 355; x_wconf 90' lang='lat'>,</span> <span class='ocrx_word' id='word_1_373' title='bbox 1472 327 1496 350; x_wconf 83' lang='lat' dir='ltr'>et</span> <span class='ocrx_word' id='word_1_374' title='bbox 1517 332 1550 349; x_wconf 60' lang='grc' dir='ltr'>ιω</span> <span class='ocrx_word' id='word_1_375' title='bbox 1565 327 1653 351; x_wconf 80' lang='lat' dir='ltr'>mente</span> <span class='ocrx_word' id='word_1_376' title='bbox 1676 327 1727 351; x_wconf 79' lang='lat' dir='ltr'>tna</span> <span class='ocrx_word' id='word_1_377' title='bbox 1742 326 1805 356; x_wconf 56' lang='lat' dir='ltr'>eun,</span> <span class='ocrx_word' id='word_1_378' title='bbox 1822 323 1866 350; x_wconf 88' lang='lat' dir='ltr'>uhi</span> <span class='ocrx_word' id='word_1_379' title='bbox 1883 326 1971 350; x_wconf 83' lang='lat' dir='ltr'>osteu-</span> 
     </span>
     <span class='ocr_line' id='line_1_61' title="bbox 1136 367 1774 405; baseline 0.005 -12"><span class='ocrx_word' id='word_1_380' title='bbox 1136 367 1188 400; x_wconf 80' lang='lat' dir='ltr'>dit,</span> <span class='ocrx_word' id='word_1_381' title='bbox 1211 368 1282 403; x_wconf 78' lang='lat' dir='ltr'>quot]</span> <span class='ocrx_word' id='word_1_382' title='bbox 1304 368 1448 404; x_wconf 69' lang='lat' dir='ltr'>plenitudo</span> <span class='ocrx_word' id='word_1_383' title='bbox 1471 370 1551 405; x_wconf 73' lang='lat' dir='ltr'>Leqt&#39;s</span> <span class='ocrx_word' id='word_1_384' title='bbox 1573 374 1612 397; x_wconf 66' lang='lat' dir='ltr'>est</span> <span class='ocrx_word' id='word_1_385' title='bbox 1633 369 1742 397; x_wconf 77' lang='lat' dir='ltr'>dilectio</span> <span class='ocrx_word' id='word_1_386' title='bbox 1755 370 1774 396; x_wconf 66' lang='lat'>⁹.</span> 
     </span>
    </p>

    <p class='ocr_par' dir='ltr' id='par_1_16' title="bbox 1136 414 2117 868">
     <span class='ocr_line' id='line_1_62' title="bbox 1213 414 2114 451; baseline 0 -11"><span class='ocrx_word' id='word_1_387' title='bbox 1213 414 1257 441; x_wconf 60' lang='lat'>⁹24.</span> <span class='ocrx_word' id='word_1_388' title='bbox 1282 415 1348 441; x_wconf 83' lang='lat' dir='ltr'>llaec</span> <span class='ocrx_word' id='word_1_389' title='bbox 1380 414 1462 449; x_wconf 73' lang='lat' dir='ltr'>igitur</span> <span class='ocrx_word' id='word_1_390' title='bbox 1495 415 1546 443; x_wconf 86' lang='lat' dir='ltr'>tria</span> <span class='ocrx_word' id='word_1_391' title='bbox 1567 419 1644 447; x_wconf 82' lang='lat' dir='ltr'>suut,</span> <span class='ocrx_word' id='word_1_392' title='bbox 1677 423 1747 451; x_wconf 76' lang='lat' dir='ltr'>quae</span> <span class='ocrx_word' id='word_1_393' title='bbox 1779 415 1972 449; x_wconf 71' lang='lat' dir='ltr'>interroganda</span> <span class='ocrx_word' id='word_1_394' title='bbox 1994 422 2114 440; x_wconf 59' lang='lat' dir='ltr'>ennianum</span> 
     </span>
     <span class='ocr_line' id='line_1_63' title="bbox 1136 446 2116 497; baseline 0.001 -12"><span class='ocrx_word' id='word_1_395' title='bbox 1136 462 1199 486; x_wconf 85' lang='lat' dir='ltr'>suut</span> <span class='ocrx_word' id='word_1_396' title='bbox 1220 467 1235 485; x_wconf 83' lang='lat' dir='ltr'>a</span> <span class='ocrx_word' id='word_1_397' title='bbox 1256 459 1363 487; x_wconf 80' lang='lat' dir='ltr'>Christo</span> <span class='ocrx_word' id='word_1_398' title='bbox 1386 463 1513 496; x_wconf 71' lang='lat' dir='ltr'>tauquam</span> <span class='ocrx_word' id='word_1_399' title='bbox 1536 470 1551 488; x_wconf 74' lang='lat' dir='ltr'>a.</span> <span class='ocrx_word' id='word_1_400' title='bbox 1567 462 1708 497; x_wconf 72' lang='lat' dir='ltr'>magistro,</span> <span class='ocrx_word' id='word_1_401' title='bbox 1730 464 1757 489; x_wconf 67' lang='lat' dir='ltr'>et</span> <span class='ocrx_word' id='word_1_402' title='bbox 1777 461 1809 489; x_wconf 88' lang='lat' dir='ltr'>ad</span> <span class='ocrx_word' id='word_1_403' title='bbox 1832 470 1902 497; x_wconf 76' lang='lat' dir='ltr'>quae</span> <span class='ocrx_word' id='word_1_404' title='bbox 1918 463 1973 489; x_wconf 87' lang='lat' dir='ltr'>tota</span> <span class='ocrx_word' id='word_1_405' title='bbox 1985 446 2116 494; x_wconf 46' lang='lat' dir='ltr'>‘igmflltdu‘i&#39;ssffll</span> 
     </span>
     <span class='ocr_line' id='line_1_64' title="bbox 1137 492 2048 539; baseline 0.002 -7"><span class='ocrx_word' id='word_1_406' title='bbox 1137 504 1180 532; x_wconf 86' lang='lat' dir='ltr'>lex</span> <span class='ocrx_word' id='word_1_407' title='bbox 1202 504 1301 533; x_wconf 80' lang='lat' dir='ltr'>Christi</span> <span class='ocrx_word' id='word_1_408' title='bbox 1324 509 1364 533; x_wconf 83' lang='lat' dir='ltr'>est</span> <span class='ocrx_word' id='word_1_409' title='bbox 1385 506 1523 539; x_wconf 49' lang='lat' dir='ltr'>ordinatim</span> <span class='ocrx_word' id='word_1_410' title='bbox 1545 511 1571 534; x_wconf 78' lang='lat' dir='ltr'>ct</span> <span class='ocrx_word' id='word_1_411' title='bbox 1592 508 1651 535; x_wconf 86' lang='lat' dir='ltr'>ideo</span> <span class='ocrx_word' id='word_1_412' title='bbox 1665 508 1752 536; x_wconf 79' lang='lat' dir='ltr'>omnis</span> <span class='ocrx_word' id='word_1_413' title='bbox 1772 507 1896 535; x_wconf 86' lang='lat' dir='ltr'>doctrina</span> <span class='ocrx_word' id='word_1_414' title='bbox 1919 507 1972 534; x_wconf 82' lang='lat' dir='ltr'>mi-</span> <span class='ocrx_word' id='word_1_415' title='bbox 1986 492 2048 510; x_wconf 47' lang='lat' dir='ltr'>mm</span> 
     </span>
     <span class='ocr_line' id='line_1_65' title="bbox 1136 551 1973 586; baseline 0.002 -8"><span class='ocrx_word' id='word_1_416' title='bbox 1136 551 1293 579; x_wconf 74' lang='lat' dir='ltr'>nisterialis·</span> <span class='ocrx_word' id='word_1_417' title='bbox 1314 551 1431 579; x_wconf 81' lang='lat' dir='ltr'>doctoris</span> <span class='ocrx_word' id='word_1_418' title='bbox 1456 553 1488 580; x_wconf 85' lang='lat' dir='ltr'>ad</span> <span class='ocrx_word' id='word_1_419' title='bbox 1512 554 1575 580; x_wconf 68' lang='lat' dir='ltr'>haec</span> <span class='ocrx_word' id='word_1_420' title='bbox 1600 554 1650 581; x_wconf 86' lang='lat' dir='ltr'>tria</span> <span class='ocrx_word' id='word_1_421' title='bbox 1677 553 1756 581; x_wconf 87' lang='lat' dir='ltr'>debet</span> <span class='ocrx_word' id='word_1_422' title='bbox 1784 553 1919 586; x_wconf 85' lang='lat' dir='ltr'>ordinari,</span> <span class='ocrx_word' id='word_1_423' title='bbox 1942 556 1973 581; x_wconf 89' lang='lat' dir='ltr'>ut</span> 
     </span>
     <span class='ocr_line' id='line_1_66' title="bbox 1136 597 1973 635; baseline 0.002 -10"><span class='ocrx_word' id='word_1_424' title='bbox 1136 597 1188 625; x_wconf 85' lang='lat' dir='ltr'>sub</span> <span class='ocrx_word' id='word_1_425' title='bbox 1209 597 1254 625; x_wconf 84' lang='lat' dir='ltr'>illo</span> <span class='ocrx_word' id='word_1_426' title='bbox 1279 598 1408 633; x_wconf 75' lang='lat' dir='ltr'>magistro</span> <span class='ocrx_word' id='word_1_427' title='bbox 1436 607 1542 627; x_wconf 80' lang='lat' dir='ltr'>summo</span> <span class='ocrx_word' id='word_1_428' title='bbox 1573 600 1692 627; x_wconf 82' lang='lat' dir='ltr'>officium</span> <span class='ocrx_word' id='word_1_429' title='bbox 1721 599 1866 635; x_wconf 74' lang='lat' dir='ltr'>magisterii</span> <span class='ocrx_word' id='word_1_430' title='bbox 1893 599 1973 635; x_wconf 74' lang='lat' dir='ltr'>(ligne</span> 
     </span>
     <span class='ocr_line' id='line_1_67' title="bbox 1136 644 2116 682; baseline 0 -11"><span class='ocrx_word' id='word_1_431' title='bbox 1136 644 1220 679; x_wconf 83' lang='lat' dir='ltr'>possit</span> <span class='ocrx_word' id='word_1_432' title='bbox 1234 644 1402 672; x_wconf 82' lang='lat' dir='ltr'>exsecutioni</span> <span class='ocrx_word' id='word_1_433' title='bbox 1420 645 1556 673; x_wconf 69' lang='lat' dir='ltr'>inundare.</span> <span class='ocrx_word' id='word_1_434' title='bbox 1570 662 1605 665; x_wconf 97' lang='lat'><strong>—</strong></span> <span class='ocrx_word' id='word_1_435' title='bbox 1618 646 1702 673; x_wconf 87' lang='lat' dir='ltr'>Debet</span> <span class='ocrx_word' id='word_1_436' title='bbox 1717 654 1834 682; x_wconf 81' lang='lat' dir='ltr'>namque</span> <span class='ocrx_word' id='word_1_437' title='bbox 1851 645 1973 674; x_wconf 86' lang='lat' dir='ltr'>iniuiste-</span> <span class='ocrx_word' id='word_1_438' title='bbox 1981 653 2116 681; x_wconf 53' lang='grc' dir='ltr'>Ριῑῃιοηυωρ</span> 
     </span>
     <span class='ocr_line' id='line_1_68' title="bbox 1137 678 2117 728; baseline -0.001 -10"><span class='ocrx_word' id='word_1_439' title='bbox 1137 690 1211 718; x_wconf 86' lang='lat' dir='ltr'>rialis</span> <span class='ocrx_word' id='word_1_440' title='bbox 1232 690 1360 727; x_wconf 77' lang='lat' dir='ltr'>magistet·</span> <span class='ocrx_word' id='word_1_441' title='bbox 1382 691 1521 719; x_wconf 80' lang='lat' dir='ltr'>intendere</span> <span class='ocrx_word' id='word_1_442' title='bbox 1538 691 1672 719; x_wconf 71' lang='lat' dir='ltr'>scientiae</span> <span class='ocrx_word' id='word_1_443' title='bbox 1686 692 1816 720; x_wconf 63' lang='lat' dir='ltr'>veritatis</span> <span class='ocrx_word' id='word_1_444' title='bbox 1835 692 1915 728; x_wconf 76' lang='lat' dir='ltr'>fidei,</span> <span class='ocrx_word' id='word_1_445' title='bbox 1931 699 1972 721; x_wconf 86' lang='lat' dir='ltr'>se-</span> <span class='ocrx_word' id='word_1_446' title='bbox 1989 679 2085 718; x_wconf 53' lang='lat' dir='ltr'>Essifmffl&#39;n</span> <span class='ocrx_word' id='word_1_447' title='bbox 2098 678 2117 695; x_wconf 55' lang='lat'>¹⁹</span> 
     </span>
     <span class='ocr_line' id='line_1_69' title="bbox 1137 737 1974 774; baseline 0.001 -9"><span class='ocrx_word' id='word_1_448' title='bbox 1137 737 1257 765; x_wconf 86' lang='lat' dir='ltr'>cundum</span> <span class='ocrx_word' id='word_1_449' title='bbox 1279 737 1345 765; x_wconf 84' lang='lat' dir='ltr'>illud</span> <span class='ocrx_word' id='word_1_450' title='bbox 1367 738 1470 774; x_wconf 77' lang='lat' dir='ltr'>primae</span> <span class='ocrx_word' id='word_1_451' title='bbox 1491 738 1523 766; x_wconf 88' lang='lat' dir='ltr'>ad</span> <span class='ocrx_word' id='word_1_452' title='bbox 1546 739 1718 767; x_wconf 72' lang='lat' dir='ltr'>&#39;l&#39;iinotlieutu</span> <span class='ocrx_word' id='word_1_453' title='bbox 1737 738 1856 767; x_wconf 75' lang='lat' dir='ltr'>seeundo</span> <span class='ocrx_word' id='word_1_454' title='bbox 1869 739 1905 766; x_wconf 91' lang='lat'>¹⁰:</span> <span class='ocrx_word' id='word_1_455' title='bbox 1928 739 1974 767; x_wconf 83' lang='lat' dir='ltr'>Ve-</span> 
     </span>
     <span class='ocr_line' id='line_1_70' title="bbox 1136 784 1974 822; baseline 0.002 -11"><span class='ocrx_word' id='word_1_456' title='bbox 1136 784 1250 812; x_wconf 67' lang='lat' dir='ltr'>ritatem</span> <span class='ocrx_word' id='word_1_457' title='bbox 1280 784 1343 812; x_wconf 80' lang='lat' dir='ltr'>(lico</span> <span class='ocrx_word' id='word_1_458' title='bbox 1371 787 1396 812; x_wconf 74' lang='lat' dir='ltr'>et</span> <span class='ocrx_word' id='word_1_459' title='bbox 1422 793 1478 812; x_wconf 46' lang='lat' dir='ltr'>&#39;non</span> <span class='ocrx_word' id='word_1_460' title='bbox 1507 785 1638 819; x_wconf 77' lang='lat' dir='ltr'>mentior,</span> <span class='ocrx_word' id='word_1_461' title='bbox 1663 786 1761 814; x_wconf 70' lang='lat' dir='ltr'>doctor</span> <span class='ocrx_word' id='word_1_462' title='bbox 1787 785 1915 822; x_wconf 69' lang='lat' dir='ltr'>qetitianz</span> <span class='ocrx_word' id='word_1_463' title='bbox 1943 785 1974 813; x_wconf 89' lang='lat' dir='ltr'>in</span> 
     </span>
     <span class='ocr_line' id='line_1_71' title="bbox 1136 829 1973 868; baseline 0.001 -10"><span class='ocrx_word' id='word_1_464' title='bbox 1136 829 1192 866; x_wconf 77' lang='lat' dir='ltr'>fide</span> <span class='ocrx_word' id='word_1_465' title='bbox 1206 834 1231 858; x_wconf 87' lang='lat' dir='ltr'>et</span> <span class='ocrx_word' id='word_1_466' title='bbox 1244 830 1370 858; x_wconf 80' lang='lat' dir='ltr'>veritate.</span> <span class='ocrx_word' id='word_1_467' title='bbox 1385 831 1496 867; x_wconf 79' lang='lat' dir='ltr'>l&#39;ropter</span> <span class='ocrx_word' id='word_1_468' title='bbox 1512 831 1584 868; x_wconf 83' lang='lat' dir='ltr'>quod</span> <span class='ocrx_word' id='word_1_469' title='bbox 1599 832 1733 860; x_wconf 81' lang='lat' dir='ltr'>secundae</span> <span class='ocrx_word' id='word_1_470' title='bbox 1750 832 1818 860; x_wconf 74' lang='lat' dir='ltr'>l’etri</span> <span class='ocrx_word' id='word_1_471' title='bbox 1835 831 1924 868; x_wconf 88' lang='lat' dir='ltr'>primo</span> <span class='ocrx_word' id='word_1_472' title='bbox 1937 832 1973 859; x_wconf 82' lang='lat'>¹¹:</span> 
     </span>
    </p>

    <p class='ocr_par' dir='ltr' id='par_1_17' title="bbox 1136 876 1974 1009">
     <span class='ocr_line' id='line_1_72' title="bbox 1138 876 1974 915; baseline 0.002 -11"><span class='ocrx_word' id='word_1_473' title='bbox 1138 876 1202 905; x_wconf 86' lang='lat' dir='ltr'>Non</span> <span class='ocrx_word' id='word_1_474' title='bbox 1229 877 1304 905; x_wconf 83' lang='lat' dir='ltr'>enim</span> <span class='ocrx_word' id='word_1_475' title='bbox 1332 877 1431 905; x_wconf 75' lang='lat' dir='ltr'>doctas</span> <span class='ocrx_word' id='word_1_476' title='bbox 1457 876 1577 913; x_wconf 70' lang='lat' dir='ltr'>fabulas</span> <span class='ocrx_word' id='word_1_477' title='bbox 1601 878 1704 912; x_wconf 77' lang='lat' dir='ltr'>secati,</span> <span class='ocrx_word' id='word_1_478' title='bbox 1726 882 1825 906; x_wconf 84' lang='lat' dir='ltr'>notam</span> <span class='ocrx_word' id='word_1_479' title='bbox 1852 877 1974 915; x_wconf 64' lang='lat' dir='ltr'>fecimus</span> 
     </span>
     <span class='ocr_line' id='line_1_73' title="bbox 1137 924 1974 962; baseline 0.002 -11"><span class='ocrx_word' id='word_1_480' title='bbox 1137 924 1215 951; x_wconf 70' lang='lat' dir='ltr'>vobis</span> <span class='ocrx_word' id='word_1_481' title='bbox 1238 924 1354 952; x_wconf 82' lang='lat' dir='ltr'>Domini</span> <span class='ocrx_word' id='word_1_482' title='bbox 1373 924 1468 952; x_wconf 68' lang='lat' dir='ltr'>nostri</span> <span class='ocrx_word' id='word_1_483' title='bbox 1482 925 1546 952; x_wconf 76' lang='lat' dir='ltr'>lesa</span> <span class='ocrx_word' id='word_1_484' title='bbox 1563 924 1671 953; x_wconf 70' lang='lat' dir='ltr'>Clzrz&#39;stt</span> <span class='ocrx_word' id='word_1_485' title='bbox 1690 925 1826 953; x_wconf 84' lang='lat' dir='ltr'>virtutem</span> <span class='ocrx_word' id='word_1_486' title='bbox 1845 929 1869 953; x_wconf 86' lang='lat' dir='ltr'>et</span> <span class='ocrx_word' id='word_1_487' title='bbox 1888 934 1974 962; x_wconf 78' lang='lat' dir='ltr'>prac-</span> 
     </span>
     <span class='ocr_line' id='line_1_74' title="bbox 1136 970 1972 1009; baseline 0.002 -11"><span class='ocrx_word' id='word_1_488' title='bbox 1136 971 1276 1004; x_wconf 78' lang='lat' dir='ltr'>sentiam,</span> <span class='ocrx_word' id='word_1_489' title='bbox 1291 972 1339 999; x_wconf 67' lang='lat' dir='ltr'>sert</span> <span class='ocrx_word' id='word_1_490' title='bbox 1353 971 1545 1008; x_wconf 75' lang='lat' dir='ltr'>speculatores</span> <span class='ocrx_word' id='word_1_491' title='bbox 1565 970 1638 1008; x_wconf 81' lang='lat' dir='ltr'>facti</span> <span class='ocrx_word' id='word_1_492' title='bbox 1659 971 1738 1000; x_wconf 75' lang='lat' dir='ltr'>itlius</span> <span class='ocrx_word' id='word_1_493' title='bbox 1751 972 1972 1009; x_wconf 60' lang='lat' dir='ltr'>magnitudinis.</span> 
     </span>
    </p>

    <p class='ocr_par' dir='ltr' id='par_1_18' title="bbox 1136 1017 2119 1471">
     <span class='ocr_line' id='line_1_75' title="bbox 1215 1017 2117 1055; baseline 0.002 -10"><span class='ocrx_word' id='word_1_494' title='bbox 1215 1017 1260 1045; x_wconf 75' lang='lat'>25.</span> <span class='ocrx_word' id='word_1_495' title='bbox 1283 1018 1369 1046; x_wconf 80' lang='lat' dir='ltr'>Debet</span> <span class='ocrx_word' id='word_1_496' title='bbox 1388 1018 1468 1046; x_wconf 88' lang='lat' dir='ltr'>etiam</span> <span class='ocrx_word' id='word_1_497' title='bbox 1490 1018 1630 1047; x_wconf 81' lang='lat' dir='ltr'>intendere</span> <span class='ocrx_word' id='word_1_498' title='bbox 1644 1018 1815 1055; x_wconf 75' lang='lat' dir='ltr'>disciplinae</span> <span class='ocrx_word' id='word_1_499' title='bbox 1834 1019 1974 1047; x_wconf 75' lang='lat' dir='ltr'>sanctita·</span> <span class='ocrx_word' id='word_1_500' title='bbox 2026 1026 2117 1053; x_wconf 64' lang='lat' dir='ltr'>Secundo„</span> 
     </span>
     <span class='ocr_line' id='line_1_76' title="bbox 1138 1049 2119 1098; baseline -0.001 -6"><span class='ocrx_word' id='word_1_501' title='bbox 1138 1064 1174 1092; x_wconf 78' lang='lat' dir='ltr'>tis</span> <span class='ocrx_word' id='word_1_502' title='bbox 1197 1064 1295 1097; x_wconf 88' lang='lat' dir='ltr'>animi,</span> <span class='ocrx_word' id='word_1_503' title='bbox 1317 1064 1467 1092; x_wconf 87' lang='lat' dir='ltr'>secundum</span> <span class='ocrx_word' id='word_1_504' title='bbox 1496 1064 1563 1093; x_wconf 91' lang='lat' dir='ltr'>illud</span> <span class='ocrx_word' id='word_1_505' title='bbox 1585 1064 1719 1093; x_wconf 81' lang='lat' dir='ltr'>secundae</span> <span class='ocrx_word' id='word_1_506' title='bbox 1747 1065 1781 1093; x_wconf 87' lang='lat' dir='ltr'>ad</span> <span class='ocrx_word' id='word_1_507' title='bbox 1801 1065 1974 1094; x_wconf 84' lang='lat' dir='ltr'>Timotheum</span> <span class='ocrx_word' id='word_1_508' title='bbox 1986 1049 2119 1098; x_wconf 55' lang='grc' dir='ltr'>ἓῖἶῖῗῗῗξῖἓῖ</span> 
     </span>
     <span class='ocr_line' id='line_1_77' title="bbox 1138 1096 2055 1148; baseline 0.002 -10"><span class='ocrx_word' id='word_1_509' title='bbox 1138 1111 1226 1147; x_wconf 89' lang='lat' dir='ltr'>primo</span> <span class='ocrx_word' id='word_1_510' title='bbox 1238 1111 1277 1138; x_wconf 74' lang='lat'>¹2:</span> <span class='ocrx_word' id='word_1_511' title='bbox 1294 1110 1411 1139; x_wconf 73' lang='lat' dir='ltr'>Positus</span> <span class='ocrx_word' id='word_1_512' title='bbox 1424 1119 1490 1138; x_wconf 79' lang='lat' dir='ltr'>sum</span> <span class='ocrx_word' id='word_1_513' title='bbox 1504 1119 1553 1147; x_wconf 72' lang='lat' dir='ltr'>eqo</span> <span class='ocrx_word' id='word_1_514' title='bbox 1569 1111 1668 1139; x_wconf 83' lang='lat' dir='ltr'>Paulus</span> <span class='ocrx_word' id='word_1_515' title='bbox 1682 1111 1714 1139; x_wconf 88' lang='lat' dir='ltr'>in</span> <span class='ocrx_word' id='word_1_516' title='bbox 1728 1111 1880 1148; x_wconf 74' lang='lat' dir='ltr'>Evenyetto</span> <span class='ocrx_word' id='word_1_517' title='bbox 1888 1119 1975 1147; x_wconf 79' lang='lat' dir='ltr'>prae·</span> <span class='ocrx_word' id='word_1_518' title='bbox 1987 1096 2055 1119; x_wconf 42' lang='lat' dir='ltr'>pm&amp;</span> 
     </span>
     <span class='ocr_line' id='line_1_78' title="bbox 1137 1156 1975 1194; baseline 0 -9"><span class='ocrx_word' id='word_1_519' title='bbox 1137 1157 1250 1185; x_wconf 77' lang='lat' dir='ltr'>dicator</span> <span class='ocrx_word' id='word_1_520' title='bbox 1261 1160 1286 1185; x_wconf 85' lang='lat' dir='ltr'>ct</span> <span class='ocrx_word' id='word_1_521' title='bbox 1297 1156 1452 1193; x_wconf 64' lang='lat' dir='ltr'>apostolae,</span> <span class='ocrx_word' id='word_1_522' title='bbox 1465 1156 1497 1184; x_wconf 84' lang='lat' dir='ltr'>ob</span> <span class='ocrx_word' id='word_1_523' title='bbox 1509 1165 1598 1194; x_wconf 79' lang='lat' dir='ltr'>qaam</span> <span class='ocrx_word' id='word_1_524' title='bbox 1610 1165 1731 1185; x_wconf 76' lang='lat' dir='ltr'>causam</span> <span class='ocrx_word' id='word_1_525' title='bbox 1746 1161 1770 1185; x_wconf 86' lang='lat' dir='ltr'>et</span> <span class='ocrx_word' id='word_1_526' title='bbox 1785 1156 1853 1185; x_wconf 85' lang='lat' dir='ltr'>ltaec</span> <span class='ocrx_word' id='word_1_527' title='bbox 1860 1158 1975 1194; x_wconf 82' lang='lat' dir='ltr'>patior,-</span> 
     </span>
     <span class='ocr_line' id='line_1_79' title="bbox 1137 1203 1976 1240; baseline 0 -8"><span class='ocrx_word' id='word_1_528' title='bbox 1137 1204 1218 1240; x_wconf 83' lang='lat' dir='ltr'>quia‚</span> <span class='ocrx_word' id='word_1_529' title='bbox 1239 1203 1390 1232; x_wconf 83' lang='lat' dir='ltr'>secundum</span> <span class='ocrx_word' id='word_1_530' title='bbox 1415 1203 1488 1239; x_wconf 81' lang='lat' dir='ltr'>quod</span> <span class='ocrx_word' id='word_1_531' title='bbox 1513 1203 1615 1231; x_wconf 88' lang='lat' dir='ltr'>dicitur</span> <span class='ocrx_word' id='word_1_532' title='bbox 1636 1203 1847 1232; x_wconf 85' lang='lat' dir='ltr'>Proverbiorum</span> <span class='ocrx_word' id='word_1_533' title='bbox 1871 1203 1976 1232; x_wconf 83' lang='lat' dir='ltr'>decimo</span> 
     </span>
     <span class='ocr_line' id='line_1_80' title="bbox 1137 1249 2105 1286; baseline 0.003 -9"><span class='ocrx_word' id='word_1_534' title='bbox 1137 1258 1209 1278; x_wconf 90' lang='lat' dir='ltr'>nono</span> <span class='ocrx_word' id='word_1_535' title='bbox 1221 1250 1252 1283; x_wconf 87' lang='lat'>¹³,</span> <span class='ocrx_word' id='word_1_536' title='bbox 1269 1249 1403 1277; x_wconf 80' lang='lat' dir='ltr'>doctrina</span> <span class='ocrx_word' id='word_1_537' title='bbox 1420 1249 1480 1277; x_wconf 83' lang='lat' dir='ltr'>viri</span> <span class='ocrx_word' id='word_1_538' title='bbox 1490 1258 1543 1286; x_wconf 79' lang='lat' dir='ltr'>per</span> <span class='ocrx_word' id='word_1_539' title='bbox 1554 1250 1727 1286; x_wconf 80' lang='lat' dir='ltr'>patientiam</span> <span class='ocrx_word' id='word_1_540' title='bbox 1747 1250 1885 1279; x_wconf 73' lang='lat' dir='ltr'>noscitur.</span> <span class='ocrx_word' id='word_1_541' title='bbox 1902 1251 1976 1280; x_wconf 85' lang='lat' dir='ltr'>Sicut</span> <span class='ocrx_word' id='word_1_542' title='bbox 1993 1257 2105 1276; x_wconf 73' lang='lat' dir='ltr'>Notandum-</span> 
     </span>
     <span class='ocr_line' id='line_1_81' title="bbox 1137 1295 1976 1333; baseline 0.002 -9"><span class='ocrx_word' id='word_1_543' title='bbox 1137 1296 1210 1325; x_wconf 91' lang='lat' dir='ltr'>enim</span> <span class='ocrx_word' id='word_1_544' title='bbox 1238 1304 1291 1324; x_wconf 92' lang='lat' dir='ltr'>non</span> <span class='ocrx_word' id='word_1_545' title='bbox 1313 1295 1390 1324; x_wconf 82' lang='lat' dir='ltr'>decet</span> <span class='ocrx_word' id='word_1_546' title='bbox 1417 1296 1589 1332; x_wconf 89' lang='lat' dir='ltr'>insipientem</span> <span class='ocrx_word' id='word_1_547' title='bbox 1610 1296 1708 1325; x_wconf 88' lang='lat' dir='ltr'>docere</span> <span class='ocrx_word' id='word_1_548' title='bbox 1735 1297 1910 1333; x_wconf 83' lang='lat' dir='ltr'>sapientiam,</span> <span class='ocrx_word' id='word_1_549' title='bbox 1928 1297 1976 1332; x_wconf 21' lang='lat' dir='ltr'>,sic</span> 
     </span>
     <span class='ocr_line' id='line_1_82' title="bbox 1137 1341 1976 1379; baseline 0.001 -9"><span class='ocrx_word' id='word_1_550' title='bbox 1137 1350 1191 1370; x_wconf 92' lang='lat' dir='ltr'>non</span> <span class='ocrx_word' id='word_1_551' title='bbox 1212 1341 1290 1370; x_wconf 86' lang='lat' dir='ltr'>decet</span> <span class='ocrx_word' id='word_1_552' title='bbox 1310 1341 1495 1379; x_wconf 86' lang='lat' dir='ltr'>impatientem</span> <span class='ocrx_word' id='word_1_553' title='bbox 1517 1342 1615 1371; x_wconf 90' lang='lat' dir='ltr'>docere</span> <span class='ocrx_word' id='word_1_554' title='bbox 1636 1342 1809 1379; x_wconf 76' lang='lat' dir='ltr'>patientiam,</span> <span class='ocrx_word' id='word_1_555' title='bbox 1837 1350 1887 1372; x_wconf 88' lang='lat' dir='ltr'>nec</span> <span class='ocrx_word' id='word_1_556' title='bbox 1908 1343 1976 1371; x_wconf 90' lang='lat' dir='ltr'>iudi-</span> 
     </span>
     <span class='ocr_line' id='line_1_83' title="bbox 1136 1388 1977 1426; baseline 0.001 -9"><span class='ocrx_word' id='word_1_557' title='bbox 1136 1388 1310 1425; x_wconf 87' lang='lat' dir='ltr'>sciplinatum</span> <span class='ocrx_word' id='word_1_558' title='bbox 1326 1388 1424 1416; x_wconf 84' lang='lat' dir='ltr'>docere</span> <span class='ocrx_word' id='word_1_559' title='bbox 1438 1388 1616 1425; x_wconf 82' lang='lat' dir='ltr'>disciplinam.</span> <span class='ocrx_word' id='word_1_560' title='bbox 1639 1389 1666 1416; x_wconf 93' lang='lat' dir='ltr'>ln</span> <span class='ocrx_word' id='word_1_561' title='bbox 1684 1389 1808 1417; x_wconf 86' lang='lat' dir='ltr'>moribus</span> <span class='ocrx_word' id='word_1_562' title='bbox 1828 1389 1899 1418; x_wconf 90' lang='lat' dir='ltr'>enim</span> <span class='ocrx_word' id='word_1_563' title='bbox 1915 1390 1977 1426; x_wconf 89' lang='lat' dir='ltr'>plus</span> 
     </span>
     <span class='ocr_line' id='line_1_84' title="bbox 1137 1435 1613 1471; baseline 0.002 -9"><span class='ocrx_word' id='word_1_564' title='bbox 1137 1437 1247 1463; x_wconf 88' lang='lat' dir='ltr'>movent</span> <span class='ocrx_word' id='word_1_565' title='bbox 1267 1435 1396 1471; x_wconf 82' lang='lat' dir='ltr'>exempla</span> <span class='ocrx_word' id='word_1_566' title='bbox 1416 1442 1499 1471; x_wconf 84' lang='lat' dir='ltr'>quam</span> <span class='ocrx_word' id='word_1_567' title='bbox 1522 1435 1613 1463; x_wconf 81' lang='lat' dir='ltr'>verba.</span> 
     </span>
    </p>

    <p class='ocr_par' dir='ltr' id='par_1_19' title="bbox 1131 1481 2118 2213">
     <span class='ocr_line' id='line_1_85' title="bbox 1215 1481 2098 1519; baseline 0.003 -11"><span class='ocrx_word' id='word_1_568' title='bbox 1215 1481 1259 1509; x_wconf 73' lang='lat'>26.</span> <span class='ocrx_word' id='word_1_569' title='bbox 1282 1481 1367 1509; x_wconf 90' lang='lat' dir='ltr'>Debet</span> <span class='ocrx_word' id='word_1_570' title='bbox 1385 1481 1466 1509; x_wconf 89' lang='lat' dir='ltr'>etiam</span> <span class='ocrx_word' id='word_1_571' title='bbox 1487 1481 1628 1510; x_wconf 90' lang='lat' dir='ltr'>intendere</span> <span class='ocrx_word' id='word_1_572' title='bbox 1643 1481 1846 1510; x_wconf 78' lang='lat' dir='ltr'>benevolentiae</span> <span class='ocrx_word' id='word_1_573' title='bbox 1867 1482 1975 1510; x_wconf 81' lang='lat' dir='ltr'>carita-</span> <span class='ocrx_word' id='word_1_574' title='bbox 2014 1492 2098 1519; x_wconf 63' lang='lat' dir='ltr'>Tertio„</span> 
     </span>
     <span class='ocr_line' id='line_1_86' title="bbox 1136 1516 2115 1565; baseline 0.003 -11"><span class='ocrx_word' id='word_1_575' title='bbox 1136 1527 1172 1555; x_wconf 74' lang='lat' dir='ltr'>tis</span> <span class='ocrx_word' id='word_1_576' title='bbox 1194 1527 1239 1555; x_wconf 89' lang='lat' dir='ltr'>Dei</span> <span class='ocrx_word' id='word_1_577' title='bbox 1262 1530 1289 1555; x_wconf 91' lang='lat' dir='ltr'>et</span> <span class='ocrx_word' id='word_1_578' title='bbox 1307 1527 1443 1563; x_wconf 85' lang='lat' dir='ltr'>proximi,</span> <span class='ocrx_word' id='word_1_579' title='bbox 1459 1527 1635 1556; x_wconf 82' lang='lat' dir='ltr'>Ecclesiastae</span> <span class='ocrx_word' id='word_1_580' title='bbox 1650 1528 1746 1557; x_wconf 90' lang='lat' dir='ltr'>ultimo</span> <span class='ocrx_word' id='word_1_581' title='bbox 1758 1529 1796 1556; x_wconf 77' lang='lat'>¹⁴:</span> <span class='ocrx_word' id='word_1_582' title='bbox 1813 1528 1908 1557; x_wconf 74' lang='lat' dir='ltr'>&#39;Verba</span> <span class='ocrx_word' id='word_1_583' title='bbox 1928 1537 1975 1557; x_wconf 80' lang='lat' dir='ltr'>sa-</span> <span class='ocrx_word' id='word_1_584' title='bbox 1989 1516 2115 1565; x_wconf 33' lang='grc' dir='ltr'><strong>13131111,ῗὲξὲ-</strong></span> 
     </span>
     <span class='ocr_line' id='line_1_87' title="bbox 1133 1562 2097 1611; baseline 0.003 -12"><span class='ocrx_word' id='word_1_585' title='bbox 1133 1572 1274 1609; x_wconf 77' lang='lat' dir='ltr'>pientiam</span> <span class='ocrx_word' id='word_1_586' title='bbox 1296 1572 1382 1610; x_wconf 75' lang='lat' dir='ltr'>qnasi</span> <span class='ocrx_word' id='word_1_587' title='bbox 1395 1573 1508 1601; x_wconf 78' lang='lat' dir='ltr'>stimuli</span> <span class='ocrx_word' id='word_1_588' title='bbox 1527 1576 1553 1600; x_wconf 84' lang='lat' dir='ltr'>et</span> <span class='ocrx_word' id='word_1_589' title='bbox 1573 1573 1660 1611; x_wconf 77' lang='lat' dir='ltr'>quasi</span> <span class='ocrx_word' id='word_1_590' title='bbox 1672 1573 1750 1601; x_wconf 82' lang='lat' dir='ltr'>elavi</span> <span class='ocrx_word' id='word_1_591' title='bbox 1769 1574 1800 1601; x_wconf 83' lang='lat' dir='ltr'>in</span> <span class='ocrx_word' id='word_1_592' title='bbox 1821 1574 1913 1602; x_wconf 86' lang='lat' dir='ltr'>altttm</span> <span class='ocrx_word' id='word_1_593' title='bbox 1928 1574 1974 1602; x_wconf 82' lang='lat' dir='ltr'>de-</span> <span class='ocrx_word' id='word_1_594' title='bbox 1999 1562 2097 1581; x_wconf 55' lang='lat' dir='ltr'>‘mum&#39;</span> 
     </span>
     <span class='ocr_line' id='line_1_88' title="bbox 1133 1618 1975 1656; baseline 0.004 -11"><span class='ocrx_word' id='word_1_595' title='bbox 1133 1618 1201 1655; x_wconf 73' lang='lat' dir='ltr'>fixi,</span> <span class='ocrx_word' id='word_1_596' title='bbox 1223 1626 1297 1656; x_wconf 75' lang='lat' dir='ltr'>qaae</span> <span class='ocrx_word' id='word_1_597' title='bbox 1314 1626 1368 1654; x_wconf 83' lang='lat' dir='ltr'>per</span> <span class='ocrx_word' id='word_1_598' title='bbox 1383 1619 1595 1655; x_wconf 62' lang='lat' dir='ltr'>magistrorum</span> <span class='ocrx_word' id='word_1_599' title='bbox 1616 1619 1769 1647; x_wconf 74' lang='lat' dir='ltr'>consilinm</span> <span class='ocrx_word' id='word_1_600' title='bbox 1783 1620 1854 1648; x_wconf 66' lang='lat' dir='ltr'>(tata</span> <span class='ocrx_word' id='word_1_601' title='bbox 1873 1623 1943 1648; x_wconf 79' lang='lat' dir='ltr'>sttnt</span> <span class='ocrx_word' id='word_1_602' title='bbox 1955 1629 1975 1649; x_wconf 90' lang='lat' dir='ltr'>a</span> 
     </span>
     <span class='ocr_line' id='line_1_89' title="bbox 1131 1664 2106 1706; baseline 0.006 -15"><span class='ocrx_word' id='word_1_603' title='bbox 1131 1668 1249 1701; x_wconf 71' lang='lat' dir='ltr'>pastore</span> <span class='ocrx_word' id='word_1_604' title='bbox 1263 1673 1329 1706; x_wconf 77' lang='lat' dir='ltr'>uno.</span> <span class='ocrx_word' id='word_1_605' title='bbox 1352 1664 1436 1698; x_wconf 81' lang='lat' dir='ltr'>llaec,</span> <span class='ocrx_word' id='word_1_606' title='bbox 1451 1665 1580 1701; x_wconf 84' lang='lat' dir='ltr'>inquam,</span> <span class='ocrx_word' id='word_1_607' title='bbox 1602 1666 1686 1695; x_wconf 81' lang='lat' dir='ltr'>verba</span> <span class='ocrx_word' id='word_1_608' title='bbox 1707 1669 1771 1694; x_wconf 87' lang='lat' dir='ltr'>sunt</span> <span class='ocrx_word' id='word_1_609' title='bbox 1792 1666 1877 1695; x_wconf 83' lang='lat' dir='ltr'>verba</span> <span class='ocrx_word' id='word_1_610' title='bbox 1890 1667 1974 1695; x_wconf 83' lang='lat' dir='ltr'>divini</span> <span class='ocrx_word' id='word_1_611' title='bbox 1992 1677 2106 1697; x_wconf 63' lang='lat' dir='ltr'>Notandum.</span> 
     </span>
     <span class='ocr_line' id='line_1_90' title="bbox 1133 1710 1974 1747; baseline 0.004 -9"><span class='ocrx_word' id='word_1_612' title='bbox 1133 1710 1250 1744; x_wconf 85' lang='lat' dir='ltr'>amoris,</span> <span class='ocrx_word' id='word_1_613' title='bbox 1272 1718 1343 1747; x_wconf 85' lang='lat' dir='ltr'>quae</span> <span class='ocrx_word' id='word_1_614' title='bbox 1363 1713 1508 1747; x_wconf 80' lang='lat' dir='ltr'>penetrant</span> <span class='ocrx_word' id='word_1_615' title='bbox 1527 1711 1661 1740; x_wconf 86' lang='lat' dir='ltr'>medullas</span> <span class='ocrx_word' id='word_1_616' title='bbox 1680 1712 1784 1746; x_wconf 83' lang='lat' dir='ltr'>eordis;</span> <span class='ocrx_word' id='word_1_617' title='bbox 1806 1716 1833 1740; x_wconf 92' lang='lat' dir='ltr'>et</span> <span class='ocrx_word' id='word_1_618' title='bbox 1853 1712 1920 1742; x_wconf 84' lang='lat' dir='ltr'>haec</span> <span class='ocrx_word' id='word_1_619' title='bbox 1934 1713 1974 1742; x_wconf 90' lang='lat' dir='ltr'>di-</span> 
     </span>
     <span class='ocr_line' id='line_1_91' title="bbox 1134 1756 1974 1796; baseline 0.005 -12"><span class='ocrx_word' id='word_1_620' title='bbox 1134 1760 1236 1785; x_wconf 85' lang='lat' dir='ltr'>cuntur</span> <span class='ocrx_word' id='word_1_621' title='bbox 1256 1756 1315 1785; x_wconf 86' lang='lat' dir='ltr'>dari</span> <span class='ocrx_word' id='word_1_622' title='bbox 1334 1765 1388 1793; x_wconf 86' lang='lat' dir='ltr'>per</span> <span class='ocrx_word' id='word_1_623' title='bbox 1407 1757 1620 1794; x_wconf 74' lang='lat' dir='ltr'>maqtstrorum</span> <span class='ocrx_word' id='word_1_624' title='bbox 1640 1758 1792 1787; x_wconf 76' lang='lat' dir='ltr'>consilium</span> <span class='ocrx_word' id='word_1_625' title='bbox 1819 1768 1838 1787; x_wconf 87' lang='lat' dir='ltr'>a</span> <span class='ocrx_word' id='word_1_626' title='bbox 1857 1764 1974 1796; x_wconf 76' lang='lat' dir='ltr'>pastore</span> 
     </span>
     <span class='ocr_line' id='line_1_92' title="bbox 1133 1804 1974 1840; baseline 0.006 -9"><span class='ocrx_word' id='word_1_627' title='bbox 1133 1812 1205 1838; x_wconf 80' lang='lat' dir='ltr'>uno,</span> <span class='ocrx_word' id='word_1_628' title='bbox 1227 1804 1307 1840; x_wconf 85' lang='lat' dir='ltr'>quia,</span> <span class='ocrx_word' id='word_1_629' title='bbox 1329 1804 1391 1833; x_wconf 83' lang='lat' dir='ltr'>licet</span> <span class='ocrx_word' id='word_1_630' title='bbox 1410 1812 1487 1833; x_wconf 81' lang='lat' dir='ltr'>amor</span> <span class='ocrx_word' id='word_1_631' title='bbox 1507 1804 1617 1833; x_wconf 86' lang='lat' dir='ltr'>divinus</span> <span class='ocrx_word' id='word_1_632' title='bbox 1630 1805 1758 1834; x_wconf 89' lang='lat' dir='ltr'>laudetur</span> <span class='ocrx_word' id='word_1_633' title='bbox 1779 1809 1806 1835; x_wconf 90' lang='lat' dir='ltr'>et</span> <span class='ocrx_word' id='word_1_634' title='bbox 1826 1807 1974 1836; x_wconf 83' lang='lat' dir='ltr'>suadeatur</span> 
     </span>
     <span class='ocr_line' id='line_1_93' title="bbox 1133 1851 1973 1889; baseline 0.006 -11"><span class='ocrx_word' id='word_1_635' title='bbox 1133 1858 1183 1887; x_wconf 88' lang='lat' dir='ltr'>per</span> <span class='ocrx_word' id='word_1_636' title='bbox 1204 1851 1289 1879; x_wconf 86' lang='lat' dir='ltr'>verba</span> <span class='ocrx_word' id='word_1_637' title='bbox 1301 1851 1469 1886; x_wconf 87' lang='lat' dir='ltr'>multorum,</span> <span class='ocrx_word' id='word_1_638' title='bbox 1491 1855 1587 1888; x_wconf 88' lang='lat' dir='ltr'>utpote</span> <span class='ocrx_word' id='word_1_639' title='bbox 1601 1860 1651 1889; x_wconf 88' lang='lat' dir='ltr'>per</span> <span class='ocrx_word' id='word_1_640' title='bbox 1671 1852 1834 1883; x_wconf 81' lang='lat' dir='ltr'>documenta</span> <span class='ocrx_word' id='word_1_641' title='bbox 1853 1853 1973 1883; x_wconf 91' lang='lat' dir='ltr'>duorum</span> 
     </span>
     <span class='ocr_line' id='line_1_94' title="bbox 1134 1898 1973 1941; baseline 0.004 -15"><span class='ocrx_word' id='word_1_642' title='bbox 1134 1900 1375 1941; x_wconf 75' lang='lat' dir='ltr'>testamentorum,</span> <span class='ocrx_word' id='word_1_643' title='bbox 1396 1898 1431 1927; x_wconf 86' lang='lat' dir='ltr'>ab</span> <span class='ocrx_word' id='word_1_644' title='bbox 1457 1906 1513 1927; x_wconf 89' lang='lat' dir='ltr'>uno</span> <span class='ocrx_word' id='word_1_645' title='bbox 1534 1901 1624 1927; x_wconf 88' lang='lat' dir='ltr'>tamen</span> <span class='ocrx_word' id='word_1_646' title='bbox 1649 1899 1706 1928; x_wconf 86' lang='lat' dir='ltr'>solo</span> <span class='ocrx_word' id='word_1_647' title='bbox 1727 1900 1817 1929; x_wconf 86' lang='lat' dir='ltr'>Verbo</span> <span class='ocrx_word' id='word_1_648' title='bbox 1842 1900 1973 1937; x_wconf 85' lang='lat' dir='ltr'>spiratur,</span> 
     </span>
     <span class='ocr_line' id='line_1_95' title="bbox 1134 1944 1974 1982; baseline 0.002 -9"><span class='ocrx_word' id='word_1_649' title='bbox 1134 1944 1207 1981; x_wconf 91' lang='lat' dir='ltr'>quod</span> <span class='ocrx_word' id='word_1_650' title='bbox 1228 1944 1339 1981; x_wconf 88' lang='lat' dir='ltr'>quidem</span> <span class='ocrx_word' id='word_1_651' title='bbox 1359 1947 1400 1973; x_wconf 91' lang='lat' dir='ltr'>est</span> <span class='ocrx_word' id='word_1_652' title='bbox 1418 1948 1523 1982; x_wconf 75' lang='lat' dir='ltr'>pastus</span> <span class='ocrx_word' id='word_1_653' title='bbox 1543 1948 1571 1974; x_wconf 90' lang='lat' dir='ltr'>et</span> <span class='ocrx_word' id='word_1_654' title='bbox 1588 1949 1692 1982; x_wconf 73' lang='lat' dir='ltr'>pastor</span> <span class='ocrx_word' id='word_1_655' title='bbox 1711 1946 1843 1975; x_wconf 89' lang='lat' dir='ltr'>omnium.</span> <span class='ocrx_word' id='word_1_656' title='bbox 1867 1947 1897 1975; x_wconf 89' lang='lat' dir='ltr'>Et</span> <span class='ocrx_word' id='word_1_657' title='bbox 1914 1946 1974 1975; x_wconf 87' lang='lat' dir='ltr'>ideo</span> 
     </span>
     <span class='ocr_line' id='line_1_96' title="bbox 1133 1991 1972 2029; baseline 0.002 -10"><span class='ocrx_word' id='word_1_658' title='bbox 1133 1991 1224 2019; x_wconf 87' lang='lat' dir='ltr'>omnia</span> <span class='ocrx_word' id='word_1_659' title='bbox 1244 1991 1289 2019; x_wconf 84' lang='lat' dir='ltr'>illa</span> <span class='ocrx_word' id='word_1_660' title='bbox 1310 1991 1395 2029; x_wconf 79' lang='lat' dir='ltr'>verba</span> <span class='ocrx_word' id='word_1_661' title='bbox 1408 1991 1443 2020; x_wconf 86' lang='lat' dir='ltr'>ab</span> <span class='ocrx_word' id='word_1_662' title='bbox 1463 1992 1557 2021; x_wconf 89' lang='lat' dir='ltr'>eodem</span> <span class='ocrx_word' id='word_1_663' title='bbox 1573 1995 1637 2021; x_wconf 89' lang='lat' dir='ltr'>sunt</span> <span class='ocrx_word' id='word_1_664' title='bbox 1657 1995 1684 2021; x_wconf 87' lang='lat' dir='ltr'>et</span> <span class='ocrx_word' id='word_1_665' title='bbox 1705 1993 1732 2021; x_wconf 92' lang='lat' dir='ltr'>in</span> <span class='ocrx_word' id='word_1_666' title='bbox 1751 1993 1822 2022; x_wconf 90' lang='lat' dir='ltr'>idem</span> <span class='ocrx_word' id='word_1_667' title='bbox 1843 1993 1972 2028; x_wconf 84' lang='lat' dir='ltr'>tendunt;</span> 
     </span>
     <span class='ocr_line' id='line_1_97' title="bbox 1133 2038 1973 2077; baseline 0.004 -12"><span class='ocrx_word' id='word_1_668' title='bbox 1133 2040 1160 2065; x_wconf 84' lang='lat' dir='ltr'>et</span> <span class='ocrx_word' id='word_1_669' title='bbox 1181 2041 1327 2074; x_wconf 85' lang='lat' dir='ltr'>propterea</span> <span class='ocrx_word' id='word_1_670' title='bbox 1346 2038 1477 2067; x_wconf 86' lang='lat' dir='ltr'>dicuntur</span> <span class='ocrx_word' id='word_1_671' title='bbox 1498 2038 1569 2067; x_wconf 85' lang='lat' dir='ltr'>dari</span> <span class='ocrx_word' id='word_1_672' title='bbox 1588 2039 1727 2076; x_wconf 82' lang='lat' dir='ltr'>signanter</span> <span class='ocrx_word' id='word_1_673' title='bbox 1745 2048 1798 2076; x_wconf 86' lang='lat' dir='ltr'>per</span> <span class='ocrx_word' id='word_1_674' title='bbox 1818 2040 1973 2077; x_wconf 62' lang='lat' dir='ltr'>magistro-</span> 
     </span>
     <span class='ocr_line' id='line_1_98' title="bbox 1132 2083 2118 2126; baseline 0.006 -15"><span class='ocrx_word' id='word_1_675' title='bbox 1132 2092 1202 2112; x_wconf 75' lang='lat' dir='ltr'>rum</span> <span class='ocrx_word' id='word_1_676' title='bbox 1229 2084 1396 2119; x_wconf 75' lang='lat' dir='ltr'>consiliam,</span> <span class='ocrx_word' id='word_1_677' title='bbox 1425 2084 1497 2113; x_wconf 88' lang='lat' dir='ltr'>idem</span> <span class='ocrx_word' id='word_1_678' title='bbox 1516 2083 1644 2114; x_wconf 82' lang='lat' dir='ltr'>&#39;videlieet</span> <span class='ocrx_word' id='word_1_679' title='bbox 1671 2086 1856 2115; x_wconf 86' lang='lat' dir='ltr'>sentientium.</span> <span class='ocrx_word' id='word_1_680' title='bbox 1882 2103 1919 2107; x_wconf 82' lang='lat'><em>-</em></span> <span class='ocrx_word' id='word_1_681' title='bbox 1943 2086 1974 2115; x_wconf 82' lang='lat' dir='ltr'>Et</span> <span class='ocrx_word' id='word_1_682' title='bbox 1999 2098 2118 2126; x_wconf 31' lang='lat' dir='ltr'>oet-entm-</span> 
     </span>
     <span class='ocr_line' id='line_1_99' title="bbox 1133 2122 2117 2169; baseline 0.006 -11"><span class='ocrx_word' id='word_1_683' title='bbox 1133 2130 1263 2167; x_wconf 85' lang='lat' dir='ltr'>quoniam</span> <span class='ocrx_word' id='word_1_684' title='bbox 1293 2139 1388 2160; x_wconf 87' lang='lat' dir='ltr'>omnes</span> <span class='ocrx_word' id='word_1_685' title='bbox 1419 2131 1544 2161; x_wconf 81' lang='lat' dir='ltr'>doctores</span> <span class='ocrx_word' id='word_1_686' title='bbox 1565 2132 1730 2161; x_wconf 84' lang='lat' dir='ltr'>christianae</span> <span class='ocrx_word' id='word_1_687' title='bbox 1758 2133 1825 2169; x_wconf 83' lang='lat' dir='ltr'>legis</span> <span class='ocrx_word' id='word_1_688' title='bbox 1855 2133 1973 2162; x_wconf 82' lang='lat' dir='ltr'>finaliter</span> <span class='ocrx_word' id='word_1_689' title='bbox 1990 2122 2117 2164; x_wconf 44' lang='grc' dir='ltr'>ἕξοιὲἧῖᾱω</span> 
     </span>
     <span class='ocr_line' id='line_1_100' title="bbox 1132 2176 1974 2213; baseline 0.005 -9"><span class='ocrx_word' id='word_1_690' title='bbox 1132 2176 1232 2205; x_wconf 88' lang='lat' dir='ltr'>debent</span> <span class='ocrx_word' id='word_1_691' title='bbox 1260 2177 1372 2206; x_wconf 88' lang='lat' dir='ltr'>tendere</span> <span class='ocrx_word' id='word_1_692' title='bbox 1399 2178 1432 2206; x_wconf 87' lang='lat' dir='ltr'>ad</span> <span class='ocrx_word' id='word_1_693' title='bbox 1454 2178 1594 2207; x_wconf 84' lang='lat' dir='ltr'>vinculum</span> <span class='ocrx_word' id='word_1_694' title='bbox 1624 2179 1760 2213; x_wconf 84' lang='lat' dir='ltr'>caritatis,</span> <span class='ocrx_word' id='word_1_695' title='bbox 1788 2179 1848 2208; x_wconf 90' lang='lat' dir='ltr'>ideo</span> <span class='ocrx_word' id='word_1_696' title='bbox 1874 2180 1974 2208; x_wconf 87' lang='lat' dir='ltr'>debent</span> 
     </span>
    </p>
   </div>
   <div class='ocr_carea' id='block_1_14' title="bbox 1112 2223 1972 2263">
    <p class='ocr_par' dir='ltr' id='par_1_20' title="bbox 1112 2223 1972 2263">
     <span class='ocr_line' id='line_1_101' title="bbox 1112 2223 1972 2263; baseline 0.005 -12"><span class='ocrx_word' id='word_1_697' title='bbox 1112 2223 1299 2253; x_wconf 86' lang='lat' dir='ltr'>-concordare</span> <span class='ocrx_word' id='word_1_698' title='bbox 1327 2224 1354 2252; x_wconf 94' lang='lat' dir='ltr'>in</span> <span class='ocrx_word' id='word_1_699' title='bbox 1380 2225 1437 2253; x_wconf 88' lang='lat' dir='ltr'>suis</span> <span class='ocrx_word' id='word_1_700' title='bbox 1464 2225 1613 2254; x_wconf 88' lang='lat' dir='ltr'>sententiis.</span> <span class='ocrx_word' id='word_1_701' title='bbox 1643 2226 1757 2262; x_wconf 82' lang='lat' dir='ltr'>Propter</span> <span class='ocrx_word' id='word_1_702' title='bbox 1783 2226 1856 2263; x_wconf 84' lang='lat' dir='ltr'>quod</span> <span class='ocrx_word' id='word_1_703' title='bbox 1886 2227 1972 2262; x_wconf 78' lang='lat' dir='ltr'>lacobi</span> 
     </span>
    </p>
   </div>
   <div class='ocr_carea' id='block_1_15' title="bbox 1132 2270 1971 2353">
    <p class='ocr_par' dir='ltr' id='par_1_21' title="bbox 1132 2270 1971 2353">
     <span class='ocr_line' id='line_1_102' title="bbox 1132 2270 1969 2310; baseline 0.004 -12"><span class='ocrx_word' id='word_1_704' title='bbox 1132 2270 1213 2298; x_wconf 86' lang='lat' dir='ltr'>tertio</span> <span class='ocrx_word' id='word_1_705' title='bbox 1226 2270 1261 2298; x_wconf 85' lang='lat'>¹⁵:</span> <span class='ocrx_word' id='word_1_706' title='bbox 1283 2270 1384 2304; x_wconf 84' lang='lat' dir='ltr'>Nol-ite,</span> <span class='ocrx_word' id='word_1_707' title='bbox 1398 2270 1519 2307; x_wconf 58' lang='lat' dir='ltr'>fratres,</span> <span class='ocrx_word' id='word_1_708' title='bbox 1532 2272 1634 2308; x_wconf 78' lang='lat' dir='ltr'>plures</span> <span class='ocrx_word' id='word_1_709' title='bbox 1652 2273 1789 2309; x_wconf 73' lang='lat' dir='ltr'>nzayistri</span> <span class='ocrx_word' id='word_1_710' title='bbox 1799 2272 1882 2309; x_wconf 79' lang='lat' dir='ltr'>sz&#39;eri;</span> <span class='ocrx_word' id='word_1_711' title='bbox 1896 2273 1969 2310; x_wconf 88' lang='lat' dir='ltr'>quod</span> 
     </span>
     <span class='ocr_line' id='line_1_103' title="bbox 1132 2316 1971 2353; baseline 0.006 -10"><span class='ocrx_word' id='word_1_712' title='bbox 1132 2316 1243 2353; x_wconf 88' lang='lat' dir='ltr'>quidem</span> <span class='ocrx_word' id='word_1_713' title='bbox 1263 2316 1343 2350; x_wconf 85' lang='lat' dir='ltr'>dicit,</span> <span class='ocrx_word' id='word_1_714' title='bbox 1372 2325 1425 2345; x_wconf 89' lang='lat' dir='ltr'>non</span> <span class='ocrx_word' id='word_1_715' title='bbox 1447 2318 1617 2353; x_wconf 90' lang='lat' dir='ltr'>prohibendo</span> <span class='ocrx_word' id='word_1_716' title='bbox 1645 2327 1690 2347; x_wconf 86' lang='lat' dir='ltr'>eos</span> <span class='ocrx_word' id='word_1_717' title='bbox 1711 2327 1727 2346; x_wconf 86' lang='lat' dir='ltr'>a</span> <span class='ocrx_word' id='word_1_718' title='bbox 1753 2319 1815 2347; x_wconf 90' lang='lat' dir='ltr'>doni</span> <span class='ocrx_word' id='word_1_719' title='bbox 1844 2320 1971 2349; x_wconf 84' lang='lat' dir='ltr'>scientiae</span> 
     </span>
    </p>
   </div>
   <div class='ocr_carea' id='block_1_16' title="bbox 850 2444 1361 2449">
    <p class='ocr_par' dir='ltr' id='par_1_22' title="bbox 850 2444 1361 2449">
     <span class='ocr_line' id='line_1_104' title="bbox 850 2444 1361 2449; baseline 0 0"><span class='ocrx_word' id='word_1_720' title='bbox 850 2444 1361 2449; x_wconf 95' lang='lat' dir='ltr'> </span> 
     </span>
    </p>
   </div>
   <div class='ocr_carea' id='block_1_17' title="bbox 238 2535 1077 2989">
    <p class='ocr_par' dir='ltr' id='par_1_23' title="bbox 301 2535 447 2559">
     <span class='ocr_line' id='line_1_105' title="bbox 301 2535 447 2559; baseline -0.007 0"><span class='ocrx_word' id='word_1_721' title='bbox 301 2535 309 2549; x_wconf 89' lang='lat'>¹</span> <span class='ocrx_word' id='word_1_722' title='bbox 328 2537 392 2559; x_wconf 81' lang='lat' dir='ltr'>Vers.</span> <span class='ocrx_word' id='word_1_723' title='bbox 411 2536 447 2558; x_wconf 69' lang='lat'>40.</span> 
     </span>
    </p>

    <p class='ocr_par' dir='ltr' id='par_1_24' title="bbox 238 2574 1077 2713">
     <span class='ocr_line' id='line_1_106' title="bbox 300 2574 1077 2603; baseline 0 -7"><span class='ocrx_word' id='word_1_724' title='bbox 300 2574 309 2587; x_wconf 80' lang='lat'>²</span> <span class='ocrx_word' id='word_1_725' title='bbox 327 2575 392 2597; x_wconf 73' lang='lat' dir='ltr'>Vers.</span> <span class='ocrx_word' id='word_1_726' title='bbox 410 2575 446 2596; x_wconf 77' lang='lat'>38.</span> <span class='ocrx_word' id='word_1_727' title='bbox 464 2575 572 2602; x_wconf 78' lang='lat' dir='ltr'>Vulgata:</span> <span class='ocrx_word' id='word_1_728' title='bbox 586 2575 649 2596; x_wconf 89' lang='lat' dir='ltr'>Tunc</span> <span class='ocrx_word' id='word_1_729' title='bbox 661 2575 827 2602; x_wconf 86' lang='lat' dir='ltr'>responderunt</span> <span class='ocrx_word' id='word_1_730' title='bbox 839 2575 859 2596; x_wconf 81' lang='lat' dir='ltr'>ei</span> <span class='ocrx_word' id='word_1_731' title='bbox 871 2574 965 2603; x_wconf 81' lang='lat' dir='ltr'>quidam</span> <span class='ocrx_word' id='word_1_732' title='bbox 978 2575 1007 2597; x_wconf 88' lang='lat' dir='ltr'>de</span> <span class='ocrx_word' id='word_1_733' title='bbox 1018 2574 1077 2596; x_wconf 86' lang='lat' dir='ltr'>Scri-</span> 
     </span>
     <span class='ocr_line' id='line_1_107' title="bbox 238 2613 1076 2641; baseline -0.002 -5"><span class='ocrx_word' id='word_1_734' title='bbox 238 2613 273 2636; x_wconf 79' lang='lat' dir='ltr'>bis</span> <span class='ocrx_word' id='word_1_735' title='bbox 285 2617 306 2636; x_wconf 81' lang='lat' dir='ltr'>et</span> <span class='ocrx_word' id='word_1_736' title='bbox 318 2614 443 2636; x_wconf 75' lang='lat' dir='ltr'>Ptiarisaeis</span> <span class='ocrx_word' id='word_1_737' title='bbox 454 2613 556 2635; x_wconf 85' lang='lat' dir='ltr'>dicentes</span> <span class='ocrx_word' id='word_1_738' title='bbox 567 2616 609 2635; x_wconf 84' lang='lat' dir='ltr'>etc.</span> <span class='ocrx_word' id='word_1_739' title='bbox 621 2613 646 2634; x_wconf 77' lang='lat' dir='ltr'>Et</span> <span class='ocrx_word' id='word_1_740' title='bbox 658 2619 717 2635; x_wconf 75' lang='lat' dir='ltr'>vers.</span> <span class='ocrx_word' id='word_1_741' title='bbox 729 2614 769 2635; x_wconf 81' lang='lat'>39:</span> <span class='ocrx_word' id='word_1_742' title='bbox 783 2613 825 2641; x_wconf 87' lang='lat' dir='ltr'>Qui</span> <span class='ocrx_word' id='word_1_743' title='bbox 835 2613 976 2640; x_wconf 78' lang='lat' dir='ltr'>respondens</span> <span class='ocrx_word' id='word_1_744' title='bbox 985 2613 1015 2634; x_wconf 75' lang='lat' dir='ltr'>ait</span> <span class='ocrx_word' id='word_1_745' title='bbox 1024 2613 1076 2635; x_wconf 83' lang='lat' dir='ltr'>illis:</span> 
     </span>
     <span class='ocr_line' id='line_1_108' title="bbox 238 2651 1076 2679; baseline -0.001 -5"><span class='ocrx_word' id='word_1_746' title='bbox 238 2653 357 2675; x_wconf 82' lang='lat' dir='ltr'>Generatio</span> <span class='ocrx_word' id='word_1_747' title='bbox 376 2652 433 2673; x_wconf 82' lang='lat' dir='ltr'>mala</span> <span class='ocrx_word' id='word_1_748' title='bbox 451 2653 472 2673; x_wconf 88' lang='lat' dir='ltr'>et</span> <span class='ocrx_word' id='word_1_749' title='bbox 489 2651 591 2673; x_wconf 78' lang='lat' dir='ltr'>adultera</span> <span class='ocrx_word' id='word_1_750' title='bbox 607 2651 699 2678; x_wconf 77' lang='lat' dir='ltr'>signum</span> <span class='ocrx_word' id='word_1_751' title='bbox 715 2651 816 2679; x_wconf 81' lang='lat' dir='ltr'>quaerit,</span> <span class='ocrx_word' id='word_1_752' title='bbox 833 2654 855 2673; x_wconf 88' lang='lat' dir='ltr'>et</span> <span class='ocrx_word' id='word_1_753' title='bbox 866 2651 957 2678; x_wconf 58' lang='lat' dir='ltr'>signum</span> <span class='ocrx_word' id='word_1_754' title='bbox 973 2657 1020 2673; x_wconf 90' lang='lat' dir='ltr'>non</span> <span class='ocrx_word' id='word_1_755' title='bbox 1036 2651 1076 2673; x_wconf 81' lang='lat' dir='ltr'>da-</span> 
     </span>
     <span class='ocr_line' id='line_1_109' title="bbox 238 2690 453 2713; baseline -0.009 0"><span class='ocrx_word' id='word_1_756' title='bbox 238 2690 299 2713; x_wconf 87' lang='lat' dir='ltr'>bitur</span> <span class='ocrx_word' id='word_1_757' title='bbox 315 2691 335 2712; x_wconf 80' lang='lat' dir='ltr'>ei</span> <span class='ocrx_word' id='word_1_758' title='bbox 352 2690 394 2712; x_wconf 84' lang='lat' dir='ltr'>nisi</span> <span class='ocrx_word' id='word_1_759' title='bbox 412 2693 453 2712; x_wconf 75' lang='lat' dir='ltr'>otc.</span> 
     </span>
    </p>

    <p class='ocr_par' dir='ltr' id='par_1_25' title="bbox 238 2727 1076 2828">
     <span class='ocr_line' id='line_1_110' title="bbox 299 2727 1076 2755; baseline 0 -5"><span class='ocrx_word' id='word_1_760' title='bbox 299 2727 308 2740; x_wconf 78' lang='lat'>⁸</span> <span class='ocrx_word' id='word_1_761' title='bbox 325 2728 483 2751; x_wconf 79' lang='lat' dir='ltr'>Curiositatem</span> <span class='ocrx_word' id='word_1_762' title='bbox 510 2733 578 2755; x_wconf 81' lang='lat' dir='ltr'>saepe</span> <span class='ocrx_word' id='word_1_763' title='bbox 605 2727 680 2754; x_wconf 78' lang='lat' dir='ltr'>arguit</span> <span class='ocrx_word' id='word_1_764' title='bbox 704 2728 726 2749; x_wconf 79' lang='lat' dir='ltr'>S.</span> <span class='ocrx_word' id='word_1_765' title='bbox 748 2728 830 2750; x_wconf 88' lang='lat' dir='ltr'>Doctor</span> <span class='ocrx_word' id='word_1_766' title='bbox 852 2727 873 2749; x_wconf 89' lang='lat' dir='ltr'>in</span> <span class='ocrx_word' id='word_1_767' title='bbox 899 2728 1076 2755; x_wconf 64' lang='lat' dir='ltr'>Ilexaem.;‹⁸lr.</span> 
     </span>
     <span class='ocr_line' id='line_1_111' title="bbox 238 2766 1075 2795; baseline 0 -6"><span class='ocrx_word' id='word_1_768' title='bbox 238 2768 311 2790; x_wconf 77' lang='lat' dir='ltr'>collat.</span> <span class='ocrx_word' id='word_1_769' title='bbox 331 2768 351 2789; x_wconf 90' lang='grc'>1.</span> <span class='ocrx_word' id='word_1_770' title='bbox 375 2774 395 2789; x_wconf 81' lang='lat' dir='ltr'>n.</span> <span class='ocrx_word' id='word_1_771' title='bbox 414 2768 435 2789; x_wconf 78' lang='lat'>8.</span> <span class='ocrx_word' id='word_1_772' title='bbox 457 2769 479 2788; x_wconf 89' lang='lat' dir='ltr'>et</span> <span class='ocrx_word' id='word_1_773' title='bbox 504 2766 545 2795; x_wconf 76' lang='lat' dir='ltr'>i7;</span> <span class='ocrx_word' id='word_1_774' title='bbox 568 2767 590 2788; x_wconf 96' lang='lat'>6.</span> <span class='ocrx_word' id='word_1_775' title='bbox 612 2772 635 2788; x_wconf 86' lang='lat' dir='ltr'>n.</span> <span class='ocrx_word' id='word_1_776' title='bbox 656 2766 699 2793; x_wconf 78' lang='grc'>19;</span> <span class='ocrx_word' id='word_1_777' title='bbox 719 2767 753 2788; x_wconf 89' lang='grc'>17.</span> <span class='ocrx_word' id='word_1_778' title='bbox 777 2773 798 2788; x_wconf 92' lang='lat' dir='ltr'>n.</span> <span class='ocrx_word' id='word_1_779' title='bbox 819 2767 864 2794; x_wconf 74' lang='lat'>25;</span> <span class='ocrx_word' id='word_1_780' title='bbox 890 2767 924 2789; x_wconf 82' lang='grc'>18.</span> <span class='ocrx_word' id='word_1_781' title='bbox 946 2773 968 2789; x_wconf 88' lang='lat' dir='ltr'>n.</span> <span class='ocrx_word' id='word_1_782' title='bbox 991 2768 1015 2794; x_wconf 72' lang='lat'>⁴3</span> <span class='ocrx_word' id='word_1_783' title='bbox 1039 2768 1075 2789; x_wconf 80' lang='grc'>19.</span> 
     </span>
     <span class='ocr_line' id='line_1_112' title="bbox 239 2806 339 2828; baseline -0.01 0"><span class='ocrx_word' id='word_1_784' title='bbox 239 2813 262 2828; x_wconf 91' lang='lat' dir='ltr'>n.</span> <span class='ocrx_word' id='word_1_785' title='bbox 279 2806 301 2828; x_wconf 75' lang='lat'>3.</span> <span class='ocrx_word' id='word_1_786' title='bbox 319 2806 339 2828; x_wconf 78' lang='grc'>4.</span> 
     </span>
    </p>

    <p class='ocr_par' dir='ltr' id='par_1_26' title="bbox 300 2843 430 2866">
     <span class='ocr_line' id='line_1_113' title="bbox 300 2843 430 2866; baseline 0 0"><span class='ocrx_word' id='word_1_787' title='bbox 300 2843 309 2856; x_wconf 78' lang='lat'>‘¹</span> <span class='ocrx_word' id='word_1_788' title='bbox 327 2845 392 2866; x_wconf 88' lang='lat' dir='ltr'>Vers.</span> <span class='ocrx_word' id='word_1_789' title='bbox 409 2846 430 2866; x_wconf 80' lang='lat'>2.</span> 
     </span>
    </p>

    <p class='ocr_par' dir='ltr' id='par_1_27' title="bbox 300 2881 533 2909">
     <span class='ocr_line' id='line_1_114' title="bbox 300 2881 533 2909; baseline 0 -4"><span class='ocrx_word' id='word_1_790' title='bbox 300 2881 309 2894; x_wconf 72' lang='lat'>⁵</span> <span class='ocrx_word' id='word_1_791' title='bbox 327 2884 407 2905; x_wconf 83' lang='lat' dir='ltr'>Psalm.</span> <span class='ocrx_word' id='word_1_792' title='bbox 423 2883 478 2909; x_wconf 81' lang='grc'><strong>118,</strong></span> <span class='ocrx_word' id='word_1_793' title='bbox 495 2883 533 2905; x_wconf 84' lang='grc'>66.</span> 
     </span>
    </p>

    <p class='ocr_par' dir='ltr' id='par_1_28' title="bbox 299 2920 556 2944">
     <span class='ocr_line' id='line_1_115' title="bbox 299 2920 556 2944; baseline 0 -1"><span class='ocrx_word' id='word_1_794' title='bbox 299 2920 309 2933; x_wconf 79' lang='lat'>⁶</span> <span class='ocrx_word' id='word_1_795' title='bbox 329 2922 392 2943; x_wconf 79' lang='lat' dir='ltr'>Vers.</span> <span class='ocrx_word' id='word_1_796' title='bbox 411 2922 445 2943; x_wconf 85' lang='grc'>16.</span> <span class='ocrx_word' id='word_1_797' title='bbox 467 2922 500 2943; x_wconf 73' lang='lat' dir='ltr'>ts.</span> <span class='ocrx_word' id='word_1_798' title='bbox 519 2922 556 2944; x_wconf 72' lang='lat' dir='ltr'>2l.</span> 
     </span>
    </p>

    <p class='ocr_par' dir='ltr' id='par_1_29' title="bbox 300 2958 932 2989">
     <span class='ocr_line' id='line_1_116' title="bbox 300 2958 932 2989; baseline 0.003 -8"><span class='ocrx_word' id='word_1_799' title='bbox 300 2958 308 2971; x_wconf 93' lang='lat'><strong>⁷</strong></span> <span class='ocrx_word' id='word_1_800' title='bbox 327 2960 392 2982; x_wconf 65' lang='lat' dir='ltr'>Veis.</span> <span class='ocrx_word' id='word_1_801' title='bbox 410 2960 447 2981; x_wconf 86' lang='grc'>17.</span> <span class='ocrx_word' id='word_1_802' title='bbox 465 2960 574 2988; x_wconf 78' lang='lat' dir='ltr'>Vulgata:</span> <span class='ocrx_word' id='word_1_803' title='bbox 588 2960 718 2989; x_wconf 81' lang='lat' dir='ltr'>percipiam</span> <span class='ocrx_word' id='word_1_804' title='bbox 736 2966 777 2988; x_wconf 84' lang='lat' dir='ltr'>pro</span> <span class='ocrx_word' id='word_1_805' title='bbox 791 2959 932 2989; x_wconf 79' lang='lat' dir='ltr'>possideam.</span> 
     </span>
    </p>
   </div>
   <div class='ocr_carea' id='block_1_18' title="bbox 1131 2536 1968 2987">
    <p class='ocr_par' dir='ltr' id='par_1_30' title="bbox 1132 2536 1968 2606">
     <span class='ocr_line' id='line_1_117' title="bbox 1194 2536 1968 2568; baseline 0.005 -9"><span class='ocrx_word' id='word_1_806' title='bbox 1194 2536 1204 2549; x_wconf 74' lang='lat'>⁵</span> <span class='ocrx_word' id='word_1_807' title='bbox 1222 2538 1286 2560; x_wconf 83' lang='lat' dir='ltr'>Vers.</span> <span class='ocrx_word' id='word_1_808' title='bbox 1304 2539 1341 2560; x_wconf 88' lang='grc'>36.</span> <span class='ocrx_word' id='word_1_809' title='bbox 1359 2539 1395 2560; x_wconf 76' lang='grc'>37.</span> <span class='ocrx_word' id='word_1_810' title='bbox 1414 2538 1523 2566; x_wconf 76' lang='lat' dir='ltr'>Vulgata:</span> <span class='ocrx_word' id='word_1_811' title='bbox 1541 2539 1577 2561; x_wconf 80' lang='lat' dir='ltr'>Ait</span> <span class='ocrx_word' id='word_1_812' title='bbox 1597 2539 1628 2561; x_wconf 91' lang='lat' dir='ltr'>illi</span> <span class='ocrx_word' id='word_1_813' title='bbox 1649 2541 1722 2562; x_wconf 82' lang='lat' dir='ltr'>lesus:</span> <span class='ocrx_word' id='word_1_814' title='bbox 1740 2540 1824 2568; x_wconf 82' lang='lat' dir='ltr'>Diliges</span> <span class='ocrx_word' id='word_1_815' title='bbox 1845 2541 1968 2563; x_wconf 85' lang='lat' dir='ltr'>Dominum</span> 
     </span>
     <span class='ocr_line' id='line_1_118' title="bbox 1132 2576 1897 2606; baseline 0.005 -8"><span class='ocrx_word' id='word_1_816' title='bbox 1132 2576 1208 2598; x_wconf 79' lang='lat' dir='ltr'>Deum&#39;</span> <span class='ocrx_word' id='word_1_817' title='bbox 1223 2579 1287 2599; x_wconf 90' lang='lat' dir='ltr'>tuum</span> <span class='ocrx_word' id='word_1_818' title='bbox 1305 2583 1330 2599; x_wconf 81' lang='lat' dir='ltr'>ex</span> <span class='ocrx_word' id='word_1_819' title='bbox 1349 2577 1482 2600; x_wconf 71' lang='lat' dir='ltr'>totocorde</span> <span class='ocrx_word' id='word_1_820' title='bbox 1499 2580 1549 2606; x_wconf 88' lang='lat' dir='ltr'>tuo,</span> <span class='ocrx_word' id='word_1_821' title='bbox 1567 2581 1589 2600; x_wconf 85' lang='lat' dir='ltr'>et</span> <span class='ocrx_word' id='word_1_822' title='bbox 1606 2578 1628 2600; x_wconf 86' lang='lat' dir='ltr'>in</span> <span class='ocrx_word' id='word_1_823' title='bbox 1645 2581 1690 2601; x_wconf 83' lang='lat' dir='ltr'>tota</span> <span class='ocrx_word' id='word_1_824' title='bbox 1707 2579 1781 2601; x_wconf 85' lang='lat' dir='ltr'>anima</span> <span class='ocrx_word' id='word_1_825' title='bbox 1800 2582 1837 2601; x_wconf 80' lang='lat' dir='ltr'>tua</span> <span class='ocrx_word' id='word_1_826' title='bbox 1855 2583 1897 2602; x_wconf 84' lang='lat' dir='ltr'>etc.</span> 
     </span>
    </p>

    <p class='ocr_par' dir='ltr' id='par_1_31' title="bbox 1193 2613 1398 2643">
     <span class='ocr_line' id='line_1_119' title="bbox 1193 2613 1398 2643; baseline 0.01 -7"><span class='ocrx_word' id='word_1_827' title='bbox 1193 2613 1203 2626; x_wconf 84' lang='lat'>⁹</span> <span class='ocrx_word' id='word_1_828' title='bbox 1220 2616 1285 2637; x_wconf 80' lang='lat' dir='ltr'>Rom.</span> <span class='ocrx_word' id='word_1_829' title='bbox 1305 2616 1344 2643; x_wconf 81' lang='grc'>13,</span> <span class='ocrx_word' id='word_1_830' title='bbox 1363 2616 1398 2638; x_wconf 88' lang='grc'>10.</span> 
     </span>
    </p>

    <p class='ocr_par' dir='ltr' id='par_1_32' title="bbox 1194 2652 1334 2677">
     <span class='ocr_line' id='line_1_120' title="bbox 1194 2652 1334 2677; baseline 0.007 -1"><span class='ocrx_word' id='word_1_831' title='bbox 1194 2652 1213 2665; x_wconf 88' lang='lat'>¹⁰</span> <span class='ocrx_word' id='word_1_832' title='bbox 1231 2655 1296 2677; x_wconf 84' lang='lat' dir='ltr'>Vers.</span> <span class='ocrx_word' id='word_1_833' title='bbox 1312 2655 1334 2677; x_wconf 91' lang='lat'>7.</span> 
     </span>
    </p>

    <p class='ocr_par' dir='ltr' id='par_1_33' title="bbox 1194 2691 1350 2716">
     <span class='ocr_line' id='line_1_121' title="bbox 1194 2691 1350 2716; baseline 0 -1"><span class='ocrx_word' id='word_1_834' title='bbox 1194 2691 1212 2704; x_wconf 88' lang='lat'>¹¹</span> <span class='ocrx_word' id='word_1_835' title='bbox 1230 2693 1295 2716; x_wconf 86' lang='lat' dir='ltr'>Vers.</span> <span class='ocrx_word' id='word_1_836' title='bbox 1314 2694 1350 2716; x_wconf 83' lang='grc'>16.</span> 
     </span>
    </p>

    <p class='ocr_par' dir='ltr' id='par_1_34' title="bbox 1131 2727 1968 2840">
     <span class='ocr_line' id='line_1_122' title="bbox 1194 2727 1968 2763; baseline 0.004 -10"><span class='ocrx_word' id='word_1_837' title='bbox 1194 2729 1211 2742; x_wconf 76' lang='lat'>¹²</span> <span class='ocrx_word' id='word_1_838' title='bbox 1230 2732 1295 2753; x_wconf 83' lang='lat' dir='ltr'>Vers.</span> <span class='ocrx_word' id='word_1_839' title='bbox 1313 2732 1348 2754; x_wconf 87' lang='lat' dir='ltr'>ll.</span> <span class='ocrx_word' id='word_1_840' title='bbox 1362 2733 1398 2754; x_wconf 76' lang='grc'>12.</span> <span class='ocrx_word' id='word_1_841' title='bbox 1410 2732 1523 2760; x_wconf 81' lang='lat' dir='ltr'>Vulgata:</span> <span class='ocrx_word' id='word_1_842' title='bbox 1540 2734 1563 2755; x_wconf 89' lang='lat' dir='ltr'>ln</span> <span class='ocrx_word' id='word_1_843' title='bbox 1581 2740 1627 2762; x_wconf 84' lang='lat' dir='ltr'>quo</span> <span class='ocrx_word' id='word_1_844' title='bbox 1647 2734 1735 2761; x_wconf 86' lang='lat' dir='ltr'>positus</span> <span class='ocrx_word' id='word_1_845' title='bbox 1751 2741 1802 2757; x_wconf 75' lang='lat' dir='ltr'>suni</span> <span class='ocrx_word' id='word_1_846' title='bbox 1819 2741 1862 2763; x_wconf 84' lang='lat' dir='ltr'>ego</span> <span class='ocrx_word' id='word_1_847' title='bbox 1870 2727 1968 2762; x_wconf 61' lang='lat' dir='ltr'>&#39;‘praedi—</span> 
     </span>
     <span class='ocr_line' id='line_1_123' title="bbox 1131 2771 1967 2800; baseline 0.004 -9"><span class='ocrx_word' id='word_1_848' title='bbox 1131 2771 1193 2792; x_wconf 88' lang='lat' dir='ltr'>cator</span> <span class='ocrx_word' id='word_1_849' title='bbox 1210 2773 1231 2792; x_wconf 86' lang='lat' dir='ltr'>et</span> <span class='ocrx_word' id='word_1_850' title='bbox 1254 2771 1369 2798; x_wconf 83' lang='lat' dir='ltr'>apostolus</span> <span class='ocrx_word' id='word_1_851' title='bbox 1388 2773 1435 2797; x_wconf 65' lang='lat' dir='ltr'>etc.</span> <span class='ocrx_word' id='word_1_852' title='bbox 1457 2771 1492 2793; x_wconf 87' lang='lat' dir='ltr'>Ob</span> <span class='ocrx_word' id='word_1_853' title='bbox 1514 2778 1583 2800; x_wconf 80' lang='lat' dir='ltr'>quam</span> <span class='ocrx_word' id='word_1_854' title='bbox 1605 2778 1698 2795; x_wconf 83' lang='lat' dir='ltr'>causam</span> <span class='ocrx_word' id='word_1_855' title='bbox 1721 2773 1787 2794; x_wconf 83' lang='lat' dir='ltr'>etiam</span> <span class='ocrx_word' id='word_1_856' title='bbox 1811 2774 1866 2795; x_wconf 81' lang='lat' dir='ltr'>haec</span> <span class='ocrx_word' id='word_1_857' title='bbox 1888 2773 1967 2800; x_wconf 83' lang='lat' dir='ltr'>patior.</span> 
     </span>
     <span class='ocr_line' id='line_1_124' title="bbox 1131 2807 1928 2840; baseline 0.005 -11"><span class='ocrx_word' id='word_1_858' title='bbox 1131 2820 1162 2824; x_wconf 91' lang='lat'><strong>—</strong></span> <span class='ocrx_word' id='word_1_859' title='bbox 1178 2807 1224 2830; x_wconf 80' lang='lat' dir='ltr'>Cir.</span> <span class='ocrx_word' id='word_1_860' title='bbox 1241 2809 1348 2832; x_wconf 74' lang='lat' dir='ltr'>Hexaem.</span> <span class='ocrx_word' id='word_1_861' title='bbox 1364 2810 1437 2832; x_wconf 78' lang='lat' dir='ltr'>collat.</span> <span class='ocrx_word' id='word_1_862' title='bbox 1457 2811 1490 2832; x_wconf 77' lang='lat'>19.</span> <span class='ocrx_word' id='word_1_863' title='bbox 1508 2817 1528 2832; x_wconf 93' lang='lat' dir='ltr'>n.</span> <span class='ocrx_word' id='word_1_864' title='bbox 1546 2811 1567 2833; x_wconf 90' lang='lat'>3.</span> <span class='ocrx_word' id='word_1_865' title='bbox 1585 2814 1607 2833; x_wconf 90' lang='lat' dir='ltr'>et</span> <span class='ocrx_word' id='word_1_866' title='bbox 1623 2818 1645 2833; x_wconf 91' lang='lat' dir='ltr'>n.</span> <span class='ocrx_word' id='word_1_867' title='bbox 1662 2812 1699 2833; x_wconf 77' lang='lat'>20.</span> <span class='ocrx_word' id='word_1_868' title='bbox 1716 2818 1780 2840; x_wconf 78' lang='lat' dir='ltr'>seqq.</span> <span class='ocrx_word' id='word_1_869' title='bbox 1798 2814 1818 2833; x_wconf 89' lang='lat' dir='ltr'>et</span> <span class='ocrx_word' id='word_1_870' title='bbox 1836 2811 1928 2839; x_wconf 81' lang='lat' dir='ltr'>passini.</span> 
     </span>
    </p>

    <p class='ocr_par' dir='ltr' id='par_1_35' title="bbox 1195 2845 1349 2870">
     <span class='ocr_line' id='line_1_125' title="bbox 1195 2845 1349 2870; baseline 0.013 -2"><span class='ocrx_word' id='word_1_871' title='bbox 1195 2845 1201 2858; x_wconf 89' lang='lat'>¹</span> <span class='ocrx_word' id='word_1_872' title='bbox 1232 2847 1295 2870; x_wconf 79' lang='lat' dir='ltr'>Vcrs.</span> <span class='ocrx_word' id='word_1_873' title='bbox 1313 2849 1349 2870; x_wconf 89' lang='grc'>11.</span> 
     </span>
    </p>

    <p class='ocr_par' dir='ltr' id='par_1_36' title="bbox 1195 2883 1867 2918">
     <span class='ocr_line' id='line_1_126' title="bbox 1195 2883 1867 2918; baseline 0.003 -11"><span class='ocrx_word' id='word_1_874' title='bbox 1195 2883 1214 2896; x_wconf 81' lang='lat'>¹⁴</span> <span class='ocrx_word' id='word_1_875' title='bbox 1232 2886 1296 2908; x_wconf 78' lang='lat' dir='ltr'>vers.</span> <span class='ocrx_word' id='word_1_876' title='bbox 1314 2887 1350 2909; x_wconf 89' lang='grc'>11.</span> <span class='ocrx_word' id='word_1_877' title='bbox 1368 2888 1465 2916; x_wconf 81' lang='lat' dir='ltr'>Vulgata</span> <span class='ocrx_word' id='word_1_878' title='bbox 1483 2895 1525 2916; x_wconf 87' lang='lat' dir='ltr'>pro</span> <span class='ocrx_word' id='word_1_879' title='bbox 1542 2889 1617 2916; x_wconf 81' lang='lat' dir='ltr'>primo</span> <span class='ocrx_word' id='word_1_880' title='bbox 1634 2888 1703 2918; x_wconf 77' lang='lat' dir='ltr'>quasi</span> <span class='ocrx_word' id='word_1_881' title='bbox 1719 2888 1784 2910; x_wconf 76' lang='lat' dir='ltr'>habet</span> <span class='ocrx_word' id='word_1_882' title='bbox 1802 2888 1867 2911; x_wconf 75' lang='lat' dir='ltr'>sicut.</span> 
     </span>
    </p>

    <p class='ocr_par' dir='ltr' id='par_1_37' title="bbox 1133 2921 1965 2987">
     <span class='ocr_line' id='line_1_127' title="bbox 1195 2921 1965 2954; baseline 0.004 -9"><span class='ocrx_word' id='word_1_883' title='bbox 1195 2921 1214 2934; x_wconf 74' lang='lat'>¹⁵</span> <span class='ocrx_word' id='word_1_884' title='bbox 1231 2924 1295 2946; x_wconf 85' lang='lat' dir='ltr'>Vers.</span> <span class='ocrx_word' id='word_1_885' title='bbox 1314 2925 1334 2946; x_wconf 92' lang='grc'>1.</span> <span class='ocrx_word' id='word_1_886' title='bbox 1352 2925 1465 2953; x_wconf 79' lang='lat' dir='ltr'>Vulgata:</span> <span class='ocrx_word' id='word_1_887' title='bbox 1488 2927 1558 2949; x_wconf 77' lang='lat' dir='ltr'>Nolite</span> <span class='ocrx_word' id='word_1_888' title='bbox 1580 2927 1657 2954; x_wconf 86' lang='lat' dir='ltr'>plures</span> <span class='ocrx_word' id='word_1_889' title='bbox 1683 2927 1784 2954; x_wconf 77' lang='lat' dir='ltr'>magistri</span> <span class='ocrx_word' id='word_1_890' title='bbox 1810 2926 1868 2952; x_wconf 80' lang='lat' dir='ltr'>lieri,</span> <span class='ocrx_word' id='word_1_891' title='bbox 1887 2927 1965 2948; x_wconf 80' lang='lat' dir='ltr'>fratres</span> 
     </span>
     <span class='ocr_line' id='line_1_128' title="bbox 1133 2961 1661 2987; baseline 0.008 -4"><span class='ocrx_word' id='word_1_892' title='bbox 1133 2961 1185 2983; x_wconf 86' lang='lat' dir='ltr'>mei.</span> <span class='ocrx_word' id='word_1_893' title='bbox 1202 2973 1232 2978; x_wconf 87' lang='lat'><em>-</em></span> <span class='ocrx_word' id='word_1_894' title='bbox 1249 2961 1294 2984; x_wconf 82' lang='lat' dir='ltr'>Csr.</span> <span class='ocrx_word' id='word_1_895' title='bbox 1311 2963 1417 2985; x_wconf 75' lang='lat' dir='ltr'>Ilexa&#39;em.</span> <span class='ocrx_word' id='word_1_896' title='bbox 1434 2965 1507 2986; x_wconf 84' lang='lat' dir='ltr'>collat.</span> <span class='ocrx_word' id='word_1_897' title='bbox 1524 2965 1545 2986; x_wconf 88' lang='grc'>1.</span> <span class='ocrx_word' id='word_1_898' title='bbox 1562 2971 1584 2987; x_wconf 91' lang='lat' dir='ltr'>n.</span> <span class='ocrx_word' id='word_1_899' title='bbox 1602 2965 1623 2987; x_wconf 80' lang='lat'>5.</span> <span class='ocrx_word' id='word_1_900' title='bbox 1640 2966 1661 2987; x_wconf 80' lang='grc'>8.</span> 
     </span>
    </p>
   </div>
  </div>
 </body>
</html>
