2285 3398
68 226 125 245 Raeto
138 226 171 245 tri-

89 250 139 273 plex.

52 365 167 385 Notandum.

59 1017 167 1036 Dlutlnetio.

54 1810 164 1830 nizianam.

42 2463 158 2483 Notandum.

669 145 710 172 DE
734 145 901 173 MYSTERIO
922 145 1105 174 TRlNlTATlS
1126 145 1261 181 QUAEST.
1285 147 1301 174 l.
1324 147 1395 174 ΛΒΤ.
1420 147 1446 175 ll.

182 220 265 254 dum,
287 220 360 257 quod
382 224 423 249 est
445 221 589 257 tripliciter
612 222 685 258 loqui
714 222 746 250 de
776 223 895 251 ratione:
923 226 972 250 aut
999 222 1033 251 de

183 266 289 295 ratione
310 266 466 304 defectiva,
488 271 536 296 aut
556 271 666 301 stante,
688 272 736 297 aut
750 269 867 297 elevata.
883 269 951 297 Cum
966 277 1033 305 ergo

182 313 299 347 dicitur,
322 314 396 350 quod
417 322 497 343 omne
528 315 611 348 illud,
637 316 717 344 cuius
748 316 917 344 contrarium
949 317 1032 345 dictat

181 359 272 388 omnis
294 360 378 394 ratio,
400 364 442 389 est
463 361 637 394 incredibile:
660 362 681 390 si
697 362 866 399 intelligatur
885 363 1032 399 particula-

182 406 250 435 riter
278 407 318 446 de.
341 407 446 436 ratione
474 407 631 445 defectiva,
655 409 752 437 salsum
781 413 837 443 est,
859 410 924 447 quia
946 412 1033 446 potest

181 460 241 481 esse
262 453 365 490 aliquid
388 462 545 491 repugnans
561 455 657 483 rationi
674 455 837 489 defectivae,
853 456 926 492 quod
942 459 1032 484 tamen

182 503 313 529 consonat
335 501 432 529 rationi
455 501 562 535 suenci,
586 502 627 529 vel
649 502 780 530 (flemme.
804 503 829 530 Si
853 510 918 531 vero
934 503 1031 542 intelli*-

181 546 256 583 gitur
277 547 483 576 universaliter
507 548 541 577 de
574 549 679 577 ratione
710 549 862 577 secundum
896 550 1030 586 triplicem

180 596 299 628 statum,
316 597 382 623 tunc
397 595 486 631 prima
501 596 651 632 propositio
666 599 707 625 est
723 604 788 624 vera
802 600 829 625 et
844 597 1030 631 concedenda;

182 639 229 668 sed
250 641 348 669 minor
369 645 410 670 est
431 642 498 670 salsa
518 645 545 671 et
567 642 748 672 interimenda
761 643 786 671 ¹:
808 644 889 681 quia,
905 643 1031 681 quamvis

180 686 251 715 ratio
272 686 405 716 defectiva
426 688 509 717 dictet
524 689 694 717 contrarium
710 690 769 718 eius
784 690 857 727 quod
872 693 928 723 est,
944 690 1031 718 Deum

180 740 240 761 esse
262 734 366 762 trinum
388 738 415 763 et
436 743 539 769 unum,
562 736 632 766 ratio
654 739 743 765 tamen
765 741 847 765 stans
875 737 958 765 dictat
982 737 1031 765 ali-

181 779 263 816 quid.
286 781 360 817 quod
383 781 447 810 luiic
469 785 510 810 est
531 790 698 816 consonum:
721 783 829 811 elevata
855 791 920 811 vero
947 783 1031 811 dictat

179 825 207 854 id
228 826 335 862 ipsum,
357 830 388 856 ut
410 831 484 864 patet
505 837 541 857 ex
564 830 606 858 bis
627 838 697 866 quae
718 830 791 858 dicta
812 832 884 858 sunt.

259 874 284 901 2.
308 873 345 901 Ad
377 874 444 903 illud
465 876 538 911 quod
560 876 705 910 obiicitur,
728 877 801 914 quod
833 884 913 905 omne
946 877 1029 911 illud,

179 920 260 949 cuius
281 921 453 950 contrarium
475 923 563 950 omnis
585 926 685 952 natura
700 927 791 952 creata
805 923 973 960 praetendit,
988 926 1030 951 est

178 966 354 1001 incredibile:
377 968 539 1003 dicendum,
562 970 635 1006 quod
658 973 757 998 natura
772 972 863 998 creata
878 972 966 1005 potest
980 969 1028 997 ali-

178 1013 244 1050 quid
266 1015 447 1050 praetendere
468 1016 630 1052 dupliciter:
654 1017 695 1045 vel
721 1017 747 1044 in
775 1024 805 1044 se
831 1016 914 1052 ipsa,
937 1016 980 1050 vel
1001 1016 1028 1044 in

179 1068 273 1090 causa
294 1069 352 1091 sua.
376 1062 479 1090 Natura
501 1063 573 1092 enim
596 1066 687 1091 creata
716 1062 884 1099 praetendit,
912 1071 942 1090 se
969 1070 1028 1091 esse

179 1108 362 1145 temporalem
386 1111 413 1137 et
434 1109 601 1138 mutabilem
623 1112 649 1138 et
677 1109 883 1146 compositam,·
904 1116 1028 1137 causam

178 1162 246 1183 vero
267 1163 344 1183 suam
367 1159 517 1184 aeternam
538 1159 564 1184 et
586 1156 793 1184 inmutabilem
807 1158 834 1184 et
848 1155 1029 1192 simplz'czzssz'-

177 1209 266 1229 mam.
290 1202 340 1231 Per
363 1202 437 1230 hunc
458 1203 540 1231 etiam
556 1203 684 1237 modum,
701 1202 762 1231 licet
778 1202 804 1230 in
820 1205 960 1230 creatura
976 1210 1029 1230 non

179 1248 265 1285 possit
280 1252 353 1277 stare
369 1249 460 1278 unitas
475 1249 578 1278 formae
593 1258 656 1278 cum
673 1249 793 1278 trinitate
808 1248 1028 1285 suppositorum,

177 1302 245 1323 cum·
257 1295 400 1332 supposita
415 1296 442 1323 in
458 1299 587 1324 creatura
601 1296 806 1332 distinguantur
821 1303 870 1331 per
885 1294 1028 1323 materiam

176 1344 204 1370 et
218 1342 340 1377 sormam
355 1342 406 1379 ipsi
420 1342 552 1371 materiae
573 1342 778 1379 appropriatam
790 1342 801 1358 ²
810 1352 816 1375 ;
832 1342 859 1369 in
877 1341 1028 1374 Creatore,

177 1388 206 1417 in
227 1397 283 1425 quo
304 1389 381 1417 nulla
401 1397 517 1425 prorsus
538 1392 579 1417 est
599 1388 714 1417 materia
734 1391 761 1416 et
776 1396 842 1416 vera
860 1387 1028 1421 fecunditas,

179 1438 308 1464 manente
329 1443 385 1464 una
406 1435 494 1464 forma
521 1439 548 1463 et
577 1435 746 1469 substantia,
768 1437 809 1463 est
835 1434 974 1463 distinctio
1001 1433 1028 1462 in

176 1482 329 1518 suppositis
352 1482 457 1510 ratione
478 1481 598 1518 originis.
621 1481 691 1517 Quia
712 1481 796 1518 igitur
818 1483 948 1510 creatura
972 1488 1027 1509 non

174 1528 330 1565 praetendit
351 1527 546 1556 universaliter
567 1528 752 1556 eontrarium
774 1527 859 1556 buius
877 1527 951 1565 quod
970 1530 1027 1561 est,

175 1574 265 1603 Deum
286 1582 345 1603 esse
367 1573 487 1608 trinum,
510 1574 593 1602 immo
608 1577 683 1603 recte
697 1573 887 1612 confomz'ter
901 1576 1028 1611 praeten-

175 1621 222 1650 dit.
242 1621 270 1650 id
295 1621 401 1658 ipsum:
431 1620 491 1649 ideo
512 1624 553 1650 est
574 1621 660 1658 magis
683 1621 813 1650 credibile
831 1628 917 1658 quam
939 1620 1028 1649 incre—

174 1668 265 1698 dibile.
634 1689 636 1692 .

255 1715 281 1744 3.
297 1714 335 1743 Ad
350 1714 418 1743 illud
432 1714 507 1751 quod
522 1715 667 1749 obiicitur,
683 1715 757 1752 quod
771 1723 864 1749 omne,
880 1715 953 1751 quod
967 1723 1027 1744 cre-

174 1761 263 1796 ditur,
284 1764 332 1790 aut
354 1760 477 1789 creditur
499 1769 535 1790 ex
550 1762 672 1795 ratione,
687 1764 735 1790 aut
750 1764 861 1798 praeter
876 1761 1025 1795 rationem3

174 1808 337 1841 dicendum,
357 1807 433 1845 quod
458 1808 571 1837 credere
592 1808 696 1845 aliquid
721 1816 755 1836 em
776 1808 890 1836 ratione
913 1810 954 1836 est
975 1807 1026 1836 du-

173 1854 296 1892 pliciter:
319 1855 363 1883 vel
384 1862 420 1883 ex
442 1855 548 1884 ratione
568 1863 666 1889 mera,
682 1855 776 1883 velex
791 1854 897 1883 ratione
911 1854 1025 1883 adiuta.

173 1902 304 1938 Quamvis
325 1909 392 1939 ergo
412 1902 501 1930 Deum
522 1909 581 1930 esse
602 1901 708 1930 trinum
726 1909 781 1930 non
796 1901 831 1930 sit
845 1901 976 1930 credibile
989 1909 1025 1930 ex

173 1949 280 1977 ratione
293 1957 390 1982 mera,
412 1951 454 1977 est
469 1951 560 1976 tamen
582 1947 713 1976 credibile
734 1956 771 1976 ex
793 1948 899 1977 ratione
920 1947 1026 1977 adiuta

172 2003 223 2038 per
244 1995 362 2032 gratiam
383 1998 410 2024 et
432 1995 521 2023 lucem
546 1994 666 2031 desuper
690 1994 826 2023 infusam·
840 1995 872 2023 Et
892 1994 967 2032 quod
987 1994 1025 2024 sic

172 2044 214 2071 est
234 2042 365 2070 credibile
390 2049 446 2070 non
473 2041 699 2070 irrationabiliter
721 2041 856 2076 creditur,
878 2041 944 2079 quia
963 2049 1026 2078 gra-

172 2089 210 2118 tia
237 2091 264 2117 et
293 2089 344 2117 lux
372 2088 494 2125 desuper
521 2087 612 2117 infusa
639 2088 737 2125 potius.
756 2088 891 2117 rationem
917 2088 1025 2125 dirigit,

173 2143 258 2173 quam
278 2138 428 2173 pervertat.

252 2183 278 2211 [ι.
295 2182 333 2211 Ad
347 2181 416 2211 illud
431 2181 505 2219 quod
519 2180 662 2215 obiicitur,
677 2180 752 2218 quod
765 2189 859 2216 omne,
873 2181 948 2219 quod
965 2189 1024 2210 cre—

171 2229 257 2264 ditur,
273 2229 396 2258 creditur
409 2231 458 2257 aut
472 2230 586 2265 propter
598 2236 636 2262 se,
647 2231 695 2256 aut
709 2230 823 2265 propter
834 2227 921 2262 aliud;
932 2227 1024 2257 dicen-

175 2274 258 2310 dum,
284 2276 359 2313 quod
384 2276 472 2304 Deum
497 2282 556 2303 esse
582 2274 686 2303 trinum
711 2274 835 2303 creditur
859 2277 973 2313 propter
995 2282 1024 2303 se

173 2322 278 2359 ipsum,
301 2322 368 2359 quia
388 2329 528 2351 summum
549 2324 577 2349 et
597 2320 718 2357 primum
733 2328 831 2350 verum
851 2324 977 2358 spectans
990 2320 1024 2349 ad

172 2368 280 2397 cultum
294 2368 428 2397 divinum.
442 2384 478 2389 —
494 2367 525 2396 Et
539 2366 615 2404 quod
631 2366 770 2402 obiicitur,
784 2367 859 2404 quod
872 2374 953 2396 omne
970 2366 1023 2395 tale

173 2415 304 2444 credibile
325 2423 375 2452 per
390 2423 418 2443 se
433 2416 507 2451 patet
527 2413 665 2448 credenti;
686 2414 846 2448 dicendum,
868 2414 941 2451 quod
955 2413 1023 2442 illud

174 2469 273 2491 verum
294 2464 335 2490 est
356 2461 390 2490 de
411 2460 552 2495 credente,
574 2460 622 2497 qui
650 2469 705 2489 non
726 2461 809 2490 habet
822 2451 954 2495 ¹obicem,
976 2460 1024 2489 sed

172 2507 266 2544 potius
280 2507 487 2544 dispositionem
503 2507 692 2536 habilitantem
707 2507 741 2536 ad
755 2507 958 2536 assentiendum
973 2507 1023 2544 ipsi

239 2682 246 2695 ¹
266 2684 319 2706 Sive
338 2684 457 2712 neganda;
475 2685 515 2706 cfr.
527 2686 583 2706 tom.
601 2684 615 2705 l.
630 2690 683 2711 pag,
701 2684 743 2711 87,
760 2687 813 2707 nota
830 2684 937 2707 ‡.—De
954 2685 1022 2707 solut.

152 2747 155 2753 .
172 2721 227 2749 vide
245 2722 276 2744 lll.
300 2723 361 2745 Sent.
385 2723 407 2745 d.
425 2723 462 2745 23.
486 2728 506 2744 a.
525 2722 545 2744 l.
563 2728 587 2750 q.
605 2724 626 2744 11.
648 2722 678 2744 ad
696 2722 759 2745 4.—
771 2723 821 2745 Mox
838 2729 880 2751 pro
897 2722 989 2752 aliquid
1005 2723 1021 2745 B

172 2759 310 2790 aliquando.

235 2797 244 2811 ²
261 2798 309 2822 err.
326 2800 350 2822 ll.
369 2801 430 2823 Sent.
447 2800 470 2822 d.
488 2800 510 2822 3.
527 2806 550 2827 p.
567 2800 583 2822 1.
600 2805 620 2821 a.
638 2800 660 2822 2.
677 2806 700 2828 q.
718 2800 765 2822 4-3.

236 2835 246 2849 ⁸
264 2838 324 2861 Vide
340 2841 396 2861 tom.
414 2840 438 2861 11.
459 2844 514 2867 pag.
537 2838 593 2865 904,
612 2840 665 2860 nota
687 2837 709 2861 ὅ.
726 2841 748 2861 et
764 2841 820 2861 tom.
837 2839 870 2862 lll.
891 2845 946 2867 pag.
962 2838 1022 2867 730,

173 2879 227 2899 nota
245 2877 271 2905 5,
289 2877 329 2900 ubi
347 2883 374 2900 ex
392 2877 507 2900 Macrobio
531 2876 670 2899 divisionem
693 2877 804 2900 virtutum
821 2880 843 2900 et
865 2878 1022 2901 definitionem

173 2920 253 2938 earum
267 2916 392 2940 attulimus.

268 2962 294 2986 S.
312 2963 402 2986 Βοηαυ.
419 2974 450 2979 -
468 2962 537 2985 Tom.
552 2962 584 2984 V.

1892 152 1926 178 57

1087 222 1196 265 yeritati
1220 223 1370 255 increatae:
1393 228 1419 252 ct
1441 225 1479 253 sic
1501 234 1528 253 se
1551 226 1632 254 babet
1655 226 1679 254 in
1696 227 1848 263 proposito,
1870 228 1931 264 quia

1089 277 1172 298 verus
1192 269 1365 299 Christianus
1386 272 1472 300 credit
1495 273 1545 300 hoc
1568 281 1662 301 verum
1689 274 1739 301 sibi
1763 274 1932 310 propositum

1090 316 1147 344 sine
1168 316 1261 353 aliquo
1283 318 1468 353 persuasionis
1488 319 1670 355 superaddito.

1167 364 1191 390 5.
1216 364 1240 391 fi.
1264 363 1301 391 Ad
1324 364 1389 392 illud
1411 366 1484 401 quod
1505 366 1642 399 obiicitur,
1664 366 1738 402 quod
1760 366 1849 395 virtus
1870 374 1933 394 con-

1090 412 1167 437 sonat
1189 412 1319 443 naturac;
1341 410 1502 445 (licendum,
1528 412 1601 448 quod
1623 413 1688 441 illud
1718 413 1879 450 intelligitur
1900 413 1933 441 de
1948 417 2061 437 Notandum.

1091 455 1193 484 virtute
1212 456 1369 492 pocin'ca³,·
1391 458 1432 485 vel
1455 458 1475 485 si
1498 458 1564 486 illud
1587 459 1748 495 intelligitur
1769 459 1803 487 de
1830 459 1933 487 virtute

1087 503 1237 539 qramz'ta,
1260 512 1313 531 non
1343 504 1425 532 babet
1447 505 1604 539 veritatem,
1630 506 1703 542 quod
1732 509 1861 534 consonet
1886 514 1933 534 na-

1088 552 1182 583 turae,
1205 549 1230 578 in
1259 553 1395 587 quantum
1425 551 1511 588 lapsa
1531 555 1587 586 est,
1610 552 1656 580 sed
1686 552 1712 580 in
1733 556 1868 589 quantum
1889 562 1933 581 re-

1087 595 1219 633 formata
1239 599 1266 625 et
1286 597 1412 631 elevata,
1434 598 1508 635 quod
1531 598 1561 626 lit
1582 606 1631 634 per
1653 599 1769 635 gratiam
1797 599 1932 632 divinam,

1086 643 1206 680 desuper
1227 644 1353 673 infusam.
1370 661 1406 665 —
1423 645 1453 673 Et
1474 653 1523 682 per
1552 646 1604 674 boc
1632 649 1706 682 patet
1731 646 1872 682 responsio
1900 646 1932 674 ad

1088 689 1155 718 illud
1182 690 1256 727 quod
1284 695 1485 729 consequenter
1512 692 1642 721 obiicitur
1669 692 1702 721 de
1730 693 1833 729 gratia,
1862 693 1935 729 quod

1088 736 1176 772 gratia
1197 740 1238 765 est
1260 738 1391 774 perfectio
1412 741 1535 767 naturae.
1552 738 1597 767 Est
1611 739 1683 767 enim
1699 739 1787 775 gratia
1806 739 1936 775 perfectio
1949 744 2069 788 maffia-'anit

1088 785 1204 812 naturae
1225 792 1279 812 non
1302 787 1408 813 tantum
1430 784 1602 818 lzabz'lz'tans,
1625 793 1722 814 verum
1741 786 1822 814 etiam
1844 785 1937 823 refor—

1087 838 1174 858 mans
1204 833 1231 859 et
1255 831 1376 859 elevans.
1410 830 1607 869 Refo‘rmamlo
1628 835 1720 860 autem
1748 836 1775 861 et
1803 833 1937 861 eleoamlo

1087 884 1140 904 non
1163 876 1281 905 destruit
1296 878 1382 914 ipsam
1404 881 1547 913 naturam,
1569 886 1618 907 nec
1632 879 1749 916 aliquid,
1768 879 1841 916 quod
1856 880 1891 908 sit
1904 880 1937 907 de

1088 922 1146 958 ipsa
1167 926 1282 957 natura,
1305 925 1353 953 sed
1373 924 1509 953 desectum
1532 925 1605 954 circa
1626 928 1762 954 naturam.

1165 970 1190 996 7.
1213 970 1251 998 Λᾶ
1272 971 1339 999 illud
1361 972 1435 1008 quod
1449 972 1593 1005 obiicitur,
1616 972 1689 1009 quod
1704 972 1833 1001 Conditor
1855 976 1935 1001 natu-

1087 1022 1133 1043 rae
1154 1015 1222 1044 nibil
1244 1016 1306 1045 facit
1320 1021 1417 1045 contra
1438 1021 1585 1052 naturam:
1606 1019 1769 1053 dicendum,
1785 1019 1858 1055 quod
1879 1028 1933 1047 ηα-
1959 1024 2074 1042 Naturam-

1946 1047 2002 1065 mitur
2010 1047 2073 1071 dupli-

1086 1064 1157 1089 cura
1183 1061 1285 1090 dicitur
1312 1063 1474 1099 dupliciter:
1504 1065 1546 1093 vel
1575 1065 1708 1093 naturalis
1736 1074 1859 1099 cursus,
1890 1066 2001 1094 veleiter·

1086 1108 1221 1136 naturalis
1241 1108 1400 1137 obedientia
1426 1114 1587 1138 creaturae.
1617 1111 1742 1139 Secundo
1763 1111 1843 1139 modo
1865 1112 1932 1139 nihil

1086 1154 1164 1188 facit,
1186 1154 1276 1191 primo
1290 1159 1383 1183 autem
1404 1156 1485 1184 modo
1499 1156 1659 1193 frequenter
1680 1157 1759 1190 facit,
1774 1160 1806 1185 ut
1827 1157 1853 1185 in
1869 1165 1933 1193 ope-

1086 1201 1178 1239 ribus,
1193 1209 1264 1237 quae
1279 1204 1344 1230 sunt
1359 1209 1444 1238 supra
1458 1205 1599 1236 naturam,
1621 1203 1664 1231 vel
1679 1206 1790 1236 contra,
1805 1206 1836 1231 ut
1850 1211 1934 1240 opera

1086 1247 1252 1276 miraculosa
1262 1248 1282 1275 ⁴¹.
1310 1248 1359 1277 Per
1381 1248 1456 1277 hunc
1473 1248 1557 1277 etiam
1585 1248 1698 1277 modum
1726 1249 1931 1286 intelligendum
1945 1255 2075 1281 nemimem-

1085 1297 1127 1323 est
1147 1294 1180 1323 de
1202 1295 1321 1323 naturali
1344 1295 1538 1332 intelligentia,
1559 1295 1633 1332 quod
1660 1295 1806 1332 dupliciter
1831 1299 1873 1325 est
1899 1296 1932 1325 de

1086 1341 1144 1378 ipsa
1166 1340 1260 1377 loqui:
1279 1341 1322 1369 vel
1343 1341 1371 1369 in
1392 1344 1528 1378 quantum
1550 1344 1614 1369 nata
1634 1344 1675 1370 est
1696 1342 1875 1371 ratiocinari
1891 1351 1933 1370 se-

1086 1387 1216 1416 cundum
1236 1388 1328 1416 lucem
1346 1388 1521 1425 propriam,
1544 1389 1586 1417 vel
1608 1388 1635 1417 in
1656 1391 1793 1425 quantum
1815 1391 1878 1417 nata
1892 1392 1933 1418 est

1085 1443 1114 1463 Se
1127 1434 1270 1463 subiicere
1289 1435 1342 1463 sub
1365 1435 1426 1463 luce
1446 1438 1573 1464 aeterna.
1590 1436 1644 1464 Hoc
1659 1435 1756 1463 ultimo
1770 1435 1851 1464 modo
1865 1436 1932 1464 nihil

1084 1481 1169 1509 dictat
1190 1484 1286 1510 contra
1300 1482 1521 1518 intelligentiam3
1538 1482 1628 1518 primo
1641 1484 1733 1510 autem
1755 1482 1835 1510 modo
1849 1482 1932 1511 dictat

1084 1528 1202 1565 aliquid,
1233 1529 1307 1566 quod
1338 1528 1387 1557 etsi
1417 1528 1542 1557 videatur
1566 1536 1626 1557 esse
1656 1529 1843 1563 contrarium,
1871 1533 1932 1566 post

1086 1575 1179 1604 lumen
1200 1575 1322 1603 infusum
1344 1575 1374 1603 fit
1395 1582 1561 1603 consonum:
1584 1575 1649 1611 quia
1669 1575 1744 1611 quod
1764 1575 1843 1611 prius
1858 1575 1931 1605 vide-

1085 1621 1167 1650 batur
1189 1621 1287 1650 rationi
1309 1621 1475 1658 impossibile
1490 1621 1547 1650 sive
1567 1621 1677 1650 difficile
1691 1621 1725 1650 ad
1747 1622 1930 1657 credendum,

1084 1671 1178 1705 postea
1199 1668 1230 1696 fit
1249 1667 1283 1695 ad
1315 1667 1483 1696 credendum
1505 1667 1681 1702 facillimum,
1702 1668 1770 1697 adeo
1788 1671 1819 1697 ut
1846 1677 1931 1698 verus

1083 1714 1199 1744 credens
1219 1714 1291 1743 dicat
1312 1714 1362 1750 ipsi
1390 1717 1503 1742 aeterno
1523 1714 1649 1743 Doctori:
1684 1715 1858 1744 Testimonia
1878 1719 1931 1744 tua

1083 1760 1234 1790 credibilia
1254 1759 1337 1798 facta
1357 1763 1426 1789 stmt
1446 1760 1535 1789 nimzsss
1546 1760 1566 1788 ⁵.

1148 1808 1188 1840 ,8.
1210 1807 1249 1836 Ad
1269 1807 1337 1836 illud
1357 1807 1440 1845 quod<
1452 1807 1594 1842 obiicitur,
1610 1808 1684 1845 quod
1704 1808 1872 1853 principium
1886 1817 1931 1838 co-

1064 1854 1213 1892 ·gnitionis
1233 1854 1380 1883 scientialis
1400 1857 1442 1883 est
1461 1854 1621 1883 facillimum
1645 1854 1680 1883 ad
1701 1855 1843 1884 sciendum
1863 1858 1930 1885 etc.-

1082 1901 1245 1936 dicendum,
1266 1901 1341 1939 quod
1361 1901 1480 1939 cognitio
1501 1901 1653 1930 secundum
1674 1902 1757 1931 fidem
1781 1906 1823 1931 est
1840 1903 1932 1940 cogni-

1083 1948 1121 1977 tio
1154 1948 1314 1977 secundum
1344 1948 1496 1985 pietatem,
1532 1948 1604 1977 sicut
1638 1948 1741 1977 dicitur
1774 1949 1809 1986 ad
1839 1950 1931 1979 Titum

1082 1995 1172 2031 primo
1182 1995 1202 2023 θ.
1225 1995 1257 2023 Εῑ
1271 1995 1334 2024 licet
1354 1995 1505 2025 intellectui
1523 1995 1683 2031 procedenti
1704 1996 1857 2025 secundum
1877 1997 1931 2025 ari-

1081 2041 1194 2070 ditatem
1215 2041 1410 2078 speculationis
1430 2041 1556 2070 videatur
1577 2041 1645 2070 illud
1659 2042 1851 2073 difficillimum
1871 2051 1931 2073 cre-

1061 2118 1064 2120 ,
1081 2088 1161 2122 dere,
1182 2082 1258 2124 quod
1277 2090 1334 2122 est,
1357 2088 1445 2117 Deum
1466 2096 1528 2117 esse
1548 2088 1654 2117 trinum
1679 2092 1707 2126 et
1726 2097 1830 2124 unum:
1852 2090 1931 2119 intel-

1064 2134 1066 2136 '
1082 2134 1165 2164 lectui
1186 2137 1277 2164 tamen
1291 2135 1391 2172 pietate
1412 2135 1493 2172 pleno
1508 2135 1667 2164 facillimum
1684 2138 1726 2165 est
1740 2136 1808 2165 illud
1829 2137 1931 2171 sentire

1080 2181 1115 2210 de
1135 2189 1244 2210 summo
1275 2182 1367 2217 Patre,
1398 2182 1473 2219 quod
1498 2182 1672 2220 Unigenitum
1704 2182 1819 2218 habeat,
1847 2192 1930 2221 quem

1080 2227 1153 2256 sicut
1174 2235 1203 2256 se
1223 2228 1316 2265 ipsum
1336 2229 1444 2266 diligat,
1465 2237 1548 2266 quem
1563 2230 1645 2258 etiam
1666 2237 1718 2266 pro
1732 2230 1821 2259 salute
1842 2231 1930 2259 homi-

1079 2282 1147 2303 num
1167 2274 1258 2304 tradat
1269 2275 1288 2303 ⁷.
1730 2310 1733 2312 q

1159 2322 1185 2350 9.
1207 2321 1245 2350 Ad
1266 2321 1334 2351 illud
1355 2322 1429 2359 quod
1450 2321 1589 2356 obiicitur,
1610 2321 1684 2359 quod
1704 2322 1798 2351 nullus
1819 2325 1929 2351 tenetur

1079 2367 1116 2396 ad
1128 2367 1197 2397 illud
1217 2368 1292 2406 quod
1306 2377 1360 2399 non
1382 2371 1484 2406 potest;
1499 2368 1659 2403 dicendum,
1681 2368 1755 2406 quod
1771 2369 1832 2397 licet
1846 2369 1929 2398 homo

1079 2422 1116 2443 ex
1140 2422 1170 2444 se
1197 2423 1251 2444 non
1273 2415 1443 2444 sufficienter
1473 2415 1572 2452 possit,
1604 2418 1694 2451 potest
1715 2418 1806 2444 tamen
1837 2415 1929 2444 divino

1080 2461 1262 2496 adminiculo,
1284 2462 1357 2499 quod
1380 2462 1430 2491 sibi
1452 2464 1562 2500 praesto
1587 2465 1643 2496 est,
1665 2462 1687 2490 si
1709 2461 1789 2491 saciat
1808 2461 1883 2499 quod
1900 2462 1928 2490 in

1080 2515 1109 2536 se
1130 2510 1186 2542 est;
1208 2510 1236 2536 et
1257 2508 1322 2545 quia
1343 2510 1432 2545 potest
1453 2502 1543 2536 facere
1565 2507 1645 2542 illud,
1666 2516 1722 2544 quo
1749 2507 1819 2536 facto
1843 2507 1928 2544 possit

1140 2683 1150 2696 ⁴
1167 2684 1212 2707 Cir.
1230 2684 1254 2707 ΙΙ.
1272 2684 1333 2707 Sent.
1350 2684 1373 2707 d.
1393 2685 1400 2706 ἸΙ
1408 2685 1430 2707 8.
1447 2691 1467 2706 a.
1489 2685 1507 2706 l.
1525 2690 1548 2712 q.
1566 2685 1588 2706 2.
1605 2684 1635 2706 ad
1652 2684 1674 2706 5.

1141 2721 1151 2735 ⁶
1169 2723 1252 2746 Psalm.
1263 2723 1305 2751 92,
1323 2723 1344 2746 5.
1356 2735 1388 2740 -—
1399 2723 1503 2746 Vocibus
1511 2723 1567 2752 post
1584 2722 1665 2746 lumen
1676 2723 1692 2745 F
1704 2722 1828 2751 praemittit
1839 2723 1925 2749 tamen,

1077 2764 1099 2785 et
1116 2768 1159 2790 pro
1175 2761 1221 2791 ipsi
1236 2763 1332 2785 aeterno
1349 2761 1466 2784 substituit
1483 2760 1576 2785 Christo
1593 2762 1696 2785 aeterno.

1139 2799 1149 2813 ⁶
1165 2801 1232 2824 Vers.
1245 2801 1253 2823 l
1265 2809 1270 2823 z
1288 2801 1395 2824 Paulus...
1407 2801 1537 2823 secundum
1552 2800 1622 2823 fldem
1634 2801 1760 2823 electorum
1773 2800 1813 2822 Dei
1830 2802 1852 2822 et
1863 2800 1925 2827 agni-

1077 2840 1165 2862 tionem
1182 2839 1296 2867 veritatis,
1313 2846 1374 2869 quae
1390 2839 1520 2862 secundum
1537 2839 1645 2867 pietatem
1664 2843 1705 2862 est.

1138 2876 1147 2890 ⁷
1165 2877 1213 2901 Cic.
1231 2879 1293 2901 loan.
1311 2879 1336 2906 3,
1355 2879 1392 2901 46.

1965 1280 2028 1301 genua
2031 1292 2035 1296 .

1946 1907 2059 1927 Notandum.
