2285 3398
11 571 63 596 Quid
71 570 141 590 missio.

28 1132 143 1152 Notandum.

40 1838 148 1858 obtinento.

48 2450 100 2470 Deus
111 2457 149 2471 non

32 2477 117 2494 movetur
129 2475 149 2495 in

33 2500 83 2517 mota
98 2504 151 2518 crea-

636 157 677 185 Dii
700 157 864 186 Mi's'i‘ssnto
885 156 1065 185 TRtNiTA'ris
1085 151 1219 192 QUAEs‘t'.
1244 157 1282 185 Vl.
1307 158 1377 185 ⁴Xll'l'.
1401 157 1417 184 Ι.
1840 166 1888 193 101

153 236 188 264 sit
209 238 333 269 creatuS‚
355 238 396 264 est
411 235 555 271 multiplex
577 238 604 263 et
626 235 764 264 mutabilis
778 239 804 264 et
826 235 995 272 temporalis,

157 283 233 319 largo
253 282 334 310 modo
354 282 511 318 accipiendo
533 280 677 318 tempus¹;
699 285 725 310 et
754 283 805 310 hoc
827 282 929 310 nullam
957 281 996 309 in-

153 329 229 358 ducit
250 328 429 357 mutationem
451 329 524 357 circa
544 338 602 357 esse
622 329 754 358 (livinum.
781 334 783 336 ·

235 377 260 403 7.
283 376 308 403 8.
333 375 369 404 Ad
391 376 458 404 illud
479 376 552 413 quod
566 376 695 405 obiicitur
710 376 743 404 de
757 375 908 409 missione,
923 375 996 412 quod

155 423 243 452 omnis
263 423 357 452 missio
377 426 404 451 et
434 423 582 452 descensus
612 426 654 452 est
684 423 814 457 mutati0;
836 422 997 456 dicendum,

157 470 230 507 quod
251 471 344 499 missio
366 471 392 499 in
413 471 512 499 divinis
533 478 587 499 non
601 470 735 507 accipitur
751 470 786 499 ibi
800 470 935 507 proprie,
951 469 997 498 sed

156 516 342 550 translative,-
364 526 412 546 nec
435 517 508 545 :iliud
539 517 635 545 dicunt
656 517 682 545 in
706 517 760 545 Deo
781 524 864 554 quam
889 524 999 545 emana-

156 563 257 592 tionem
279 564 362 592 unius
382 564 417 592 ab
437 564 524 592 altero
543 566 570 592 et
592 563 836 591 manifestationem
859 563 885 591 in
900 563 999 591 effectu

155 613 247 639 creato
258 611 277 638 Β.
300 611 374 639 Unde
395 619 458 639 cum
481 612 554 639 Deus
567 610 602 638 sit
617 618 724 646 semper
740 610 842 646 ubique
857 617 999 646 praesens,

157 658 235 686 Pater
263 657 365 686 scilicet
393 661 420 686 et
446 657 528 686 Filius
548 660 574 685 et
605 656 723 693 Spiritus
753 659 880 689 sanctus,
902 664 999 685 secun-

156 705 222 733 dum
244 705 405 739 essentiam,
428 704 575 741 potentiam
596 707 623 732 et
654 703 851 740 praesentiam;
874 703 940 739 quia
960 706 999 731 ta-

157 760 218 780 men
242 752 268 779 in
290 752 453 780 caelestibus
484 751 588 779 habitat
620 759 668 787 per
696 750 810 787 gloriam
838 752 865 778 et
886 752 1000 786 apparet

158 806 207 835 per
229 798 439 827 illustrationem
460 801 598 835 apertam,
620 797 730 835 quando
755 797 782 825 in
798 793 939 825 'creaturis
959 796 999 824 in-

157 845 305 874 ferioribus
326 845 420 882 incipit
441 853 587 882 apparere,
608 844 686 881 quasi
707 844 741 872 ‹le
773 852 825 871 non
856 846 999 880 praesente

158 892 253 928 incipit
273 900 331 921 esse
354 900 498 929 praesen&
520 895 547 921 et
574 892 635 920 ideo
663 891 765 919 dicitur
797 890 871 918 inieci
896 893 923 918 et
953 890 999 918 de-

157 939 306 974 secedere,
329 948 382 968 non
405 940 509 968 ratione
536 939 653 967 alicuius
680 937 862 966 innovationis
882 945 930 965 seu
952 944 1000 965 no-

158 985 249 1014 vitatis
269 994 301 1015 ex
337 990 414 1023 parte
438 987 497 1020 sui,
519 986 565 1014 sed
596 986 684 1014 solum
713 984 817 1013 ratione
837 983 1000 1012 ostensionis

156 1035 183 1061 et
203 1034 428 1063 manifestationis
449 1034 526 1062 nobis
546 1033 686 1062 exhibitae
707 1035 734 1061 et
754 1032 782 1060 in
803 1030 881 1060 nobis
904 1030 998 1058 factae.

157 1096 193 1100 —
208 1080 239 1108 Et
253 1080 281 1108 si
301 1080 396 1108 obiicit
417 1084 497 1113 tunc,
513 1079 586 1116 quod
601 1079 684 1107 Filius
698 1078 745 1107 Dei
760 1081 801 1107 est
815 1077 903 1107 factus
918 1077 1000 1105 homo

156 1126 189 1155 de
211 1135 296 1160 novo,
318 1130 345 1155 et
366 1126 450 1155 homo
471 1126 536 1154 dicit
563 1125 682 1163 aliquid,
704 1125 777 1163 quod
808 1127 849 1153 est
876 1124 903 1152 in
925 1124 984 1161 ipso
992 1135 999 1159 ;

156 1171 318 1208 dicendum,
339 1173 413 1210 quod
435 1172 517 1202 homo
538 1173 713 1210 praedicatur
737 1173 771 1201 de
802 1170 867 1200 Filio
894 1171 1000 1200 ratione

160 1220 269 1249 unionis
288 1220 407 1249 'duarum
429 1223 593 1249 naturarum
615 1221 642 1249 in
663 1228 746 1249 unam
768 1218 952 1258 hypostasim3
973 1221 1000 1247 et

157 1267 231 1301 ideo,
247 1275 309 1296 cum
325 1268 395 1296 unio
410 1268 518 1297 dicatur
532 1276 581 1305 per
595 1267 707 1296 modum
723 1266 862 1296 relationis
876 1268 903 1295 et
917 1265 1002 1303 possit

157 1314 270 1351 attribui
302 1315 383 1344 alicui
414 1315 447 1344 de
474 1324 545 1344 novo
571 1315 676 1352 absque
703 1310 855 1343 mutatione
882 1313 952 1343 sacta
973 1313 1000 1342 in

157 1362 231 1399 ipso,
253 1362 299 1391 sed
321 1362 410 1391 solum
431 1366 544 1400 propter
566 1362 745 1391 mutationem
759 1361 857 1389 factam
872 1361 899 1389 in
914 1361 1001 1389 altero

158 1412 297 1443 extremo,
312 1409 384 1438 sicut
398 1412 472 1446 patet
492 1409 519 1438 in
540 1409 641 1437 dextro
661 1411 688 1437 et
709 1407 819 1436 sinistro
830 1407 856 1434 ³:
872 1407 936 1435 hinc
950 1409 1000 1441 est,

158 1456 232 1493 quod
252 1456 335 1485 Filius
355 1456 402 1485 Dei
424 1456 458 1485 de
478 1464 549 1484 novo
569 1456 657 1484 factus
677 1457 718 1483 est
737 1455 819 1482 homo
839 1454 897 1482 sine
911 1457 1001 1482 mutaa

158 1504 231 1532 tione
251 1511 384 1539 personae
400 1494 547 1536 aeternae,
568 1509 605 1531 ex
625 1501 682 1530 sola
703 1501 854 1530 mutatione
885 1504 1001 1530 naturae

158 1553 312 1584 assumtae,
334 1558 405 1587 quae
425 1549 508 1579 simul
529 1549 646 1577 formata
665 1548 718 1577 fuit
738 1551 765 1577 et
796 1548 886 1577 Verbo
910 1548 1000 1584 unita3

158 1600 185 1626 et
206 1597 277 1625 sicut
298 1596 418 1625 Verbum
441 1588 495 1624 non
516 1598 642 1624 mutatur
663 1595 691 1624 in
711 1595 785 1624 illius
806 1598 922 1624 naturae
946 1595 1001 1623 for—

158 1644 293 1678 matione,
315 1643 353 1672 sic
374 1651 423 1671 nec
444 1643 471 1671 in
492 1642 627 1671 formatae
645 1642 823 1671 assumtione.

237 1692 262 1728 9.
287 1692 330 1719 10.
348 1689 390 1719 ‘Ad
410 1690 479 1718 illud
500 1690 574 1727 quod
594 1690 724 1719 obiicitur
744 1690 778 1719 de
809 1688 1001 1724 habitatione,

157 1738 231 1776 quod
253 1738 326 1767 Deus
346 1745 396 1774 per
417 1737 533 1775 gratiam
560 1737 655 1775 incipit
685 1745 744 1766 esse
772 1737 799 1766 in
831 1737 1001 1774 poenitente3

157 1785 321 1819 dicendum,
343 1784 416 1822 quod
437 1784 541 1822 aliquid
561 1784 663 1814 dicitur
683 1793 743 1814 esse
757 1785 785 1813 in
799 1785 892 1821 aliquo
913 1783 1002 1820 dupli-

158 1833 241 1862 citer:
264 1832 307 1860 vel
328 1831 380 1865 ita,
401 1831 476 1868 quod
496 1831 531 1860 ab
552 1831 611 1868 ipso
635 1832 728 1869 aliquo
758 1832 840 1860 modo
869 1830 1003 1868 dependet

160 1883 187 1909 et
208 1887 257 1916 per
282 1878 350 1907 illud
378 1878 552 1907 contrahitur
579 1881 606 1907 et
633 1878 778 1913 definitum
799 1882 827 1907 et
847 1878 921 1916 quod
952 1878 1004 1907 hoc

159 1926 240 1956 modo
261 1926 355 1963 incipit
386 1934 445 1965 esse
476 1926 503 1954 in
535 1926 627 1963 aliquo
652 1928 777 1954 mutatur
808 1934 844 1954 ex
865 1926 911 1954 illa
931 1926 1004 1954 ince-

158 1974 251 2011 ptione
271 1976 299 2002 et
320 1976 448 2002 movetur
467 1973 502 2002 ad
522 1976 629 2002 motum
651 1972 738 2007 illius,
752 1972 779 2001 in
795 1981 851 2010 quo
865 1976 918 2008 est;
933 1973 1005 2002 sicut

159 2023 234 2058 patet
254 2020 288 2049 de
309 2020 457 2049 existentia
477 2019 641 2049 universalis
661 2019 689 2048 in
714 2019 873 2056 particulari
898 2023 926 2048 et
949 2020 1005 2048 for-

161 2076 222 2097 mae
250 2067 422 2096 inunateria
448 2070 476 2096 et
503 2067 582 2096 locati
610 2067 637 2095 in
669 2066 728 2095 loco
755 2069 782 2095 et
809 2066 956 2095 accidentis
977 2067 1005 2095 in

161 2115 293 2144 subiecto.
315 2114 390 2143 Deus
411 2117 503 2143 autem
525 2114 563 2143 sic
584 2117 625 2143 est
646 2113 674 2142 in
694 2112 822 2141 creatura
842 2121 892 2150 per
913 2121 1005 2143 essen-

160 2163 228 2192 tiam
249 2165 277 2191 et
298 2161 489 2195 influentiam,
510 2161 584 2199 quod
604 2161 662 2198 ipse
690 2168 705 2188 a
736 2163 864 2189 creatura
883 2169 938 2189 non
958 2161 1005 2190 de-

161 2210 272 2248 pendet·
288 2217 339 2239 nec
367 2209 394 2238 in
419 2217 452 2238 ea
473 2211 629 2238 coarctatur
650 2215 700 2237 nec
721 2207 867 2245 definitum
889 2211 916 2237 et
929 2208 1005 2243 ideo,

161 2257 235 2295 quod
256 2257 353 2300 incipit
375 2256 500 2285 habitare
522 2256 548 2284 in
569 2255 674 2292 aliquo,
696 2254 746 2283 hoc
769 2262 823 2283 non
837 2258 878 2283 est
892 2259 1006 2292 propter

162 2305 343 2334 mutationem
366 2304 466 2333 factam
488 2303 514 2331 in
536 2303 610 2339 ipso,
632 2301 679 2330 sed
704 2301 791 2330 solum
821 2301 847 2330 in
879 2305 1007 2332 creatura

162 2353 206 2381 vel
227 2352 254 2380 in
276 2351 421 2380 influentia
448 2350 554 2384 media,
582 2349 687 2377 ratione
712 2348 791 2377 cuius
811 2348 912 2378 dicitur
932 2349 1006 2379 Deus

161 2399 190 2428 in
211 2396 343 2428 creatura
363 2398 488 2427 habitare
508 2396 541 2425 de
556 2404 635 2429 nom,
650 2403 748 2424 novam
770 2396 872 2425 scilicet
890 2397 1006 2434 gratiam

162 2445 313 2475 influendo
337 2461 373 2465 —
395 2443 541 2477 Similiter,
572 2450 636 2471 cum
665 2442 699 2471 sit
730 2442 757 2471 in
788 2446 930 2479 creatura,
951 2453 1006 2474 non

163 2496 294 2522 movetur
309 2496 400 2521 tamen
416 2491 449 2520 ad
464 2493 570 2519 motum
585 2489 680 2526 ipsius
695 2489 766 2518 sicut
781 2489 842 2524 illa,
857 2490 889 2519 de
904 2491 1006 2528 quibus

227 2680 235 2693 ¹
254 2682 371 2710 Quatenus
380 2683 428 2705 scil.
437 2683 491 2706 dis-it
504 2688 636 2706 mensuram
646 2680 766 2704 cuiuslibet
778 2681 904 2705 durationis
917 2687 1006 2707 creatae

164 2723 187 2742 et
204 2726 253 2742 non
270 2723 358 2743 tantum
376 2723 507 2750 corporales
523 2728 573 2750 res,
589 2721 630 2744 sed
647 2721 715 2743 etiam
732 2720 825 2748 spiritus
840 2719 933 2750 respicit
942 2732 948 2751 ;
965 2725 1006 2746 cfr.

163 2759 188 2781 11.
206 2760 268 2782 Sent.
284 2760 308 2783 d.
325 2761 347 2784 2.
364 2767 388 2790 p.
402 2762 419 2787 1.
436 2768 457 2785 a.
474 2763 496 2784 2.
513 2769 536 2791 q.
554 2762 575 2784 i.

226 2796 235 2810 ⁹
254 2799 313 2822 Vide
329 2800 345 2823 Ι.
362 2801 424 2824 Sent.
441 2802 463 2824 d.
482 2802 518 2823 te.
535 2808 558 2830 q.
580 2801 597 2823 t.
613 2812 644 2817 -
661 2800 695 2822 De
710 2799 785 2822 modis
796 2800 906 2823 existendi
919 2807 963 2831 per
975 2808 1007 2826 es-

163 2836 265 2861 sentiam
282 2842 325 2862 etc.
342 2841 383 2863 err.
400 2840 456 2863 ibid.
473 2841 495 2863 d.
514 2840 551 2863 37.
568 2846 591 2868 p.
608 2840 623 2862 1.
640 2845 660 2861 a.
678 2839 700 2861 3.
716 2845 740 2867 q.
756 2839 778 2861 2.
794 2851 826 2856 —
841 2840 937 2863 Interius
953 2848 1007 2864 cum

164 2876 182 2899 Α
203 2878 323 2905 posuimus
338 2885 381 2909 per
398 2879 514 2911 gloriam,
530 2886 573 2909 pro
591 2885 637 2908 quo
655 2878 691 2900 aiii
704 2883 749 2907 per
766 2877 877 2908 qratiam.

227 2914 236 2928 ¹³
256 2917 348 2946 Boeth.,
365 2919 394 2942 de
411 2919 475 2942 Trin.
492 2925 512 2942 c.
529 2918 558 2941 5:
576 2919 624 2946 Age
641 2917 714 2945 enim,
730 2920 773 2939 stet
789 2918 924 2947 quisquam,
937 2920 957 2942 ei
970 2920 1009 2948 igi⁷

165 2958 203 2978 tur
220 2956 238 2978 si
256 2957 365 2980 accedam
382 2959 472 2986 dexter,
483 2959 526 2981 erit
542 2957 578 2981 ille
594 2957 685 2980 sinister
701 2956 731 2979 ad
742 2963 779 2979 me
791 2961 950 2987 comparatus;
961 2966 1009 2982 non

1052 234 1117 263 (licit
1139 234 1333 271 Philosophus,
1349 237 1420 271 quod
1448 238 1648 267 «moventibus
1670 240 1759 274 nobis,
1782 250 1894 271 moven-

1053 283 1099 309 tur
1126 290 1158 309 ea
1182 290 1252 318 quae
1278 282 1304 313 in
1327 283 1404 311 nobis
1425 287 1489 312 sunt
1504 297 1530 318 u,
1556 294 1606 322 pro
1633 295 1665 315 eo
1686 289 1759 325 quod
1781 289 1838 326 ipse
1866 289 1893 318 in

1053 330 1180 356 creatura
1201 337 1254 356 non
1276 328 1408 366 dependet
1435 340 1483 360 nec
1505 337 1661 363 coarctatur
1682 343 1731 364 nec
1753 336 1892 365 delinitur.

1054 374 1127 403 Unde
1155 375 1225 404 sicut
1246 376 1339 404 radius
1366 381 1407 406 est
1428 378 1453 406 in
1475 380 1552 414 aere,
1579 389 1627 409 nec
1656 385 1745 411 tamen
1767 387 1894 412 movetur
1907 384 1986 403 3¹¹¹¹¹¹²-

1053 421 1086 450 ad
1107 422 1179 451 aeris
1200 426 1317 456 motum;
1333 424 1403 453 sicut
1417 426 1507 454 anima
1522 427 1547 455 in
1563 428 1684 464 qualibet
1699 432 1777 465 parte
1798 438 1894 467 corpo-

1054 469 1092 497 ris
1113 472 1183 503 tota,
1206 478 1254 498 nec
1283 473 1371 499 tamen
1397 476 1522 501 movetur
1550 475 1582 503 ad
1614 479 1719 504 motum
1748 477 1894 507 cuiuslibet

1054 515 1153 553 partis,
1174 517 1239 553 quia
1260 526 1313 546 non
1335 517 1360 546 in
1379 519 1500 555 qualibet
1520 521 1662 550 delinitur:
1686 523 1724 551 sic
1743 527 1769 552 et
1791 523 1817 552 in
1834 532 1896 560 pro-

1055 563 1142 600 posito
1170 564 1375 602 intelligendum
1403 569 1451 595 est.
1483 567 1512 595 Et
1540 576 1588 604 per
1611 569 1661 597 hoc
1690 572 1763 606 patet
1784 577 1896 607 respon-

1054 610 1094 639 sio
1114 611 1147 639 ad
1169 619 1306 648 praesens.
1323 629 1359 633 -
1375 613 1406 641 Et
1425 613 1453 642 si
1466 614 1595 649 obiim'at,
1618 617 1690 653 quod
1712 625 1764 646 non
1789 619 1896 647 videtur

1055 657 1235 694 intelligibile,
1250 659 1323 700 quod
1344 660 1446 697 aliquid
1462 661 1496 689 sit
1515 661 1541 690 in
1556 662 1647 699 aliquo
1669 663 1895 701 inseparabiliter,

1055 712 1105 733 nec
1126 708 1375 735 tamenxmoveatur
1396 707 1429 735 ad
1450 708 1509 736 eius
1524 710 1715 748 mutationem5
1737 711 1895 746 dicendum,
1909 712 2020 756 ᾞξζῇξῡ

1055 751 1128 788 quod
1156 752 1223 781 illud
1245 753 1396 790 intelligere
1417 762 1579 791 possumus,
1608 757 1629 785 si
1655 757 1737 786 simul
1765 758 1897 796 intelliga-
2008 750 2012 755 ⁵

1055 806 1118 827 mus
1132 798 1219 828 Deum
1233 800 1484 837 simplicissimum
1504 806 1531 831 et
1545 803 1726 832 immensum.
1742 806 1811 841 Quia
1824 806 1896 835 enim

1056 845 1214 874 immensus
1234 850 1290 881 est,
1323 848 1361 876 sic
1389 852 1430 877 est
1460 849 1554 884 intra,
1580 850 1653 887 quod
1683 853 1807 886 σπίνω,-
1834 853 1899 889 quia

1054 891 1290 929 simplicissimus
1303 897 1357 928 est,
1373 895 1530 925 nullatenus
1550 896 1632 926 distat
1646 906 1662 926 a
1676 906 1705 927 se
1719 898 1790 935 ipso,
1812 907 1898 936 quan-

1056 941 1203 976 tacumque
1225 941 1259 969 sit
1274 941 1300 969 in
1316 942 1413 977 rebus,
1428 943 1455 971 in
1470 944 1573 980 quibus
1586 948 1640 980 est,
1663 946 1755 975 localis
1772 946 1900 975 distantia

1055 987 1082 1012 et
1103 986 1246 1021 separatio.
1270 987 1301 1015 Et
1316 988 1379 1016 hinc
1393 992 1447 1023 est,
1469 990 1543 1026 quod
1563 995 1820 1030 quantumcumque
1842 1001 1899 1027 reS,

1055 1030 1082 1058 in
1104 1031 1205 1068 quibus
1226 1033 1299 1062 Deus
1313 1038 1367 1068 est,
1382 1035 1570 1073 intelligantur
1583 1039 1701 1073 mutari,
1716 1040 1792 1067 nullo
1806 1040 1899 1074 modo,

1055 1084 1105 1106 nec
1127 1085 1157 1106 re
1174 1086 1224 1107 nec
1244 1080 1397 1115 intellectu,
1413 1082 1525 1118 ponitur
1539 1091 1575 1111 ex
1591 1084 1642 1112 hoc
1657 1085 1731 1113 Deus
1751 1086 1899 1114 mutabilis.

1056 1124 1084 1152 ln
1106 1125 1178 1153 omni
1200 1125 1273 1154 enim
1294 1131 1370 1155 motu
1392 1131 1419 1156 et
1439 1129 1590 1158 mutatione
1611 1138 1721 1159 necesse
1739 1135 1780 1160 est
1801 1132 1900 1161 intelli-

1056 1179 1120 1209 gere
1150 1180 1291 1201 accessum
1312 1177 1339 1202 et
1371 1182 1523 1209 recessum,
1555 1183 1585 1204 ac
1616 1185 1666 1213 per
1697 1178 1748 1206 hoc
1779 1179 1900 1215 aliquam

1055 1218 1211 1248 distantiam
1232 1223 1436 1256 extremorum;
1457 1222 1531 1258 quod
1552 1223 1710 1252 nullatenus
1727 1225 1790 1261 poni
1813 1228 1901 1262 potest

1056 1266 1130 1294 circa
1149 1275 1208 1295 esse
1234 1266 1371 1301 divinum,
1393 1276 1443 1297 nec
1467 1277 1521 1306 per
1548 1277 1577 1298 se
1602 1277 1651 1298 nec
1679 1278 1728 1307 per
1750 1272 1900 1306 accidens,

1056 1320 1120 1342 cum
1142 1313 1224 1342 simul
1245 1314 1280 1343 sit
1301 1314 1440 1344 infinitum
1461 1319 1488 1344 et
1509 1316 1635 1354 simplex.
1657 1317 1689 1346 Et
1710 1318 1770 1347 ideo
1797 1318 1901 1348 fallitur

1057 1360 1102 1389 hic
1124 1361 1280 1399 imaginatio
1302 1362 1469 1399 phantasiae.

1138 1409 1180 1436 11.
1206 1409 1249 1437 12.
1265 1409 1302 1437 Ad
1316 1409 1385 1437 illud
1399 1410 1473 1447 quod
1487 1410 1616 1440 obiicitur
1626 1411 1660 1441 de
1667 1415 1813 1450 potestate,
1828 1413 1903 1450 quod

1056 1463 1111 1484 non
1132 1455 1267 1493 quidquid
1287 1456 1376 1493 potuit
1396 1460 1501 1494 potest;
1522 1457 1682 1494 dicendum,
1709 1459 1784 1496 quod
1804 1460 1903 1497 aliquis

1057 1502 1158 1531 dicitur
1172 1511 1230 1531 ‘non
1248 1511 1333 1540 posse
1346 1504 1434 1541 quod.
1440 1504 1537 1541 potuit
1548 1504 1710 1542 dupliciter:
1733 1506 1776 1535 vel
1790 1509 1903 1543 propter
1911 1506 2018 1526 ”mm-

1057 1548 1194 1578 defectum
1222 1550 1342 1587 aliquem
1372 1550 1614 1580 subintroductum
1639 1560 1676 1581 ex
1704 1556 1782 1589 parte
1808 1553 1902 1590 ipsius

1054 1596 1198 1633 potentiae
1218 1596 1408 1633 producentis,
1435 1598 1477 1626 vel
1498 1601 1611 1635 propter
1637 1599 1817 1629 mutationem
1839 1608 1903 1629 con-

1057 1642 1166 1671 ditionis
1187 1651 1223 1671 ex
1238 1639 1315 1679 parte
1330 1644 1424 1680 ipsius
1435 1644 1591 1681 possibilis.
1607 1646 1685 1682 Quod
1699 1646 1771 1675 enim
1787 1650 1828 1676 est
1842 1655 1904 1684 pos-

1058 1689 1136 1718 sibile
1157 1694 1184 1718 et
1205 1698 1302 1719 verum
1324 1691 1395 1719 effici
1417 1694 1506 1728 potest
1526 1692 1693 1729 impossibile
1711 1701 1761 1730 per
1782 1694 1821 1722 rei
1843 1702 1905 1723 mu—

1059 1736 1203 1772 tationem;
1219 1736 1290 1765 sicut
1311 1746 1355 1766 me
1368 1746 1427 1766 non
1448 1738 1560 1776 leyzlcse,
1575 1742 1723 1777 antequam
1745 1740 1848 1777 legam,
1863 1743 1905 1770 est

1059 1791 1174 1818 verum,
1190 1784 1237 1813 sed
1258 1788 1404 1822 postquam
1419 1785 1524 1823 legero,
1545 1786 1648 1815 sactum
1663 1790 1704 1816 est
1724 1787 1905 1824 impossibile,

1059 1831 1133 1868 quod
1154 1831 1256 1860 dicitur
1277 1831 1451 1869 impossibile
1461 1841 1516 1870 per
1537 1833 1687 1867 accidem;
1707 1834 1782 1871 quod
1809 1835 1904 1870 etiam,

1060 1881 1091 1907 ut
1105 1878 1170 1907 dicit
1190 1876 1359 1916 Augustinus
1380 1883 1476 1909 contra
1489 1881 1620 1910 Faustum
1630 1881 1651 1916 ⁶,
1673 1884 1714 1910 est
1728 1882 1784 1911 Deo
1804 1882 1906 1919 impos-

1060 1926 1153 1961 sibile,
1175 1926 1241 1964 quia
1261 1927 1329 1956 illud
1346 1936 1430 1965 posse
1451 1936 1505 1957 non
1520 1931 1561 1957 est
1582 1929 1731 1966 potentiae,
1751 1930 1798 1959 sed
1819 1930 1906 1967 magis

1060 1973 1251 2011 impotentiae,
1273 1982 1336 2003 cum
1358 1975 1392 2004 sit
1413 1978 1509 2004 contra
1522 1973 1665 2005 *summam
1687 1977 1846 2012 veritatem,
1868 1977 1907 2005 fa-

1061 2028 1123 2050 cere
1145 2021 1262 2056 scilicet,
1290 2021 1364 2059 quod
1385 2022 1453 2056 tuit,
1481 2025 1627 2060 postquam
1648 2023 1715 2058 suit,
1737 2032 1791 2052 non
1812 2024 1905 2052 fuisse.

1062 2067 1196 2104 Quoniam
1227 2061 1293 2106 ergo
1323 2068 1415 2097 divina
1441 2069 1563 2106 potentia
1593 2077 1702 2107 semper
1733 2070 1907 2099 uniformiter

1061 2118 1236 2152 perseverat,
1264 2123 1456 2153 quaecumque
1477 2119 1504 2144 et
1532 2116 1745 2154 qualiacumque
1765 2120 1791 2146 et
1819 2117 1907 2155 quod-

1061 2170 1181 2199 cumque
1210 2166 1237 2192 et
1264 2166 1487 2201 quantacumque
1519 2164 1608 2200 potuit
1639 2167 1667 2193 et
1697 2172 1771 2193 nunc
1801 2168 1906 2202 potest,

1061 2213 1197 2247 quantum
1224 2213 1266 2239 est
1296 2210 1330 2239 de
1359 2219 1403 2244 se;
1430 2211 1496 2248 quia
1527 2218 1593 2239 vero
1623 2211 1710 2240 multa
1736 2221 1807 2241 vera
1837 2212 1907 2241 facta

1063 2260 1128 2286 sunt
1158 2258 1240 2292 falsa,
1274 2261 1301 2286 et
1328 2257 1482 2294 possibilia
1512 2258 1583 2287 sacta
1613 2262 1678 2287 sunt
1709 2259 1905 2297 impossibilia:

1062 2304 1126 2333 hinc
1157 2307 1213 2339 est,
1245 2304 1319 2342 quod
1344 2308 1479 2342 quantum
1508 2308 1549 2334 est
1577 2313 1613 2334 ex
1641 2310 1727 2343 parte
1757 2307 1905 2345 ipsorum,

1062 2359 1116 2380 non
1137 2359 1329 2389 quaecumque
1353 2351 1443 2389 potuit
1462 2355 1569 2391 potest,
1597 2353 1662 2390 quia
1682 2362 1737 2382 non
1757 2362 1906 2390 quaecum—

1062 2407 1116 2436 que
1144 2398 1265 2436 fuerunt
1293 2399 1432 2436 possibilia
1458 2402 1526 2428 swnc
1547 2400 1701 2437 possibilia,
1730 2404 1756 2429 et
1778 2401 1829 2430 hoc
1851 2409 1905 2430 non

1062 2453 1112 2483 per
1143 2446 1322 2475 mutationem
1350 2446 1423 2475 circa
1447 2445 1610 2484 efficientem
1625 2447 1636 2464 ⁶
1654 2447 1830 2485 potentia-m,
1859 2447 1907 2477 sed

1062 2492 1136 2528 circa
1153 2492 1306 2530 possibilia
1327 2491 1431 2530 effecta.
1449 2509 1485 2514 -—
1500 2493 1532 2522 Et
1552 2501 1602 2531 per
1626 2494 1678 2523 hoc
1696 2498 1770 2532 patet
1794 2503 1907 2533 respon-

1064 2684 1129 2713 quod
1146 2684 1181 2706 ille
1199 2684 1248 2712 ipse
1265 2684 1354 2707 sinister
1371 2685 1414 2713 sit,
1426 2686 1468 2709 sed
1484 2686 1549 2715 quod
1565 2692 1609 2714 ego
1627 2686 1705 2708 dexter
1716 2685 1851 2708 accesserim
1863 2687 1907 2708 etc.

1063 2723 1109 2747 Csr.
1126 2723 1158 2745 111.
1176 2723 1238 2746 Seut.
1254 2724 1277 2746 d.
1295 2725 1316 2746 Ἰ.
1333 2731 1354 2747 a.
1372 2725 1393 2748 l.
1410 2732 1433 2754 q.
1452 2726 1473 2748 i.
1490 2726 1520 2749 ad
1538 2726 1559 2748 3.

1125 2761 1134 2774 “
1152 2762 1210 2785 Vide
1221 2769 1291 2794 supra
1303 2770 1357 2792 pag.
1370 2765 1394 2787 81
1406 2782 1412 2792 ,
1423 2768 1477 2788 nota
1489 2765 1511 2788 3.
1522 2764 1569 2788 crr.
1585 2765 1601 2787 1.
1618 2764 1680 2786 Seni.
1697 2764 1720 2786 d.
1732 2763 1769 2786 37.
1781 2769 1804 2791 p.
1816 2763 1840 2785 ll.
1852 2769 1872 2785 a.
1885 2763 1907 2786 i.

1063 2809 1087 2831 q.
1096 2803 1118 2824 2.
1129 2814 1160 2819 —
1172 2802 1282 2830 Superius
1294 2809 1336 2831 pro
1344 2810 1472 2833 praesens,
1484 2804 1548 2833 quod
1558 2803 1642 2826 hahent
1654 2803 1671 2825 A
1680 2802 1697 2826 E
1706 2802 1723 2826 G
1731 2819 1736 2829 ,
1751 2802 1787 2825 aiii
1800 2808 1907 2832 sequens.

1126 2839 1136 2853 ⁶
1153 2840 1215 2863 Lihr.
1232 2842 1316 2865 xxw.
1332 2848 1353 2866 c.
1370 2843 1392 2866 4.
1409 2849 1459 2873 seq.
1474 2843 1521 2867 Ctr.
1545 2843 1560 2865 l.
1586 2841 1647 2865 Sem.
1672 2842 1694 2864 d.
1721 2841 1757 2864 42.
1774 2848 1798 2872 q.
1815 2842 1842 2869 3,
1867 2841 1907 2864 ubi

1065 2880 1133 2903 etiam
1151 2880 1200 2908 ipsa
1216 2880 1288 2903 verba
1305 2881 1402 2910 August.
1419 2878 1484 2906 anaia
1501 2884 1566 2910 sunt,
1583 2885 1605 2904 et
1621 2882 1645 2904 d.
1662 2881 1699 2904 Η.
1716 2887 1736 2904 a.
1753 2882 1775 2904 2.
1791 2893 1823 2898 —
1835 2882 1909 2910 Supe-

1065 2920 1113 2943 rius
1130 2919 1228 2942 vocibus
1244 2919 1317 2950 ι’ρεήιε
1332 2921 1452 2951 possibilis
1469 2923 1512 2945 ΑΕ
1522 2922 1540 2944 G
1558 2921 1695 2949 interserunt
1708 2921 1833 2951 potentiae.

1127 2957 1137 2971 ⁶
1153 2959 1259 2987 lta-EG,
1274 2960 1311 2982 alii
1327 2960 1474 2991 effectricem.
