2285 3398
745 135 777 163 {N
797 128 1015 163 HEXAiiMERON
1036 134 1197 162 COLLATio
1218 136 1270 163 xx.

1819 140 1874 169 423

227 210 400 248 Scriptura,
423 212 448 240 5.
472 212 497 240 6.
520 228 557 232 —
579 211 724 246 Secundo,
743 216 862 250 propter
882 212 1026 250 fulgorem
1047 212 1231 249 limpiditatis
1249 214 1437 250 praeclarae,
1461 217 1486 243 7.
1509 232 1545 236 —-
1567 216 1601 244 lu
1629 217 1731 245 anima
1756 221 1876 246 contem-

221 262 334 299 platioa
355 266 388 290 ut
407 263 439 291 in
458 262 572 300 speculo
592 263 797 295 describuntur
817 264 893 292 miro
913 263 996 292 morlo
1017 263 1162 298 mundae,
1193 264 1308 302 quilibet
1331 266 1454 302 spiritus
1481 267 1609 296 caelestis
1633 271 1658 296 et
1684 268 1743 304 ipse
1770 269 1875 297 radius

223 313 530 351 supersubstantialis,
553 315 578 342 8.
595 331 632 335 —
654 314 763 348 Tertio,
781 317 901 352 propter
920 313 1064 352 fulqorem
1087 314 1325 351 inflammatimzis
1346 317 1494 353 vivificae,-
1514 322 1608 358 status
1626 322 1753 356 quatuor
1767 319 1798 347 in
1812 319 1876 348 ani-

223 365 296 399 mis,
312 366 337 393 9.
355 381 390 386 —
407 365 447 393 De
464 364 593 402 perfecta
614 365 863 402 contemplatione,
881 367 923 394 10.
943 366 985 394 11.
1003 381 1038 386 -—
1056 365 1191 402 Epilogus
1209 367 1305 403 partis
1328 368 1355 401 l,
1374 369 1416 396 12.
1434 384 1469 388 —
1486 369 1549 397 Pars
1565 369 1591 397 ll.
1609 370 1646 397 De
1665 370 1784 398 secundo
1802 370 1875 398 obie-

223 418 266 444 cto
287 416 343 444 sive
363 415 396 444 de
418 416 633 445 consideratione
653 416 794 445 militantis
815 416 955 445 Ecclesiae.
979 416 1056 444 Haec
1077 416 1245 453 intelligitur
1262 427 1316 454 per
1337 418 1427 446 lucem
1449 419 1582 448 lunarem
1601 424 1720 456 propter
1735 420 1875 457 triplicem

224 467 383 501 rationem,
409 467 451 495 13.
468 483 504 487 —
521 467 640 501 Primo,
659 471 778 504 propter
799 466 1003 505 refulyenliam
1024 467 1234 496 subobscuram
1255 468 1313 496 siue
1333 469 1537 506 symbolicam,
1555 471 1597 498 Μ.
1615 472 1666 500 lli.
1683 488 1720 492 —-
1735 471 1874 505 Secundo,

220 521 340 555 propter
361 517 567 555 ‘refulqentiam
587 518 763 546 excessiuam
783 515 1046 547 sioe'eestatieam:
1066 519 1099 547 (Ie
1121 518 1192 547 luna
1213 522 1244 547 ut
1265 519 1439 548 mirabiliter
1460 521 1560 552 erescit
1581 525 1605 549 et
1625 522 1771 550 minuitur
1778 533 1788 556 ;
1809 522 1875 559 ipsa

222 568 370 605 siqnificat
390 569 480 597 vitam
501 569 628 597 activam
649 572 674 597 et
694 569 960 607 contemplativam,
985 570 1078 598 16-19.
1104 587 1138 590 -
1167 570 1276 604 Tertio,
1306 574 1424 608 propter
1454 570 1658 609 resitlgycntiam
1689 573 1873 608 ordinatam,

224 621 268 648 20.
288 637 320 640 Α
338 620 491 657 Epiloyus,
508 621 553 648 21.
569 636 607 640 -—
623 620 687 648 Pars
702 620 740 648 ΙΙΙ.
757 620 794 649 De
810 620 890 649 tertio
910 620 1016 649 obiecto
1031 621 1087 650 sive
1101 621 1134 649 de
1149 621 1363 650 consideratione
1385 622 1482 650 inentis
1505 623 1639 651 humanae
1662 624 1874 653 liierarchizatae

223 675 249 699 et
269 671 302 699 de
323 671 549 708 contemplatione
570 671 642 699 circa
664 671 730 699 haec
752 672 804 700 tria
824 672 938 700 obiecta.
961 672 1038 701 Hace
1059 672 1250 701 consideratio
1282 672 1451 709 intelliyitur
1476 682 1529 710 per
1555 674 1651 702 stellas
1658 685 1668 707 ,·
1696 675 1799 712 triplex
1826 684 1874 703 ra-

223 722 330 755 diatio,
353 724 398 751 22.
420 738 457 743 —
473 722 609 750 Radiatio
630 722 782 756 mansi'oa,
805 723 850 752 23.
867 740 903 743 —
919 723 1054 752 Radiatio
1075 724 1196 757 decora,
1219 724 1263 752 24.
1286 741 1325 745 —
1347 724 1482 752 Ilacliatio
1504 725 1650 759 iucunda,
1666 726 1711 753 25.
1729 742 1764 746 —
1781 726 1874 763 Epilo-

221 782 277 810 yus
294 773 545 810 praecedentium,
568 773 613 801 26.
639 790 672 793 —
696 773 852 811 Scriptura
873 774 907 802 cle
931 774 994 802 viro
1026 774 1241 811 contemplativo
1263 773 1331 803 llaec
1363 775 1422 803 tria
1453 776 1672 813 contemplante,
1695 778 1740 805 27.
1770 778 1814 806 28.
1837 794 1874 798 ——

225 825 374 868 Quaedam
395 824 426 853 in
449 823 624 862 Apocalypsi
644 824 837 861 eaeplicantur,
859 826 904 854 29.
929 843 963 845 —
987 826 1026 854 De
1047 819 1147 854 ‹irtline
1167 826 1384 863 contemplativo
1405 826 1435 854 ‘in
1455 831 1534 855 sexto
1556 830 1695 864 tempore,
1718 828 1762 856 30.

227 978 247 1004 1.
272 976 352 1005 Dixti
373 980 467 1005 alitem
492 976 581 1004 Deus:
602 975 675 1012 fi'ant
697 976 859 1004 luminaria
877 976 908 1004 in
928 976 979 1013 fir-

12 1026 285 1051 mummio.memento
307 1023 379 1051 caeli
398 1027 422 1051 et
442 1023 575 1051 dividant
595 1022 667 1051 diem
691 1032 726 1052 ac
740 1026 865 1056 noctem‚·
879 1026 905 1051 et
921 1023 980 1051 sint

142 1070 173 1098 iu.
193 1070 279 1107 siqua
300 1073 324 1097 ct
346 1073 475 1106 tempora
496 1073 521 1098 et
540 1069 600 1097 (lies
615 1073 641 1097 et
654 1078 755 1098 annos.
775 1070 806 1097 Et
819 1067 888 1105 fecit
904 1070 978 1097 Deus

142 1116 199 1144 cluo
222 1125 330 1154 »zctyua
351 1116 531 1144 luminaria:
554 1116 700 1144 luminare
719 1116 833 1149 maius,
848 1119 879 1143 ut
891 1124 977 1152 prae-

141 1166 210 1191 esset
230 1163 302 1196 (liei,
324 1167 349 1190 et
370 1163 516 1191 luminare
535 1163 650 1196 minus,
673 1167 706 1191 ut
723 1166 867 1200 praeesset
887 1162 976 1195 nocti,

140 1214 165 1238 et
184 1210 287 1238 stellas.
312 1210 345 1237 Et
362 1210 461 1246 posuit
481 1217 530 1237 eas
561 1209 592 1237 iu.
618 1209 801 1245 firmamento
832 1208 919 1243 caeli,
946 1213 977 1236 ut

141 1256 264 1285 lucerent
291 1265 379 1293 super
400 1259 510 1284 terram
517 1266 527 1289 ;
548 1259 572 1283 et
601 1256 672 1284 vidit
701 1256 790 1295 Deus,
812 1256 888 1293 quod
909 1259 978 1283 esset

140 1303 252 1331 bonum.
279 1304 311 1331 Et
330 1302 444 1340 filetum
464 1306 505 1331 est
524 1297 638 1339 vespere
658 1306 684 1331 et
696 1304 797 1336 niam,
813 1302 872 1330 (lies
887 1311 976 1340 quar<

140 1351 215 1378 tus¹.
239 1350 346 1378 Dictum
367 1353 408 1378 est
430 1357 529 1386 supra,
551 1349 624 1386 quod
657 1349 732 1376 Deus
763 1349 840 1376 dedit
863 1349 977 1377 Danieli

139 1396 507 1434 intelliyentiam*omnium
528 1395 688 1428 visionum:
708 1398 735 1423 et
760 1395 901 1423 occasione
916 1395 975 1423 eius

137 1443 279 1472 distinctae
311 1445 375 1472 sunt
402 1450 451 1471 sex
482 1442 599 1470 visiones
620 1441 864 1478 correspondentes
885 1442 976 1478 operi-

138 1491 189 1519 bus
210 1498 259 1519 sex
280 1490 396 1519 dierum.
420 1505 455 1510 -
476 1489 553 1517 Nunc
573 1488 717 1517 dicendum
740 1491 781 1517 est
801 1488 834 1517 de
859 1491 974 1525 quarta,

137 1538 239 1567 scilicet
261 1536 451 1574 intelligentiae
478 1545 529 1573 per
559 1535 824 1573 contemplationem
855 1544 974 1573 suspeu-

132 1593 193 1619 sae.
225 1602 263 1606 —
293 1584 344 1613 Sed
374 1583 595 1621 intelligendum,
631 1583 704 1620 quod
741 1584 811 1612 hanc
841 1584 973 1612 visionem

137 1632 230 1661 nullus
251 1632 347 1665 habet,
369 1631 419 1660 nisi
449 1631 483 1659 sit
503 1630 550 1659 vir
577 1630 789 1659 desideriorum
802 1631 822 1664 ²,
844 1638 894 1659 nec
927 1639 973 1667 po-

135 1681 188 1707 test
208 1686 267 1707 eam
288 1678 390 1707 habere
411 1677 462 1706 nisi
484 1685 532 1714 per
547 1685 676 1713 magnum
701 1677 876 1706 desiderium.
899 1677 973 1705 Unde

136 1726 271 1754 psalmus:
297 1725 415 1754 Gustate
443 1727 466 1752 et
497 1724 600 1757 videte,
632 1724 771 1762 quoniam
801 1724 903 1752 suavis
934 1728 974 1752 est

135 1773 284 1801 Dominus.
308 1772 398 1800 Primo
418 1771 483 1800 dicit
505 1774 628 1808 9ustate.
657 1771 759 1799 Gustus
783 1771 855 1800 enim
882 1771 973 1800 suavis

135 1827 188 1847 non
209 1821 262 1852 est,
284 1818 335 1846 nisi
358 1817 503 1854 praecedat
529 1818 666 1854 appetitus
697 1817 839 1854 gustabilis
870 1818 911 1846 vel
940 1818 972 1846 ad

135 1866 268 1903 gustabile
289 1864 502 1901 suscipiendum.

213 1914 238 1941 2.
262 1913 329 1940 Haec
350 1914 442 1940 autern
463 1910 641 1947 intelligentia
654 1918 704 1947 per
717 1911 972 1948 contemplationem

7 1956 116 1984 Haecvis'io
135 1968 267 1997 suspensa
287 1959 368 1987 datur
389 1958 501 1995 intelligi
523 1965 572 1994 per
599 1965 668 1994 opus
695 1962 819 1996 quartae
846 1959 904 1987 diei
911 1982 919 1992 ,
945 1959 971 1987 in

0 1989 189 2044 iigssffffiffii-qua
216 2005 362 2034 luminaria
389 2005 459 2033 facta
487 2007 558 2032 sunt.
592 2004 685 2032 Anima
716 2008 808 2033 autem
840 2005 885 2033 illa
916 2006 969 2033 sola

134 2061 183 2090 per
204 2052 459 2089 contemplationem
481 2058 613 2088 suspensa
633 2053 689 2084 est,
705 2059 775 2088 quae
790 2051 872 2080 habet
886 2051 970 2080 solem

134 2103 160 2129 et
181 2100 275 2128 lunam
296 2102 323 2128 et
350 2099 442 2127 stellas
470 2099 497 2126 in
528 2098 700 2127 firmamento
727 2106 785 2126 suo.
808 2098 969 2133 Considera,

133 2146 213 2175 modo
234 2146 255 2175 si
277 2154 331 2174 non
353 2149 424 2174 esset
445 2145 484 2174 sol
512 2148 539 2174 et
560 2145 624 2173 luna
652 2147 679 2173 et
707 2145 799 2174 stellae
829 2145 857 2173 in
878 2145 969 2173 firma-

132 2196 239 2227 mento,
261 2193 327 2230 quid
348 2196 419 2221 esset
440 2192 575 2221 mundus?
596 2192 653 2221 Non
674 2195 745 2221 esset
765 2192 816 2221 nisi
835 2192 967 2229 quaedam

134 2248 222 2269 massa
243 2239 401 2273 tenebrosa,
423 2239 488 2276 quia
508 2239 589 2267 etiam
610 2247 666 2267 nox
688 2247 750 2267 cum
776 2239 878 2268 lumine
899 2239 968 2268 side-

132 2295 195 2316 rum
215 2287 306 2315 adliuc
334 2286 479 2315 tenebrosa
509 2288 536 2314 et
563 2286 703 2315 horribilis
729 2289 778 2315 est.
810 2286 853 2315 Sic
873 2290 914 2315 est
934 2287 967 2315 de

131 2334 229 2363 anima.
251 2334 326 2370 Quae
347 2333 419 2362 enim
440 2341 494 2361 non
516 2333 597 2361 habet
621 2333 736 2370 gratiam
764 2334 967 2371 contemplatio-

132 2381 174 2410 nis
198 2383 239 2410 est
268 2381 339 2409 sicut
369 2380 574 2408 firmamentum
604 2379 662 2408 sine
692 2380 888 2415 luminaribus;
920 2381 967 2409 sed

132 2436 203 2466 quae
223 2428 305 2457 habet
325 2430 366 2456 est
387 2427 592 2455 firmamentum
612 2429 739 2455 ornatum
761 2427 919 2456 luminibus.
936 2428 967 2456 Et

131 2474 202 2503 sicut
222 2474 312 2503 differt
339 2473 444 2502 caelum
474 2481 528 2501 non
555 2472 659 2502 habens
686 2473 753 2502 haec
778 2473 923 2502 luminaria
950 2483 966 2502 a

132 2521 206 2550 caelo
226 2521 357 2555 habente,
372 2520 411 2549 sic
424 2520 514 2548 anima
528 2528 582 2548 non
596 2519 712 2555 habens,
726 2520 760 2549 ab
774 2521 864 2549 anima
877 2521 966 2558 dispo-

131 2568 183 2596 sita
203 2568 236 2596 ad
257 2568 323 2601 hoc;
345 2567 417 2596 unde
437 2566 528 2595 differt
548 2566 619 2595 sicut
638 2567 754 2604 Angelus
774 2576 790 2596 a
810 2568 903 2596 bestia.
919 2568 966 2597 Be-

193 2809 200 2823 ¹
217 2809 273 2831 Gen.
295 2808 315 2836 t,
339 2807 417 2830 it-to.
438 2807 535 2835 Vulgata
556 2807 621 2835 plura
643 2807 760 2831 interserit.
780 2821 811 2826 —
832 2810 964 2832 Immediate

130 2850 182 2877 post
197 2848 308 2875 allegatur
323 2846 379 2869 Dan.
396 2846 417 2874 t,
435 2845 472 2868 ⁴7.
488 2848 511 2868 et
526 2845 647 2874 respicitur
663 2846 735 2869 collat.
752 2847 774 2870 3.
789 2854 812 2870 n.
829 2849 866 2870 22.
882 2854 947 2878 seqq.

191 2885 201 2899 ²
217 2887 273 2909 Dan.
289 2886 311 2914 9,
328 2885 364 2908 23.
381 2884 425 2908 Cfr.
442 2891 511 2913 supra
533 2891 587 2913 pag.
604 2885 656 2914 296,
672 2888 724 2908 nota
742 2886 763 2909 1l.
779 2899 810 2904 —
827 2887 877 2916 Seq.
900 2888 963 2910 locus

130 2929 164 2950 est
178 2927 214 2949 Ps.
230 2926 271 2954 33,
288 2925 310 2947 9.
399 2931 405 2936 ’

222 2973 248 2997 8.
264 2973 352 2996 Romu.
368 2983 399 2988 —
416 2971 483 2994 Tom.
496 2971 528 2994 .V.

1037 976 1122 1005 stialis
1142 980 1183 1005 est
1204 977 1285 1005 homo
1313 985 1408 1005 carens
1440 977 1482 1006 nis
1503 980 1529 1006 et
1557 978 1660 1006 liabens
1681 978 1775 1007 faciem
1799 978 1874 1007 incli-

1037 1026 1126 1051 natam
1147 1023 1181 1051 ad
1202 1027 1303 1052 terram
1325 1024 1396 1053 sicut
1416 1025 1530 1059 animal;
1552 1025 1710 1061 sed-plenus
1725 1025 1874 1054 luminibus

1036 1073 1076 1097 est
1098 1072 1171 1097 totus
1192 1070 1330 1106 angelicus
1345 1070 1364 1098 ³.
1659 1072 1660 1075 ’

1105 1116 1139 1151 ,3.
1156 1117 1183 1144 ln
1198 1120 1298 1153 quarto
1311 1117 1354 1145 dic
1369 1117 1432 1145 fecit
1446 1118 1519 1145 Deus
1531 1118 1614 1146 solem
1626 1120 1652 1146 et
1664 1118 1757 1146 lunam
1771 1121 1798 1146 et
1810 1119 1872 1146 stel-
1906 1129 1943 1154 >nst
1963 1129 2013 1147 eima

1036 1164 1090 1196 las,
1112 1164 1177 1200 quia
1198 1164 1264 1192 baec
1286 1164 1354 1192 visio
1373 1167 1414 1192 est
1433 1164 1619 1200 principaliter
1633 1164 1706 1192 circa
1720 1164 1784 1192 tria:
1800 1165 1872 1193 circa
1885 1153 2014 1201 ffiflsss'ffissi'ssi

1036 1210 1202 1238 luculentam
1233 1210 1477 1239 considerationem
1512 1210 1638 1239 caelestis
1672 1198 1978 1246 l1ierarehiae,¹⁰“¹¹”³‘¹'

1034 1256 1107 1284 circa
1132 1256 1299 1284 luculentam
1327 1257 1572 1285 considerationem
1599 1257 1753 1286 militantis
1782 1258 1873 1286 Eeele-

1033 1303 1108 1336 siae,
1124 1303 1195 1331 circa
1212 1303 1378 1331 luculentam
1394 1303 1637 1333 considerationem
1652 1305 1755 1333 mentis
1769 1303 1873 1334 buma-

1032 1358 1087 1378 nae
1108 1349 1351 1378 lu'erarclzizatae.
1374 1351 1428 1379 Nisi
1449 1351 1520 1379 enim
1544 1351 1701 1388 speculetur
1723 1360 1871 1389 supernam

1033 1396 1220 1424 monarchiam
1241 1399 1268 1425 et
1288 1400 1452 1426 contueatur
1472 1397 1633 1427 descensum
1656 1398 1788 1428 Ecclesiae
1803 1399 1872 1428 mili-

1034 1443 1115 1471 tantis
1135 1444 1169 1471 ab
1190 1452 1221 1471 ea
1242 1447 1268 1472 et
1289 1452 1367 1473 suam
1390 1444 1475 1481 ipsius
1496 1445 1696 1475 hierarchicam
1717 1447 1872 1476 adornatio-

1033 1497 1111 1523 nem,
1133 1498 1275 1527 nunquam
1296 1490 1349 1519 erit
1370 1492 1591 1528 contemplativa;
1613 1492 1660 1521 sed
1675 1495 1739 1522 tunc
1761 1493 1871 1522 habebit

1033 1537 1121 1565 lucem
1142 1537 1282 1571 solarem,
1304 1537 1438 1566 lunarem
1459 1542 1486 1566 et
1505 1539 1656 1568 stellarem.
1680 1540 1769 1569 Prima
1783 1541 1870 1569 consi-

1031 1584 1136 1612 deratio
1157 1587 1333 1620 comparatur
1348 1585 1401 1613 luci
1416 1585 1524 1620 solari,
1546 1586 1665 1615 secunda
1686 1587 1740 1615 luci
1754 1587 1869 1622 lunari,

1032 1631 1112 1659 tertia
1133 1631 1187 1659 luci
1208 1630 1326 1659 stellari.
1356 1631 1424 1659 llaec
1454 1632 1546 1660 anima
1572 1635 1613 1661 est
1641 1633 1723 1668 felix,
1750 1642 1821 1670 quae
1841 1643 1870 1662 se

1031 1681 1178 1706 contuetur
1200 1681 1337 1706 ornatam
1358 1681 1384 1706 et
1405 1678 1571 1707 conformem
1594 1679 1633 1707 illi
1659 1680 1821 1715 Ierusalem,
1842 1684 1870 1710 et

1031 1724 1229 1753 biera-rebium
1241 1724 1437 1759 illustratam,
1453 1725 1555 1754 scilicet
1568 1727 1733 1763 angelicam,
1752 1730 1779 1756 et
1792 1727 1867 1756 bier-

1031 1770 1163 1799 archiam
1187 1771 1395 1805 illustrantem,
1417 1772 1520 1801 scilicet
1539 1772 1662 1801 divinum
1683 1774 1868 1811 principatum

1031 1826 1220 1855 personarum.

1109 1865 1134 1893 b..
1157 1865 1307 1893 Luculenta
1327 1873 1392 1902 ergo
1413 1866 1593 1895 consideratio
1607 1867 1734 1896 caelestis
1748 1877 1867 1897 monar—
1892 1879 1938 1906 ears
1951 1880 1968 1907 ι.ι
1981 1880 2007 1907 pe

1030 1911 1111 1940 eliiae
1131 1912 1297 1941 assimilatur
1318 1913 1372 1941 luci
1392 1913 1486 1941 solari
1505 1917 1618 1950 propter
1633 1914 1768 1952 triplicem
1784 1916 1867 1945 ratio·
1880 1908 2008 1946 Ξῖὲᾞεῗέἷὲἷ

1030 1967 1104 1987 nem:
1120 1962 1233 1996 propter
1248 1959 1381 1997 fulgorem
1392 1960 1536 1997 puritatis
1547 1961 1738 1999 praecipuae,
1753 1966 1866 2000 propter
1898 1974 2006 2001 nespoqdet

1029 2006 1163 2043 fulgorem
1184 2006 1367 2043 limpiditatis
1383 2007 1573 2045 praeclarae,
1596 2012 1708 2049 propter
1729 2009 1865 2047 fulgorem
1874 1997 2004 2040 ἒῌῖᾏῗῗὲῖἓέῗὺ

1029 2052 1268 2089 inflammationis
1288 2053 1427 2091 vivificae.
1450 2055 1518 2084 Haec
1540 2055 1592 2084 tria
1614 2056 1696 2085 liabet
1716 2056 1762 2085 illa
1776 2058 1864 2086 consi-

1027 2099 1139 2128 deratio.

1105 2147 1130 2174 3.
1153 2147 1263 2176 Ratione
1284 2148 1365 2184 primi
1387 2151 1427 2177 est
1442 2157 1565 2178 summae
1579 2149 1718 2187 dignitatis
1732 2154 1759 2179 et
1773 2152 1865 2180 excel·
1878 2161 1932 2181 nano
1947 2162 1962 2180 i.

1027 2193 1138 2227 lentiae,
1167 2202 1237 2230 quae
1265 2194 1348 2223 habet
1374 2195 1524 2231 puritatem
1555 2199 1582 2224 et
1612 2199 1653 2225 est
1683 2197 1808 2234 elongata
1828 2198 1863 2227 ab

1025 2240 1098 2268 omni
1120 2240 1192 2269 faece
1213 2241 1405 2278 corruptionis.
1428 2242 1465 2271 De
1486 2243 1538 2271 ista
1557 2243 1677 2280 puritate
1699 2244 1864 2274 Ecclesiasti-

1024 2288 1111 2316 cus4:
1134 2287 1216 2316 Sicut
1234 2288 1278 2316 sol
1297 2288 1394 2317 oriens
1415 2289 1445 2317 in
1466 2290 1618 2319 altissimis
1641 2291 1708 2325 Dei,
1730 2291 1772 2319 sic
1798 2301 1863 2322 mu-

1025 2333 1104 2362 lieris
1125 2334 1214 2362 bonae
1233 2335 1338 2372 speeies
1366 2336 1397 2364 in
1423 2340 1627 2365 ornamentum
1653 2338 1758 2366 domus
1781 2347 1861 2367 suae.

1024 2381 1093 2409 Haec
1112 2382 1197 2410 verba
1217 2383 1383 2411 conveniunt
1407 2386 1533 2413 aeternae
1561 2384 1708 2421 sapientiae
1728 2388 1755 2414 et
1776 2386 1861 2414 menti
1894 2397 1990 2420 Sapientia

1023 2430 1134 2457 aeterna
1161 2429 1292 2466 sapientia
1319 2429 1478 2460 illustratae.
1509 2431 1553 2459 Est
1580 2431 1652 2460 enim
1678 2432 1749 2460 sicut
1769 2432 1809 2460 sol
1830 2422 1993 2462 ίηξῶῬΡωωΓ

1023 2474 1187 2509 altissimiS,
1208 2484 1261 2504 non
1282 2479 1396 2514 propter
1417 2477 1590 2514 positionem,
1606 2478 1671 2515 quia
1691 2479 1731 2507 sol
1752 2487 1805 2507 non
1820 2481 1862 2508 est

1022 2522 1102 2550 altior
1122 2523 1250 2552 omnibus
1267 2523 1395 2560 planetis,
1410 2524 1457 2553 sed
1471 2524 1514 2553 sol
1526 2524 1627 2553 dicitur
1641 2525 1803 2554 altissimus
1816 2535 1860 2555 ra-

1024 2569 1095 2598 tione
1116 2569 1276 2598 altissimae
1296 2571 1456 2608 puritatis,
1477 2572 1658 2601 actualitatis
1681 2576 1709 2601 et
1736 2573 1859 2602 lumino-

1081 2809 1090 2822 ⁸
1106 2810 1150 2834 Cir.
1166 2813 1270 2840 August„
1286 2813 1301 2835 1.
1317 2812 1346 2835 de
1367 2813 1423 2835 Gen.
1439 2815 1515 2836 contra
1539 2813 1634 2836 Manich.
1651 2819 1670 2836 e.
1688 2814 1724 2836 47.
1740 2820 1763 2836 n.
1781 2815 1817 2836 28.
1834 2816 1856 2836 et

1018 2850 1055 2873 Vl.
1071 2850 1101 2873 de
1117 2851 1172 2883 Gen,
1188 2850 1218 2873 ad
1235 2851 1265 2874 lit.
1283 2857 1303 2874 c.
1320 2852 1356 2874 42.
1373 2858 1396 2875 n.
1413 2853 1450 2875 22.

1080 2887 1090 2901 ⁴
1106 2888 1162 2917 Cap.
1178 2890 1220 2918 26,
1237 2890 1274 2913 2⁴.
1291 2891 1387 2919 Vulgata
1405 2894 1457 2920 post
1473 2891 1550 2915 oriens
1571 2892 1676 2920 adiungit
1696 2891 1793 2915 mundo.
1809 2891 1853 2915 Cn&

1018 2934 1087 2956 supra
1105 2934 1159 2957 pag.
1176 2929 1234 2958 392,
1251 2933 1303 2952 nota
1321 2931 1342 2953 2.

1730 2977 1760 3000 54
