2285 3398
300 737 362 760 Sexta.

378 137 433 165 2:58

378 226 397 246 a
420 217 511 250 mato,
533 216 606 253 quod
627 216 658 243 fit
673 223 721 252 per
743 214 881 243 timorem.
901 214 1014 243 Necesse
1035 214 1118 243 etiam
1138 214 1221 242 habe-

378 271 440 292 mus
460 262 584 299 expediri
606 262 640 290 ad
658 261 869 299 proficiemlum
891 260 923 289 in
944 260 1015 289 bono
1035 260 1156 297 duplici:
1179 260 1221 288 vel

377 309 563 343 necessitatis,
586 309 627 337 vel
648 307 922 345 supererogationis.
938 308 1016 337 Circa
1036 308 1157 345 primum
1171 314 1221 334 ex-

378 358 504 394 pedimur
524 355 744 394 pergscicntiam
764 359 792 384 et
809 356 960 393 pictatem,
982 356 1019 384 ita
1037 355 1111 392 quod
1132 361 1220 383 unum

377 408 418 434 est
433 404 569 440 dirigens,
584 406 611 432 et
624 402 699 431 aliud
713 410 885 440 exsequens;
900 402 974 432 circa
987 402 1139 431 secundum
1149 424 1156 435 ,
1171 408 1220 436 per

378 451 531 480 consiliam
553 450 673 486 dirigens
688 453 715 478 et
729 457 778 486 per
792 448 992 487 fortitudinem
1012 450 1219 485 exsequentem.

378 499 490 526 Necesse
511 497 592 525 etiam
616 496 749 525 habemus
769 496 912 534 quiescere
933 496 964 524 in
984 496 1100 532 optimo,
1119 497 1146 522 et
1167 494 1219 522 hoc

377 546 512 581 quantum
540 543 574 571 ad
603 543 773 571 intellectam
797 542 854 571 veri
883 545 910 571 et
940 545 1075 579 quantum
1096 540 1130 569 ad
1151 538 1219 577 affc-

378 595 453 619 ctam
478 590 557 624 boni;
579 590 700 627 primum
729 591 760 619 fit
787 598 836 627 per
864 589 967 618 donum
992 588 1156 620 intellectas,
1178 594 1220 615 se-

378 637 500 666 cundum
521 645 570 675 per
591 637 694 666 donum
715 636 885 674 sapientiae,
907 636 934 664 in
955 644 1011 672 qno
1031 638 1073 663 est
1092 634 1180 671 quies.

455 686 554 719 Sexto,
576 684 609 713 ad
630 683 833 721 expeditionem
859 683 884 711 in
907 681 1123 719 contemplando
1150 680 1222 708 dona

377 732 495 770 Spiritus
516 732 599 760 sancti
630 734 694 760 sunt
715 731 742 759 in
771 729 925 767 septenario
946 737 1070 757 numero.
1100 728 1167 756 Nam
1187 726 1222 755 ad

377 780 461 809 vitam
490 778 690 808 hierarchicam
717 780 744 806 et
771 776 1011 813 contemplativam
1036 774 1222 804 necessarium

377 829 418 856 est
438 826 557 855 animam
576 824 720 862 purffltri,
749 823 916 852 illuminari
935 825 963 851 et
986 822 1090 859 perlici
1101 822 1120 849 ¹.
1143 821 1221 849 Pur-

375 874 446 912 ραν-ι’
472 876 564 901 autem
586 874 694 908 oportet
713 879 729 899 a
753 869 989 907 concupiscentia,
1010 877 1026 897 a
1046 868 1166 902 malitia,
1181 868 1222 909 'ab

377 920 546 958 ignorantia,
567 919 602 947 ab
630 917 788 946 intirmitate
818 924 868 945 seu
900 915 1074 952 impotentia;
1100 915 1222 951 primum

376 968 440 996 facit
459 967 555 999 timor,
571 964 723 994 secundum
737 963 845 1001 pietas,
861 963 974 992 tertium
988 962 1123 996 scientia,
1138 970 1222 999 quar-

377 1018 436 1044 tum
457 1013 607 1051 sortiimlo.
630 1010 801 1040 Iliamiizari
820 1012 913 1039 autem
934 1009 1088 1046 indigemus
1108 1008 1136 1037 iu
1158 1016 1222 1045 ope-

378 1062 455 1090 ribus
476 1059 657 1097 reparationis
678 1061 705 1087 et
726 1057 874 1095 primariae
901 1056 1078 1090 conditionis;
1100 1055 1222 1092 primum

377 1109 422 1137 dat
444 1107 613 1140 consiliant,
636 1105 789 1135 secundum
810 1104 974 1133 intellectus
1001 1102 1109 1139 Persici
1129 1105 1222 1131 autem

378 1156 511 1184 hahemus
533 1162 581 1191 per
603 1160 743 1182 accessum
764 1151 798 1180 ad
819 1159 975 1184 summum,
997 1149 1071 1187 quod
1100 1148 1223 1178 consistit

379 1203 405 1231 in
426 1210 497 1235 uno,
520 1204 547 1230 et
568 1201 619 1229 hoc
641 1208 689 1236 per
716 1199 820 1227 donum
841 1197 1000 1234 sapientiae
1007 1207 1017 1230 ‚·
1038 1200 1065 1225 et
1086 1196 1124 1224 sic
1145 1203 1222 1224 arca-

379 1257 446 1278 num
468 1246 703 1284 contemplationis
733 1254 749 1273 a
777 1245 830 1273 lato
851 1246 1060 1273 consununatur
1090 1243 1169 1280 quasi
1194 1242 1221 1271 in

1012 135 1220 173 BREVlLOQUIl
1242 135 1321 164 PARS
1343 135 1372 162 V.
1395 134 1422 162 C.
1446 135 1486 163 vi.

1638 213 1703 241 CAe.
1726 214 1767 242 Vl.

1280 305 1318 341 Dc
1339 305 1552 342 ramificaiionc
1571 306 1687 343 yratiae
1709 307 1739 335 ‘iu
1757 306 1874 335 liabitas
1895 308 2120 343 beatitudinum,

1359 355 1383 381 ιί
1401 361 1455 389 pcr
1476 361 1649 391 consequeus
1670 353 1827 391 fracticum
1847 357 1871 382 ci
1891 363 2038 383 sen-sumn.

1355 446 1393 475 De
1415 446 1611 475 ramilicatione
1624 449 1717 475 autem
1738 447 1842 483 gratiae
1858 447 1883 475 in
1906 447 2017 476 habitus
2036 447 2122 476 beati—

1276 493 1413 521 tudinum
1434 494 1501 522 haec
1523 493 1639 522 tenenda
1659 496 1740 527 sunt,
1762 493 1836 530 quod
1852 497 1957 530 septem
1978 497 2042 523 sunt
2057 494 2121 523 bea·
2134 502 2263 528 septenum-
2282 510 2284 513 .

1277 539 1428 573 titudine-5,
1460 549 1529 577 quas
1554 540 1677 569 Salvator
1702 543 1846 569 enumerat
1877 540 1903 568 in
1935 549 2061 570 sermone
2088 541 2122 570 de

1277 589 1369 615 monte
1380 586 1391 603 ⁶
1412 587 1514 616 scilicet
1525 591 1688 625 paupertas
1702 587 1844 624 spiritus,
1861 587 1986 621 militas,
2009 588 2120 622 luccas,

1277 632 1387 661 esuries
1409 633 1549 668 iustitiae,
1570 634 1788 667 misericordia,
1809 634 1958 662 munditia
1978 635 2074 663 cordis
2096 637 2123 663 et

2150 526 2245 545 titudincs.
2283 533 2284 546 1

1274 688 1346 717 pax.
1360 695 1396 700 —
1412 680 1448 708 id
1471 680 1519 709 has
1533 681 1715 710 beatitudines
1736 684 1848 718 proptei·
1864 682 1906 709 sui
1929 680 2123 718 perfectionem
2134 688 2237 707 Duodecim

1277 729 1304 755 et
1326 726 1522 763 plenitudinem
1541 727 1684 756 duodecim
1705 727 1823 765 fructus
1845 727 1974 764 Spiritus
1994 731 2022 757 et
2041 728 2123 765 quin-

2147 713 2217 730 fructu:

1277 782 1332 811 que
1353 782 1455 802 sensus
1468 774 1637 811 spirituales
1658 778 1879 811 consequuntur;
1895 775 1943 812 qui
1958 784 2012 803 non
2027 775 2123 804 dicunt
2166 782 2250 806 Quinque

2102 822 2106 826 ,
2135 810 2200 824 sensus
2215 811 2252 829 51η-

1278 829 1363 849 novos
1384 820 1516 855 liabitas,
1532 821 1578 850 sed
1591 825 1686 849 statas
1707 821 1918 850 delectationum
1933 825 1960 850 et
1980 831 2053 850 usas
2068 830 2122 859 spi·
2136 829 2219 848 rituales.

1278 868 1420 896 ritualium
1442 868 1672 904 speculationum,
1693 868 1795 905 quibus
1816 868 1958 904 replentur
1979 871 2007 897 et
2027 877 2122 897 conso-

1279 915 1371 943 lantur
1392 914 1506 950 spiritus
1528 914 1651 943 virorum
1672 910 1818 943 iustorum.

1357 962 1433 990 ilatio
1453 965 1544 990 autem
1560 962 1593 990 ad
1614 961 1821 998 intelligentiam
1836 961 2040 998 praedictorum
2055 963 2122 991 haec
2135 969 2253 996 nomam...

1278 1011 1333 1037 est:
1356 1009 1433 1046 quia,
1455 1017 1518 1037 cuin
1534 1009 1720 1046 reparativuin
1742 1008 1908 1045 principium
1927 1008 1962 1037 sit
1983 1009 2122 1045 perfectis-

1279 1055 1380 1084 simum
1393 1058 1420 1084 et
1441 1055 1636 1092 perfectissime
1660 1055 1847 1092 reparativum
1866 1058 1893 1084 et
1914 1055 2122 1084 reformativum

1279 1110 1328 1138 per
1348 1102 1451 1130 donum
1472 1102 1641 1139 gratuitum;
1668 1102 1728 1131 ideo
1748 1102 1852 1139 gratiae
1878 1102 1981 1130 donum
2002 1102 2037 1130 ab
2065 1102 2122 1138 ipso

1278 1157 1393 1177 manans
1414 1148 1562 1177 liberaliter
1583 1152 1610 1178 et
1630 1148 1739 1178 abunde
1762 1148 1908 1177 ranulicari
1929 1149 2010 1177 debet
2034 1157 2122 1185 usque

1278 1195 1311 1223 ad
1330 1184 1444 1223 ¹habitus
1459 1195 1670 1231 perfectionum,
1685 1196 1747 1233 qui,
1768 1203 1832 1224 cum
1847 1195 1894 1224 tini
1915 1195 2122 1232 approximent,

1279 1245 1354 1271 recto
1376 1241 1509 1270 vocabulo
1539 1245 1736 1279 nuncupantur
1767 1250 1802 1270 ex
1834 1242 1944 1271 nomine
1972 1242 2121 1271 beatitudi-

2153 993 2235 1011 dinibus.

274 1394 365 1418 Septima.

1280 1298 1367 1321 ἈΝΉΗ
1388 1296 1508 1325 quarum
1529 1288 1718 1326 sufficientia,
1739 1298 1881 1318 vitiiiicras
1902 1292 1929 1318 et
1949 1289 2020 1318 ordo
2048 1289 2264 1343 ⁰⁰¹li'guffl*{1¹22}‘'1¹1'¹'

2246 1326 2264 1338 1..

1278 1337 1353 1374 gitur
1374 1345 1410 1364 ex
1444 1336 1603 1372 iaicgyricale
1625 1335 1833 1376 perfectionis,
1853 1345 1889 1365 ex
1910 1337 2004 1365 modis·
2027 1336 2262 1374 perse-pnetranonc.

1278 1384 1407 1412 ciiouum
1427 1387 1454 1411 et
1474 1391 1510 1412 ex
1532 1382 1769 1420 dispositionibus
1790 1383 1830 1411 acl
1847 1383 2058 1420 perfectiorwm.

1358 1430 1447 1458 l‘rinio
1468 1430 1552 1466 igitur
1566 1429 1599 1457 ad
1622 1429 1812 1466 iutegritatem
1825 1429 2010 1466 perfectionis
2031 1430 2123 1467 requi-
2136 1437 2199 1455 Prima
2216 1440 2263 1455 rann

2157 1465 2179 1478 ex
2195 1461 2263 1484 triplici

1279 1478 1351 1506 ritur
1372 1476 1525 1505 necessario
1540 1474 1678 1513 perfectus
1699 1484 1825 1503 recessus
1846 1484 1866 1503 a
1881 1476 1971 1509 maio,
1987 1476 2125 1513 perfectus
2158 1484 2228 1502 radice.

379 1295 471 1325 cubito
483 1295 501 1322 2.

457 1341 576 1377 Septimo
603 1339 737 1376 denique,
765 1338 799 1366 ad
826 1338 1028 1374 expeditionem
1056 1338 1083 1366 in
1112 1337 1222 1366 actione

378 1392 403 1417 et
427 1387 661 1423 contemplatione
692 1388 795 1422 septem
823 1384 923 1413 debent
950 1392 1009 1413 esse
1036 1384 1107 1412 dona
1138 1384 1222 1420 Spiri-

380 1439 423 1464 tus
444 1434 537 1463 sanrti.
554 1433 620 1461 Nam
641 1431 861 1468 contemplativa
883 1434 995 1468 propter
1016 1431 1221 1459 conversionem

377 1482 411 1511 ad
432 1481 592 1509 Trinitatem
615 1479 667 1507 tria
690 1478 770 1507 debet
799 1478 901 1506 habere
928 1477 999 1505 dona
1026 1477 1221 1514 expedientia:

378 1532 513 1566 quantuni
529 1527 562 1554 ad
584 1525 767 1554 reverentiam
783 1524 944 1558 maiestatis,
966 1524 1114 1557 timorcm;
1136 1533 1222 1561 quan-

379 1578 438 1604 tum
459 1574 492 1602 ad
521 1572 726 1609 intelligentiam
754 1571 891 1605 veritatis,
921 1571 1111 1604 intellectuum
1136 1579 1223 1607 quan—

379 1626 438 1651 tum
459 1621 492 1649 ad
509 1628 633 1657 saporem
657 1627 705 1647 seu
720 1621 832 1656 gustum
854 1617 994 1651 bonitatis,
1015 1617 1192 1654 sapientiam
1203 1618 1222 1645 ³.

380 1668 484 1697 Aciiea
506 1675 583 1700 vero,
605 1674 676 1702 quae
698 1668 825 1694 versatur
847 1664 873 1693 in
901 1663 1013 1701 agendis
1033 1668 1060 1692 et
1087 1664 1224 1693 sustinen-

379 1715 436 1748 dis,
457 1714 538 1742 debet
560 1713 661 1741 habere
675 1715 805 1748 quatuor,
826 1711 928 1740 scilicet
946 1710 1080 1747 pietatem
1095 1710 1129 1739 ad
1143 1718 1224 1747 agen-

380 1761 447 1789 dum
475 1763 502 1788 et
522 1758 723 1796 fortitudinem
750 1758 783 1786 ad
805 1758 1011 1791 sustinendum;
1040 1760 1067 1786 et
1093 1757 1226 1786 directiva

381 1807 482 1835 harum
496 1806 632 1838 duarum,
647 1804 749 1833 seilicet
768 1804 918 1832 scientiam
932 1807 959 1832 et
973 1804 1136 1832 consiliam.
1151 1803 1226 1832 Unde

382 1854 447 1891 quia
466 1853 499 1881 ad
514 1851 717 1888 expeditionem
738 1850 892 1879 necessaria
905 1853 947 1878 est
967 1851 1100 1884 directio,
1114 1850 1182 1879 'ideo
1196 1850 1227 1878 sit

382 1900 518 1928 donorum
540 1897 720 1930 combinatio,
742 1899 769 1925 et
796 1897 876 1933 plura
897 1899 962 1925 sunt
988 1896 1060 1925 dona
1087 1896 1121 1925 ad
1148 1896 1227 1925 intel-

384 1947 484 1975 lectum
510 1944 673 1982 spectantia,
695 1943 761 1980 quia
789 1944 838 1971 lux
862 1943 1022 1980 cognitionis
1050 1943 1226 1972 vehementer

384 1993 494 2030 expedit
515 1992 555 2020 ad
576 1991 742 2028 ‹lirigsendos
759 1991 844 2028 pedes
865 1990 896 2018 iu
916 1990 997 2018 viam
1017 1990 1156 2018 rectam⁴.

1276 1533 1430 1561 processus
1462 1524 1491 1552 in
1523 1523 1593 1552 bono
1614 1524 1652 1552 *et
1673 1524 1811 1563 perfectus
1841 1527 1935 1551 statas
1957 1524 1988 1551 ‘in
2008 1525 2122 1561 optimo.

1279 1571 1413 1607 Quoniam
1435 1574 1527 1599 autem
1548 1571 1660 1599 rmaiam
1680 1574 1728 1599 aut
1749 1570 1872 1607 procedit
1892 1578 1928 1598 ex
1949 1573 2057 1599 tumore
2078 1579 2124 1599 su-
2137 1577 2242 1597 staciani.-

1281 1617 1407 1653 perbiae,
1428 1620 1476 1645 aut
1496 1626 1532 1645 ex
1561 1625 1675 1646 rancore
1696 1618 1827 1651 malitiae,
1852 1620 1900 1645 aut
1927 1612 1963 1645 ex
1991 1617 2124 1654 languore

1281 1663 1554 1699 concupiscentiae⁶3
1587 1663 1647 1692 ideo
1667 1664 1700 1692 ad
1732 1664 1852 1700 perfecte
1882 1663 2065 1701 elongandum
2090 1664 2124 1691 ab

1282 1710 1333 1738 hoc
1356 1710 1455 1746 triplici
1477 1718 1576 1747 genere
1597 1711 1661 1739 mali
1683 1714 1738 1740 tres
1763 1714 1828 1740 sunt
1848 1711 2017 1739 necessariae
2039 1711 2123 1739 beati-

1283 1757 1407 1790 tudines,
1429 1756 1531 1785 scilicet
1549 1759 1716 1793 paupertas
1736 1758 1860 1794 spiritus
1880 1758 2010 1795 elongans
2024 1766 2040 1786 a
2053 1758 2125 1786 malo

1284 1803 1414 1837 tumoris,
1436 1803 1547 1831 militas
1567 1804 1697 1840 elongans
1715 1812 1732 1832 a
1751 1805 1823 1832 malo
1838 1804 1975 1838 rancoris,
1990 1807 2018 1833 et
2032 1801 2125 1832 iu'cius

1282 1851 1412 1887 elongans
1432 1859 1448 1878 a
1469 1851 1540 1878 malo
1558 1850 1677 1879 libidinis
1691 1854 1718 1879 et
1740 1851 1880 1888 languoris
1894 1852 2125 1888 concupiscentia-

1284 1897 1324 1926 lis.
1341 1914 1377 1918 -—
1392 1898 1462 1933 Quia
1484 1905 1550 1925 vero
1570 1897 1708 1934 perfectus
1726 1906 1881 1934 processus
1902 1898 2019 1927 inbono
2039 1901 2125 1927 atten-

1282 1943 1358 1972 ditur
1379 1944 1530 1972 secundum
1558 1943 1678 1972 divinam
1705 1944 1897 1978 imitationem,
1927 1948 1954 1973 et
1974 1945 2126 1974 universae

1285 1990 1348 2018 ciac
1371 1990 1487 2022 Domini
1515 1990 1719 2019 misericordia
1749 1994 1772 2019 ci
1803 1992 1950 2020 veritas7:
1981 1992 2043 2021 hinc
2068 1996 2125 2027 est,

450 2297 456 2309 ¹
474 2298 526 2320 <Tu-r
538 2304 607 2325 snpra
626 2303 679 2325 pag.
704 2296 762 2323 225,
779 2298 832 2318 nota
850 2296 871 2317 6.
888 2307 919 2311 —
940 2295 972 2317 De
996 2301 1045 2323 seq.
1070 2295 1227 2323 propositione

386 2338 440 2360 vide
458 2344 527 2365 snpra
545 2336 599 2365 pag.
616 2336 674 2363 234,
692 2338 745 2358 nota
764 2335 785 2357 4.
803 2335 824 2357 in
842 2335 895 2357 tine.

448 2375 457 2396 ².
475 2376 603 2404 Respicitin·
619 2376 675 2397 Gen.
693 2374 773 2402 eslii.
797 2377 819 2396 et
845 2374 884 2401 16,
901 2373 939 2396 ubi
963 2373 1038 2400 agitur
1060 2373 1089 2395 de
1114 2375 1227 2396 structura

387 2422 460 2439 arcae.
479 2416 536 2438 Vide
554 2421 625 2443 supra
642 2421 696 2443 pag.
714 2413 771 2441 495,
788 2416 842 2436 nota
858 2413 881 2435 7.
897 2425 928 2429 —
945 2412 1046 2440 engen„
1063 2412 1146 2435 Homil.
1163 2413 1185 2435 2.
1206 2413 1228 2435 in

387 2456 444 2477 Gen.
456 2461 479 2477 n.
491 2454 517 2476 5:
530 2455 564 2477 Ad
575 2460 646 2476 unum
656 2456 732 2476 autem
743 2453 811 2475 totius
820 2452 1125 2485 constructionisuumerum
1137 2458 1228 2474 summa

387 2497 523 2520 revocatur,
540 2493 593 2522 quia
611 2499 674 2515 unas
691 2493 753 2515 Deus
775 2492 858 2520 Pater,
879 2498 909 2514 ex
927 2497 972 2521 quo
989 2490 1069 2514 οηιηίιι
1087 2490 1114 2520 [l.
1131 2490 1184 2513 Cor.
1201 2491 1227 2518 8,

389 2532 428 2562 6.],
446 2536 468 2562 et
492 2538 555 2555 unus
581 2531 703 2559 Dominus,
721 2531 742 2554 el
760 2537 808 2553 una
827 2531 943 2561 ¹Ecclesiae
959 2530 1015 2560 sides
1033 2533 1079 2557 est,
1098 2536 1171 2553 unum
1192 2529 1228 2553 ba-

385 2571 487 2600 ptisma,
507 2577 581 2593 unum
604 2576 690 2599 corpus
713 2571 734 2593 ei
758 2575 821 2592 uuas
837 2569 936 2598 spiritus
955 2570 1021 2597 [liph.
1039 2569 1065 2596 4,
1083 2568 1104 2591 4.
1121 2568 1190 2598 seq.],
1207 2572 1229 2591 et

389 2611 418 2632 ad
436 2616 507 2632 unum
526 2609 671 2637 perfectionis
696 2609 734 2631 Dei
755 2609 827 2631 tinem
852 2612 932 2630 cuncta
958 2608 1070 2630 festinant.
1091 2608 1158 2636 Ilugo
1175 2614 1187 2629 a
1206 2608 1229 2630 S.

389 2649 455 2676 Vict„
472 2650 487 2671 l.
505 2650 604 2677 Allegor.
630 2649 652 2670 iu
676 2651 743 2671 vetus
768 2651 857 2670 testam.
874 2654 894 2669 c.
922 2648 960 2670 ¹3:
978 2648 1035 2670 Arca
1052 2648 1161 2670 deorsum
1180 2647 1228 2670 tata

389 2690 448 2714 erat,
465 2688 519 2716 quia
538 2687 602 2710 multi
625 2690 678 2709 sunt
694 2687 890 2720 vocam-sursum
915 2686 1010 2714 stricta,
1030 2687 1083 2715 quia
1102 2686 1168 2714 pauci
1187 2686 1228 2707 ele-

389 2726 443 2748 cti...
459 2726 652 2753 Deorsumilaia,
670 2726 724 2754 quia
749 2726 813 2747 multi
838 2727 892 2747 sunt
908 2725 988 2751 actim
1013 2732 1105 2748 sursum
1130 2724 1225 2752 stricta,

390 2765 443 2793 quia
461 2765 528 2793 pauci
546 2765 727 2792 contemplativi.
743 2765 856 2787 Deorsum
873 2764 929 2791 lata,
944 2764 996 2792 quia
1010 2765 1072 2787 inulti
1089 2765 1227 2792 imperfecti,

390 2809 481 2826 sursum
499 2803 594 2829 stricta,
614 2803 667 2832 quia
685 2803 751 2831 pauci
769 2802 870 2831 perfecti.
887 2801 933 2824 Csr.
950 2803 1053 2829 Uri-gor„
1070 2803 1094 2824 ll.
1111 2803 1194 2825 Ilomil.
1206 2802 1227 2824 in

390 2842 471 2863 Ezech.
488 2842 565 2863 homil.
584 2843 604 2864 4.
622 2848 643 2864 n.
663 2842 699 2864 16.
715 2848 765 2870 seq.
780 2854 812 2858 —
827 2842 870 2864 Pro
887 2847 902 2863 α
919 2840 979 2868 lato,
999 2842 1062 2869 quod
1080 2842 1114 2864 lK
1125 2842 1169 2864 LM
1180 2841 1198 2863 Ο
1209 2841 1227 2862 V

391 2881 509 2907 omittunt,
530 2881 535 2902 1
558 2887 679 2909 perperam
696 2880 726 2903 ab
741 2880 803 2908 alto,
820 2886 880 2909 quae
897 2879 964 2901 etiam
982 2886 1035 2901 cum
1053 2880 1103 2902 vat.
1120 2883 1142 2902 et
1159 2881 1171 2902 3
1189 2886 1229 2903 cit-

392 2918 440 2942 bico
458 2925 499 2951 pro
517 2919 592 2942 cubito
611 2920 697 2947 (contra
716 2919 856 2947 Vulgatani).

1346 2293 1355 2307 ³
1372 2295 1418 2318 Cir.
1434 2302 1504 2323 snpra
1522 2302 1576 2326 pag.
1593 2296 1646 2323 210,
1663 2296 1756 2324 nota5.
1772 2308 1803 2312 —
1820 2295 1983 2318 substituimus
2009 2302 2036 2318 ex
2054 2297 2070 2318 B
2087 2303 2125 2319 sa—

1281 2340 1364 2364 porem
1380 2341 1423 2357 sea
1440 2335 1513 2363 (quod
1531 2336 1546 2357 Ρ
1564 2335 1654 2363 omittit)
1668 2341 1710 2363 pro
1723 2335 1825 2363 mistum,
1837 2335 1878 2357 sed
1890 2335 2016 2363 incongrua
2029 2336 2125 2358 lectione

1283 2372 1424 2402 sapientam«.
1440 2373 1496 2396 sive.
1661 2371 1665 2373 ”

1346 2410 1355 2423 ⁴
1372 2412 1426 2434 Luc.
1447 2412 1470 2439 1,
1487 2412 1529 2434 70:
1547 2412 1581 2435 Ad
1599 2413 1732 2440 dirigendos
1749 2412 1821 2440 pedes
1837 2415 1926 2434 nostros
1938 2411 1979 2441 [ita
1997 2416 2019 2435 et
2036 2412 2084 2442 ik]
2103 2413 2125 2435 in

1284 2451 1346 2473 viam
1364 2451 1427 2479 pacis
1444 2450 1485 2480 [itu
1503 2455 1525 2473 et
1542 2452 1565 2479 P,
1577 2452 1630 2474 edd.
1641 2452 1731 2474 rectam
1747 2452 1768 2474 ei
1781 2450 1911 2481 pacis].—
1924 2451 2033 2478 Superius
2050 2452 2125 2479 posui-

1285 2497 1337 2512 mus
1355 2490 1442 2513 aarum
1466 2490 1571 2513 duarum
1589 2492 1634 2513 lide
1652 2482 1752 2519 plurium
1770 2490 1846 2517 codd„
1863 2490 1919 2512 inter
1936 2496 1995 2518 quos
2012 2491 2027 2512 L
2038 2491 2065 2517 Μ,
2083 2497 2125 2519 pro

1259 2545 1261 2551 .
1285 2529 1372 2552 horam
1395 2529 1513 2557 decorum,-
1531 2537 1557 2552 ac
1574 2529 1674 2552 subinde
1690 2536 1717 2552 ex
1734 2530 1779 2558 AQ
1793 2524 1868 2559 p‘lura
1885 2535 1927 2557 pro
1942 2528 2057 2558 plurium.

1347 2567 1357 2580 ⁶
1374 2569 1450 2591 Matth.
1468 2568 1495 2595 5,
1513 2569 1534 2591 3.
1559 2575 1625 2597 seqq.
1641 2581 1672 2585 —
1688 2569 1783 2591 Fructus
1801 2568 1897 2596 Spiritus
1914 2568 1937 2590 S.
1961 2572 2125 2591 enumerantur

1285 2607 1333 2629 Gal.
1351 2607 1372 2634 5,
1390 2608 1427 2629 22.
1444 2613 1492 2636 seq.
1509 2619 1539 2624 —
1557 2608 1620 2636 Quae
1637 2610 1799 2636 proponuntur
1821 2607 1843 2628 in
1865 2607 1908 2628 hoc
1930 2612 1981 2634 cap.
1999 2610 2124 2634 tanguntur

1285 2646 1317 2668 ill.
1336 2647 1397 2669 Sent.
1414 2647 1437 2669 d.
1455 2647 1492 2669 34.
1516 2654 1540 2675 p.
1556 2648 1571 2669 l.
1588 2654 1608 2670 a.
1627 2647 1647 2669 ²1.
1665 2654 1688 2676 q.
1707 2648 1727 2669 i.
1746 2647 1768 2668 in
1794 2647 1849 2670 tine,
1864 2652 1927 2674 corp.
1944 2649 1966 2668 et
1983 2653 2003 2668 a.
2021 2647 2043 2668 2.
2060 2653 2083 2675 q.
2102 2648 2123 2669 l.

1286 2680 1307 2707 in
1326 2686 1371 2708 tine
1388 2692 1451 2714 corp.
1469 2686 1550 2714 Quoad
1561 2682 1685 2708 numerum
1697 2685 1864 2708 beatitudinum
1878 2685 1986 2714 (septem,
2006 2691 2052 2707 non
2063 2687 2123 2714 octo)

1286 2726 1327 2746 cfr.
1346 2724 1400 2747 ibid.
1418 2724 1440 2747 d.
1458 2725 1495 2746 36.
1512 2731 1535 2753 q.
1554 2725 1574 2747 i.
1591 2725 1703 2747 scholion.

1347 2761 1357 2775 ⁶
1374 2763 1420 2785 Cl'r.
1437 2769 1506 2791 supra
1524 2770 1547 2791 p.
1565 2764 1596 2786 lll.
1614 2770 1634 2786 c.
1651 2763 1673 2786 8.

1347 2801 1355 2813 ⁷
1373 2803 1455 2824 Psalm.
1472 2802 1509 2829 24,
1527 2803 1563 2824 40.
1579 2814 1610 2819 --
1627 2802 1737 2830 Superius
1754 2808 1796 2830 pro
1813 2800 2029 2829 concupiscentuzlis
2047 2802 2125 2829 plures

1285 2841 1354 2864 codd.
1370 2841 1407 2863 vel
1424 2833 1620 2870 coucupisccttiis,
1640 2842 1678 2863 vel
1694 2838 1906 2869 concupiscentiae,
1925 2840 1962 2862 vel
1979 2846 2032 2862 eurn
2045 2841 2058 2862 2
2071 2846 2125 2863 cori-

1285 2879 1435 2908 cupiscibilis.
1461 2879 1583 2902 Terminus
1600 2877 1817 2909 concupiscentialis
1834 2879 1857 2899 et
1872 2877 1912 2899 ads
1919 2878 2009 2900 orbium
2027 2879 2125 2901 occurrit

1285 2918 1348 2947 apud
1365 2919 1501 2946 Angustia,
1520 2920 1561 2941 err.
1578 2918 1684 2946 Magister
1701 2918 1724 2940 ll.
1742 2918 1803 2939 Sent.
1821 2916 1844 2938 d.
1861 2916 1936 2939 XXX.
1953 2923 1973 2939 c.
1989 2917 2012 2940 7.

2161 1604 2203 1620 citu.
