2285 3398
171 644 200 663 De
215 644 251 665 via.
265 649 301 667 qna

183 668 287 687 deseendit.

186 1248 299 1267 Notandum.

199 1759 255 1778 natio
267 1759 301 1778 tri·

172 1783 214 1806 plex
229 1783 302 1801 miseri-

172 1806 255 1825 cordiae.

209 2038 301 2059 Secundo,

174 2066 208 2085 per
218 2061 302 2080 Verbum

173 2084 290 2103 crucifixum.

316 189 374 217 458

315 265 425 295 dens'a
442 267 531 295 Patre
552 267 696 295 luminum
707 290 715 300 ,
731 267 812 303 apud
833 275 917 304 quem
932 275 990 294 non
1010 270 1050 294 est
1065 270 1162 296 trans—

316 313 438 341 mutatio
460 322 509 341 nec
530 312 742 341 vicissitudinis
763 311 962 344 obumbratio;
990 312 1036 340 sed
1057 313 1160 349 gratia,

316 362 347 388 ut
366 360 508 388 ostendam
530 360 557 388 in
578 359 774 396 sequentibus,
796 361 837 386 est
857 357 952 386 datum
974 358 1110 395 optimum
1135 362 1162 388 et

314 406 417 435 donum
440 407 591 443 perfectum
608 421 643 425 -
661 408 765 437 totum,
787 404 861 441 quod
882 404 986 438 dicam,
1006 405 1068 433 volo
1089 405 1161 434 ordi-

315 461 381 482 nare
402 453 435 481 ad
457 452 630 490 probandum
653 451 732 479 istam
753 453 905 479 assumtam
920 467 956 471 —-
972 451 1019 479 sed
1034 451 1055 479 si
1074 452 1162 488 gratia

314 502 355 529 est
375 500 471 528 datum
492 498 627 536 optimum
649 500 677 526 et
703 497 806 525 donum
834 497 1004 534 perfectum:
1027 505 1093 534 ergo
1120 501 1162 527 est

314 546 460 575 desursum
475 544 643 573 descendens
664 552 680 572 a
702 544 781 572 Patre
803 543 949 572 luminum.

392 593 417 620 5.
447 591 497 619 Sed
525 599 580 627 qua
608 590 652 618 via
672 589 812 619 descendit
843 590 931 626 gratia
956 590 983 617 in
1014 590 1161 619 homines?

314 638 427 675 Quaerit
455 638 500 666 lob
526 637 620 666 dicens
636 638 662 665 ¹:
685 637 743 665 I'er
774 644 863 675 quam
894 637 975 664 viam
1005 636 1162 674 sparyitur

314 686 381 719 tum,
403 688 428 713 et
447 684 592 713 dividitur
615 688 713 712 aestus
734 693 823 721 super
845 683 980 712 terram?
1003 684 1161 720 Respondeo

313 734 340 760 et
359 731 435 765 dico,
457 730 531 768 quod
552 730 641 767 gratia
661 730 801 759 descendit
829 738 913 766 super
944 731 1051 759 mentes
1078 729 1161 757 ratio-

314 778 388 806 nales
409 786 458 814 per
480 777 603 806 Verbum
624 777 826 810 incarnatum,
843 784 891 813 per
906 776 1029 804 Verbum
1044 775 1161 812 crucili-

171 830 254 872 {iffi}
266 835 300 871 '32³1
312 833 384 853 scum
398 828 425 853 et
440 832 488 861 per
504 824 627 853 Verbum
646 824 835 860 inspiratum.
853 839 888 843 —
905 823 1039 851 Probatio.
1055 822 1161 851 Dicitur

171 878 274 895 cai-natum.

313 872 340 900 in
362 871 498 899 Canonica
526 870 651 899 lacobi²z
681 870 848 898 Voluntaric
874 869 975 906 yenuit
994 877 1047 897 nos
1075 868 1161 897 Verbo

312 918 455 952 veritatis,
470 921 503 946 ut
516 918 610 946 simus
629 917 748 945 initium
769 916 889 954 aliquod
913 918 1068 944 creaturae
1089 915 1159 944 eius.

314 968 362 995 l’er
377 965 500 995 Verbum
522 964 697 993 incarnatum
717 963 858 992 descendit
878 963 912 991 ad
934 971 983 991 nos
1004 962 1081 998 copia
1098 970 1161 999 gra-

314 1013 429 1046 tiarum;
455 1011 528 1040 unde
556 1011 583 1039 in
610 1011 726 1038 Ioanne:
749 1010 789 1038 De
813 1009 992 1046 plenitudine
1019 1009 1081 1037 eius
1108 1017 1161 1037 nos

314 1067 412 1087 omncs
433 1057 599 1094 accepimus
624 1060 648 1085 et
668 1056 801 1094 qratiam
824 1065 881 1093 pro
908 1055 1018 1093 qratia.
1047 1055 1160 1084 Certum

314 1108 375 1140 est,
406 1104 480 1142 quod
510 1104 643 1141 originale
674 1103 858 1140 principium,
890 1102 963 1139 quod
994 1105 1036 1131 est
1067 1102 1159 1135 Deus,

315 1152 425 1190 quando
446 1151 550 1180 creavit
571 1150 710 1179 hominem
732 1150 765 1178 ad
788 1149 933 1186 imaginem
955 1152 982 1177 et
1003 1149 1160 1178 similitudi-

315 1207 376 1227 nem
398 1206 476 1227 snam
495 1198 522 1226 in
541 1200 614 1226 statu
633 1197 813 1230 innocentiae,
828 1196 866 1224 ita
881 1196 1069 1233 propinquum
1084 1203 1160 1224 crea-

317 1245 353 1273 vit
374 1245 451 1273 illum
473 1244 540 1277 sibi,
562 1246 594 1272 ut
611 1251 661 1280 per
682 1243 804 1271 Verbum
820 1243 984 1271 increatum
1001 1241 1160 1270 informabi-

315 1292 347 1320 lis
377 1294 448 1320 esset
480 1291 562 1319 homo
582 1289 771 1327 adgratiam.
805 1290 951 1325 Postquam
983 1296 1049 1317 vero
1077 1289 1161 1316 homo

315 1339 407 1375 lapsus
420 1340 462 1366 est
476 1345 525 1374 per
540 1340 692 1373 peccatum,
708 1335 828 1373 providit
841 1335 934 1363 divina
952 1335 1085 1371 sapientia
1103 1343 1161 1362 mo-

313 1386 378 1414 ‹lum
400 1383 637 1413 condescensionis
658 1391 707 1419 per
729 1383 851 1410 Verbum
874 1382 1082 1415 incarnatum,
1111 1389 1160 1417 per

313 1432 387 1470 quod
408 1432 491 1460 bomo
521 1430 700 1467 adaptaretur
729 1428 763 1457 ad
784 1428 909 1465 gratiam.
933 1428 963 1456 Et
993 1428 1059 1465 quia
1088 1427 1161 1456 istud

314 1480 415 1507 lactum
438 1480 480 1506 est
500 1477 528 1505 in
549 1479 630 1505 utero
655 1474 776 1512 Virginis
796 1474 946 1511 gloriosae,
968 1474 1029 1503 ideo
1056 1474 1160 1502 dictum

313 1528 354 1554 cst
375 1525 415 1554 ei:
439 1525 512 1557 Ave,
542 1522 645 1560 gyratio,
663 1521 767 1558 piena,
800 1521 943 1549 Dominus
973 1521 1106 1553 tecum³;
1134 1524 1161 1549 et

314 1571 457 1608 ¹&postolus
478 1569 579 1598 Paulus
593 1568 690 1596 suadet
710 1567 867 1596 volentibus
882 1567 998 1603 gratiam
1020 1566 1160 1599 obtinere,

315 1621 344 1646 ut
365 1617 496 1646 accedant
516 1615 550 1643 ad
572 1615 703 1643 thronum
726 1613 845 1651 gratiae,
860 1613 887 1641 id
908 1615 950 1641 est
964 1613 998 1641 ad
1020 1612 1161 1649 Virginem

313 1663 469 1700 gloriosam.
483 1662 642 1695 Adeamus,
654 1660 753 1697 inquit,
766 1669 834 1688 cum
844 1659 956 1696 fiducia
968 1659 1008 1687 ad
1023 1658 1160 1687 thronum

312 1710 430 1747 yratiae
448 1708 518 1737 eius.
535 1724 571 1728 —
587 1707 629 1736 Sic
650 1715 716 1744 ergo
737 1707 827 1744 prima
847 1706 916 1735 facie
937 1706 1061 1734 occurrit
1081 1706 1160 1734 nobis

315 1757 406 1785 Pater
433 1754 708 1784 misericordiarum
735 1757 763 1782 et
790 1756 879 1782 mater
907 1753 1159 1782 misericordiarum

314 1806 342 1832 et
355 1802 447 1836 Filius,
462 1801 510 1839 qui
525 1804 566 1830 est
581 1801 630 1829 lux
646 1800 908 1829 misericordiarum.
924 1799 967 1827 Sic
983 1802 1057 1835 patet
1071 1799 1161 1836 prima

314 1849 459 1887 originatio
479 1848 583 1885 gratiae
604 1848 632 1876 in
653 1847 748 1881 nobis,
763 1855 834 1884 quae
855 1846 886 1875 fit
907 1841 957 1883 per
972 1846 1093 1875 Verbum
1116 1846 1160 1874 in-

315 1899 481 1925 carnatum.
496 1895 519 1923 Ο
533 1894 729 1924 infelicissimi!
751 1893 800 1930 qni
821 1893 950 1930 ignorant
963 1893 1035 1921 istud
1052 1893 1160 1921 initium

314 1943 430 1980 gratiam
452 1942 554 1971 babere
575 1949 630 1970 non
651 1943 776 1977 possunt.

394 1990 419 2016 6.
442 1987 582 2021 Secunde,
604 1986 744 2015 descendit
764 1985 852 2023 gratia
866 1985 894 2013 in
910 1993 959 2014 nos
974 1993 1023 2022 per
1039 1985 1160 2014 Verbum

316 2034 501 2071 crucifixum.
524 2034 582 2062 Non
614 2033 704 2061 solum
735 2040 848 2061 eramus
879 2031 963 2068 inepti
990 2032 1023 2060 ad
1045 2032 1160 2069 gratiam

316 2080 517 2118 suscipiendam
538 2082 652 2116 propter
676 2078 857 2116 ignorantiam
878 2078 1035 2107 divinorum
1050 2086 1161 2115 praece-

316 2131 445 2165 ptorum,
460 2127 544 2155 immo
558 2126 640 2155 etiam
662 2128 776 2162 propter
795 2125 983 2153 infirmitatem
998 2128 1121 2153 nostram
1135 2128 1162 2154 et

317 2173 504 2211 impotentiam
520 2175 547 2201 et
561 2171 810 2208 concupiscentiam
833 2174 1024 2199 terrenorum:
1040 2171 1100 2199 ideo
1115 2179 1161 2199 vo-

318 2221 368 2249 luit
382 2220 515 2249 Dominus
536 2226 638 2256 ponere
660 2218 827 2247 fulcimenta.
843 2218 877 2246 Ut
892 2220 1001 2246 sanaret
1017 2217 1162 2254 languores

319 2269 441 2301 nostros,
463 2265 603 2295 descendit
620 2265 650 2293 in
672 2273 722 2294 nos
753 2272 802 2301 per
830 2264 952 2292 Verbum
974 2263 1160 2300 crucifixum.

319 2314 392 2343 Unde
414 2312 558 2350 Apostolus
587 2311 621 2340 ad
653 2311 821 2348 Ephesios4:
846 2311 931 2344 Deus,
952 2310 1004 2347 qvi
1023 2310 1102 2338 dives
1123 2314 1163 2338 est

319 2361 349 2389 in
370 2359 584 2393 misericordia,
603 2362 723 2395 propter
744 2357 869 2386 nimiam
890 2357 1044 2385 caritatem
1064 2365 1162 2391 suam,

318 2416 377 2445 qua
407 2406 507 2435 ditexit
534 2413 605 2438 nos‚·
629 2413 697 2433 cum
728 2412 854 2432 essemus
884 2403 995 2431 mortui
1021 2403 1161 2440 peccatis,

318 2453 531 2489 convivificavit
561 2460 613 2480 nos
646 2450 777 2484 Christo,
808 2449 894 2478 cuius
923 2449 1024 2487 qratia
1055 2449 1164 2478 salvati

382 2650 389 2663 ¹
408 2651 463 2679 Cap.
481 2651 523 2677 38,
541 2651 579 2673 24.

381 2688 390 2702 ²
407 2690 463 2717 Cap.
477 2690 497 2715 i,
514 2690 547 2711 18.
558 2701 589 2705 —
601 2690 654 2718 ch.
672 2690 735 2711 locus
752 2692 787 2712 est
803 2690 864 2711 ioan.
881 2689 902 2715 t,
916 2689 952 2710 45,
970 2687 1073 2710 Subinde
1090 2687 1162 2714 respi-

320 2728 377 2750 citur
389 2728 444 2749 Gen.
459 2728 479 2753 i,
492 2728 533 2749 26:
546 2727 665 2749 Faciamus
682 2727 801 2749 bominem
814 2728 843 2749 ad
856 2727 980 2754 imaginem
998 2729 1020 2748 et
1037 2725 1163 2748 similitudi-

320 2773 373 2788 nem
387 2769 496 2789 nostram.
504 2778 535 2782 —
545 2766 576 2787 De
585 2768 643 2787 statu
654 2766 771 2793 primitivo
781 2767 821 2788 cfr.
830 2767 854 2788 ll.
864 2766 925 2788 Sent.
938 2765 961 2787 d.
970 2765 1007 2787 29.
1017 2771 1037 2787 a.
1046 2766 1067 2787 2.
1077 2771 1100 2793 q.
1112 2765 1131 2786 1.
1141 2766 1164 2788 Q.

382 2803 391 2816 ⁸
408 2804 463 2827 Luc.
481 2805 506 2830 1,
524 2805 561 2826 25⁴.
578 2816 609 2820 —
626 2803 694 2826 llebr.
713 2804 739 2831 4,
754 2805 793 2826 lG:
807 2805 923 2826 Adeamus
940 2809 996 2831 ergo
1013 2809 1066 2825 cum
1079 2803 1162 2825 ssducia

320 2844 349 2866 ad
367 2845 475 2866 thronum
494 2843 592 2870 gratiae,
605 2845 629 2865 ut
641 2843 822 2865 miscricordiam
840 2848 1011 2871 consequamur
1028 2844 1050 2865 et
1066 2842 1163 2870 gratiam

321 2883 466 2905 inveniamus
479 2882 499 2903 in
513 2882 595 2904 auxilio
607 2884 748 2909 opportuno.
767 2882 855 2904 Deinde
870 2882 981 2909 allegatur
998 2882 1022 2904 ll.
1033 2881 1086 2904 Cor.
1099 2881 1107 2903 t
1119 2899 1124 2908 ,
1137 2882 1164 2903 3:

321 2922 385 2944 Pater
410 2920 627 2942 misericordiarum.
644 2932 675 2936 —
698 2919 801 2942 Subinde
823 2920 944 2942 omisimus
969 2920 1164 2948 propositionem,

320 2966 380 2988 quac
397 2959 478 2981 melius
496 2958 626 2981 immediate
647 2961 699 2986 post
716 2959 738 2980 in
756 2959 773 2980 Λ
791 2959 908 2986 repetitur,
925 2959 965 2981 sed
979 2959 1001 2980 in
1018 2959 1033 2980 D
1045 2958 1163 2980 omittitur.

891 190 933 217 DE
957 189 1055 218 DONlS
1076 191 1220 219 SPIRITUS
1241 192 1266 219 S.
1289 191 1452 219 COLLATIO
1474 192 1490 219 1.

1219 268 1294 296 estis.
1317 268 1369 295 Nos
1391 275 1488 296 sumus
1503 268 1631 297 vivificati
1647 269 1756 297 Christo
1771 278 1820 306 per
1834 271 1984 305 Christum,
1999 272 2064 308 quia

1218 314 1345 342 Christus
1376 314 1409 341 de
1441 317 1529 343 morte
1558 315 1758 351 triumphavit;
1784 316 1857 344 unde
1890 325 1945 344 non
1976 318 2065 353 potuit

1219 360 1309 396 ipsum
1338 367 1414 388 mors
1435 360 1600 394 absorbere,
1622 361 1707 389 immo
1732 361 1792 389 sons
1820 362 1891 390 vitae
1922 362 2065 391 absorbuit

1221 409 1353 439 mortem,
1376 406 1529 434 secundum
1560 407 1634 443 quod
1664 407 1769 435 dictum
1801 408 1880 436 est⁵:
1904 409 1962 436 Ero
1986 417 2066 436 mors

1219 455 1286 485 tua,
1309 460 1324 479 o
1344 460 1433 479 mors.
1457 451 1540 480 Aliter
1562 453 1652 481 sanari
1674 455 1701 481 et
1722 453 1822 481 salvari
1844 462 1899 482 non
1915 454 2065 490 potuimus.

1219 498 1294 527 Unde
1324 499 1470 534 Apostolus
1501 498 1534 527 ad
1565 499 1688 528 Galatas:
1711 500 1777 528 Non
1804 500 1910 528 abiicio
1934 500 2066 537 qratiam

1221 545 1272 573 Dei
1278 555 1288 578 ;
1309 545 1337 572 si
1355 545 1432 572 enim
1450 553 1504 582 per
1526 545 1626 582 Leyem
1640 546 1772 580 iustitia,
1787 555 1855 583 erqo
1868 547 1965 584 qratis
1982 545 2066 575 Chri-

1218 596 1281 620 stus
1301 595 1438 619 mortuus
1458 595 1498 619 est
1505 602 1515 624 ;
1534 595 1665 633 'mortuus
1685 595 1778 621 autem
1807 596 1849 621 est
1869 593 2012 626 Christus,
2035 595 2066 621 ut

1218 640 1344 666 mortuos
1366 638 1544 667 resuscitaret
1571 638 1605 667 ad
1635 640 1837 676 susceptionem
1863 639 1935 668 vitae
1956 642 1984 668 et
2004 648 2067 676 gra-

1218 684 1284 712 tiae:
1307 692 1373 721 ergo
1394 684 1522 712 inssnitur
1543 684 1622 714 nobis
1642 686 1729 722 gratia
1751 693 1801 722 per
1822 685 1945 714 Verbum
1967 685 2066 714 incar-

1217 735 1321 759 natum
1343 733 1371 759 et
1392 738 1440 767 per
1456 730 1577 759 Verbum
1592 731 1777 768 crucifixum.
1791 748 1827 752 —
1845 732 1875 759 Et
1889 732 1969 760 beata
1983 732 2066 769 Virgo

1219 777 1339 813 suscepit
1361 777 1434 805 istud
1456 777 1578 806 Verbum
1597 778 1714 814 plenum
1735 778 1878 815 qratia&
1896 781 1924 806 et
1938 786 2066 815 egressus

1218 827 1260 852 est
1281 823 1384 852 ssuvius
1405 824 1558 861 gratiarum
1580 824 1613 853 de
1634 825 1693 853 eius
1715 825 1815 859 latere,
1834 821 1986 862 qui‘liabet
2007 825 2065 853 essi-

1219 870 1320 898 caciam
1342 878 1392 898 nos
1413 870 1535 898 sanandi.

1297 918 1323 944 7.
1346 917 1438 945 Tertio
1459 917 1550 945 oritur
1580 918 1668 954 gratia
1695 918 1722 946 in
1755 918 1834 946 nobis
1865 926 1915 954 per
1942 918 2064 946 Verbum

1218 963 1407 999 inspiratum.
1440 964 1703 1001 Quantumcumque
1735 965 1813 993 Deus
1843 965 1924 992 misit
1956 964 2066 992 Filium

1217 1010 1355 1038 suumin
1387 1018 1498 1038 carnem
1511 1010 1531 1044 ⁷,
1553 1010 1604 1039 nisi
1632 1011 1728 1040 credas
1756 1011 1846 1047 ipsum
1878 1011 2064 1045 crucifixum,

1218 1065 1272 1085 non
1294 1056 1409 1085 babebis
1430 1057 1554 1093 gratiam.
1571 1057 1646 1086 Unde
1666 1057 1811 1094 Apostolus
1828 1057 1862 1086 ad
1877 1057 1984 1085 Titum:
2001 1056 2066 1085 Non

1217 1112 1251 1131 ex
1273 1102 1409 1140 operibus
1430 1103 1569 1137 iustitiae,
1583 1112 1658 1142 quae
1671 1103 1795 1141 fecimus
1815 1112 1877 1137 nos,
1895 1104 1945 1132 sed
1964 1112 2065 1131 secun-

1217 1150 1289 1177 dum
1310 1149 1545 1178 misericordiam
1565 1158 1654 1178 suam
1674 1150 1771 1179 salvos
1791 1159 1844 1178 nos
1864 1149 1934 1187 fecit
1948 1158 2002 1187 per
2023 1149 2065 1178 la-

1217 1205 1343 1224 vacrum
1377 1197 1604 1233 reyenerationis
1638 1201 1663 1226 et
1702 1197 1900 1226 renovationis
1934 1196 2066 1234 Spiritus

1216 1243 1326 1276 sancti,
1356 1251 1440 1280 quem
1467 1242 1568 1280 effudit
1598 1243 1713 1272 abunde
1744 1244 1776 1272 in
1802 1252 1855 1272 nos
1883 1252 1938 1280 per
1969 1244 2066 1271 Iesum

1220 1288 1383 1322 Chri-stum,
1406 1289 1587 1317 Salvatorem
1608 1294 1750 1318 nostrum.
1772 1290 1924 1319 Carissimi!
1947 1290 2066 1327 Spiritus

1218 1338 1330 1364 sanctus
1357 1338 1413 1369 est,
1435 1335 1482 1372 qui
1505 1338 1546 1364 est
1572 1336 1652 1364 dator
1680 1336 1832 1373 gratiarum
1854 1339 1882 1365 et
1902 1345 1980 1364 amor
2002 1344 2066 1372 pro-

1218 1382 1317 1410 cedens
1338 1390 1354 1410 a
1375 1382 1454 1410 Patre
1475 1386 1502 1410 et
1523 1382 1596 1410 Filio.
1625 1383 1765 1419 Quidquid
1793 1383 1878 1419 igitur
1899 1385 1962 1419 agat
1987 1383 2065 1411 Pater

1218 1431 1245 1457 et
1265 1428 1386 1465 patiatur
1407 1428 1505 1461 Filius,
1527 1428 1585 1457 sine
1606 1429 1711 1465 Spiritu
1731 1432 1826 1457 sancto
1847 1429 1916 1456 nihil
1937 1432 1986 1457 est.
2007 1429 2066 1465 Ipse

1218 1475 1290 1503 enim
1313 1475 1402 1512 iungit
1416 1483 1466 1503 nos
1481 1475 1552 1503 Patri
1567 1478 1594 1503 et
1608 1475 1682 1503 Filio.
1698 1475 1774 1504 Unde
1789 1475 1933 1512 Apostolus
1944 1475 1968 1502 ⁸:
1989 1475 2065 1503 Gra-

1218 1521 1261 1549 tia
1283 1521 1401 1549 Domini
1420 1521 1515 1549 nostri
1528 1522 1594 1549 Iesu
1611 1521 1734 1555 Cliristi,
1753 1524 1889 1558 quantum
1910 1521 1944 1549 ad
1966 1529 2064 1549 secun-

1217 1567 1298 1601 dumy
1319 1571 1345 1595 et
1358 1567 1471 1596 caritas
1488 1567 1554 1600 Dei,
1570 1566 1706 1604 qnantum
1721 1567 1755 1595 ad
1776 1567 1916 1603 primum,
1938 1570 1964 1594 et
1989 1575 2065 1594 com-

1217 1613 1379 1642 municatio
1400 1613 1530 1650 Spiritus
1550 1614 1655 1648 sancti,
1671 1616 1807 1651 quantum
1828 1613 1861 1641 ad
1885 1613 2011 1646 tertium,
2027 1612 2066 1641 sit

1218 1669 1285 1689 cum
1306 1660 1440 1688 omnibus
1461 1660 1549 1689 vobis.
1573 1661 1672 1688 Amen.

1296 1707 1322 1735 8.
1346 1707 1446 1743 Igitur,
1462 1707 1483 1735 si
1499 1707 1540 1735 vis
1561 1707 1665 1735 babere
1685 1714 1807 1735 amorem
1828 1706 1885 1734 Filii
1905 1709 1932 1735 et
1946 1706 2065 1743 origina-
2077 1713 2188 1761 'ifflis‘ii‘iss‘

1218 1753 1251 1782 lis
1272 1754 1399 1790 Principii
1420 1756 1447 1782 et
1467 1754 1535 1782 Doni
1564 1753 1684 1790 Spiritus
1716 1753 1818 1787 sancti,
1839 1753 1953 1790 dispone
1974 1756 2001 1781 te
2031 1752 2065 1781 ad

1217 1800 1341 1837 gratiam.
1365 1800 1439 1828 Unde
1460 1800 1544 1837 igitur
1559 1800 1650 1828 oritur
1664 1799 1773 1836 gratia?
1787 1799 1866 1833 Dico,
1881 1799 1956 1836 quod
1976 1799 2066 1828 oritur

1217 1856 1233 1876 a
1255 1847 1333 1875 Patre
1355 1846 1491 1875 luminum
1514 1854 1563 1883 per
1585 1840 1708 1875 Verbum
1730 1846 1919 1879 incarnatum,
1935 1854 1984 1882 per
1999 1846 2066 1874 Ver-

1218 1892 1284 1920 bum
1308 1892 1476 1920 crucifixum
1497 1895 1524 1920 et
1545 1900 1594 1928 per
1620 1891 1743 1920 Verbum
1764 1892 1939 1928 inspiratum.
1965 1889 2067 1920 Nobilis

1218 1938 1378 1972 influentia,
1400 1946 1471 1975 quae
1502 1946 1518 1966 a
1539 1938 1595 1966 Deo
1625 1938 1768 1967 incarnato
1800 1938 1883 1967 habet
1914 1938 2064 1975 originem!

1218 1985 1335 2013 Multum
1356 1985 1426 2013 bene
1446 1984 1559 2013 deberet
1580 1984 1712 2013 custodiri
1734 1985 1786 2013 ista
1813 1985 1913 2022 gi·atia;
1935 1984 1982 2013 sed
2003 1992 2066 2021 per-

1218 2032 1260 2060 dis
1280 2040 1340 2060 eam
1363 2039 1411 2068 per
1432 2033 1585 2067 peccatum.
1607 2031 1749 2067 Quomodo
1769 2039 1855 2059 ausus
1880 2039 1954 2060 esses
1978 2030 2064 2059 intro-

1219 2078 1322 2107 ducere
1352 2078 1380 2106 in
1408 2077 1520 2105 domum
1552 2080 1629 2105 tuam
1659 2077 1847 2111 meretricem,
1873 2085 1944 2114 quae
1976 2079 2064 2105 totum

1219 2127 1386 2161 asportaret,
1402 2123 1536 2160 quidquid
1554 2124 1690 2152 haberes?
1704 2123 1799 2160 Diligis
1821 2131 1865 2152 res
1884 2123 2063 2160 temporales:

1219 2171 1307 2199 multo
1327 2171 1391 2207 plus
1411 2170 1527 2199 deberes
1557 2170 1671 2207 diligere
1698 2170 1824 2207 gratiam.
1846 2169 1915 2198 Cum
1941 2170 2004 2207 quis
2024 2169 2064 2198 di-

1219 2225 1291 2254 gnus
1311 2220 1352 2246 est
1374 2217 1430 2245 vita
1450 2220 1577 2251 aeterna,
1600 2225 1649 2254 per
1671 2220 1813 2254 peccatum
1829 2217 1892 2245 facit
1907 2225 1935 2245 se
1950 2217 2064 2253 dignum

1218 2267 1308 2293 morte
1321 2267 1441 2292 aeterna.
1457 2264 1529 2292 Talis
1548 2264 1666 2292 multum
1688 2264 1769 2292 debet
1790 2264 1892 2300 puniri.
1908 2263 1983 2291 Unde
1997 2264 2065 2299 Apo-

1219 2311 1308 2339 stolus
1337 2310 1371 2338 ad
1402 2310 1576 2339 Hebraeos⁰z
1599 2310 1724 2338 lrritam
1745 2310 1810 2348 quis
1830 2309 1944 2347 faciens
1965 2309 2065 2345 Leyem

1219 2356 1313 2394 Moysi
1332 2356 1394 2384 sine
1415 2356 1477 2384 ulla
1508 2356 1713 2385 misericordia
1743 2355 1857 2384 duobus
1887 2359 1941 2383 aut
1972 2354 2066 2383 tribus

1220 2402 1337 2431 testibus
1358 2403 1494 2431 moritur.
1519 2405 1634 2439 Quanto
1660 2404 1757 2441 mayis
1775 2402 1889 2440 putatis
1920 2402 2066 2430 deteriora

1218 2449 1327 2477 mereri
1346 2450 1507 2486 supplicia,
1529 2450 1581 2488 qui
1602 2450 1712 2478 Filium
1736 2450 1788 2478 Dei
1808 2448 2021 2478 conculcaverit
2040 2451 2066 2476 et

1280 2647 1290 2660 ⁴
1307 2648 1363 2676 Cap.
1380 2649 1408 2675 2,
1427 2649 1447 2671 4.
1464 2651 1486 2671 et
1506 2649 1528 2671 5.
1553 2649 1596 2671 Pro
1622 2649 1715 2673 Christo
1741 2649 1839 2676 Vulgata
1865 2647 1888 2670 in
1915 2647 2015 2671 Christo.
2034 2660 2066 2665 —

1218 2687 1288 2709 Paulo
1313 2687 1420 2715 superius
1442 2689 1562 2715 respicitur
1580 2689 1629 2711 lsai.
1646 2689 1688 2715 53,
1707 2688 1736 2710 4:
1753 2687 1813 2709 Vere
1830 2687 1954 2715 languores
1974 2690 2065 2709 nostros

1220 2725 1268 2753 ipse
1286 2725 1335 2747 tulit
1351 2727 1394 2747 etc.
1411 2725 1457 2748 Cir.
1474 2726 1589 2756 Breviloq.
1606 2733 1630 2755 p.
1647 2727 1679 2749 lll.
1696 2732 1716 2748 c.
1734 2726 1761 2752 5,
1778 2724 1817 2747 ubi
1834 2726 1864 2748 de
1882 2725 2010 2753 ignorantia
2022 2728 2065 2747 etc.

1281 2763 1291 2776 ⁶
1308 2765 1366 2786 Osee
1385 2765 1425 2791 ⁴3,
1445 2765 1481 2787 44.
1498 2778 1528 2782 —
1546 2766 1600 2795 Seq.
1617 2767 1681 2788 locus
1698 2767 1733 2787 est
1748 2765 1798 2787 Gal.
1814 2765 1841 2792 2,
1859 2765 1897 2787 21.

1281 2801 1292 2815 ⁶
1309 2803 1369 2825 loan.
1388 2803 1413 2830 1,
1433 2803 1475 2826 14:
1493 2804 1621 2827 Verbum...
1638 2805 1733 2832 plenum
1751 2803 1846 2831 gratiae.

1282 2839 1290 2853 ⁷
1308 2842 1357 2864 Gal.
1375 2841 1401 2868 4,
1420 2841 1441 2863 4.
1457 2854 1489 2858 —
1505 2843 1557 2870 Seq.
1575 2843 1639 2865 locus
1656 2844 1691 2864 est
1707 2842 1752 2864 Tit.
1769 2842 1795 2869 3,
1813 2842 1861 2865 5-7.

1282 2878 1292 2891 Β
1309 2880 1379 2908 Epist.
1396 2881 1420 2902 11.
1437 2879 1489 2902 Cor.
1503 2881 1543 2907 43,
1557 2882 1592 2903 43.
1604 2894 1636 2898 —
1647 2880 1724 2903 Verba
1741 2881 1869 2903 intercalata
1883 2882 1999 2911 quantum
2010 2879 2066 2903 ad...

1220 2919 1381 2948 supplevimus
1398 2925 1425 2941 ex
1442 2919 1528 2941 Bonelli
1546 2920 1627 2948 Suppl.
1645 2920 1676 2942 lll.
1694 2920 1737 2942 col.
1755 2920 1808 2942 42⁴.

1283 2956 1292 2969 ⁹
1309 2957 1366 2985 Cap.
1384 2957 1425 2984 to,
1443 2958 1480 2980 28.
1498 2961 1518 2980 ct
1537 2958 1574 2980 29.

2080 739 2106 758 De
2121 740 2209 764 Virgine.

2090 925 2160 947 Tertio.
2174 930 2208 949 per

2078 949 2162 967 Verbum
2180 949 2208 967 iu·

2078 972 2176 995 spiratum.

2095 2038 2122 2057 De
2135 2038 2207 2057 abomi-

2076 2062 2152 2080 natione
2164 2066 2207 2085 pec-
