2285 3398
326 130 393 172 230'

326 222 398 251 sicut
413 229 441 250 se
457 221 548 257 ipsum
562 221 580 249 ¹.
596 237 633 241 —
649 221 681 249 Et
695 220 733 249 sic
748 223 811 249 ante
830 220 938 257 lapsum
953 221 1036 250 homo
1057 221 1178 258 perfecta

326 268 424 297 habuit
439 267 592 302 naturalia,
608 268 793 304 supervestita
806 267 987 297 nihilominus
1004 267 1097 296 divina
1115 275 1177 304 gra-

326 317 371 345 tia.
404 316 444 344 Ex
472 323 528 352 quo
556 315 699 344 manifeste
731 315 880 352 colligitur,
911 315 986 352 quod
1014 315 1036 344 si
1064 314 1177 348 cecidit,

326 364 378 392 hoe
404 371 457 391 non
486 362 544 391 suit·
565 362 616 391 nisi
640 370 676 391 ex
702 362 784 399 culpa
805 370 871 397 sua,
893 362 959 400 quia
979 362 1091 391 obedire
1113 369 1177 390 con-

326 409 445 446 tempsit.

685 503 750 531 CAP.
767 503 819 531 ΧΠ.

386 598 426 626 De
448 596 632 635 completione
653 601 679 626 el
703 598 888 626 ordinatione
909 597 996 626 totins
1017 595 1123 625 mnndi

649 645 854 673 consummati.

405 740 445 768 Ex
461 739 608 776 praedictis
623 742 717 767 autem
738 739 828 776 colligi
842 741 945 776 potest,
961 738 1035 776 quod
1050 740 1180 767 ereatura

325 786 421 815 mundi
436 789 478 815 est
492 786 570 823 quasi
586 785 699 823 quidam
721 785 802 819 liber,
818 785 845 814 in
860 794 917 822 quo
933 786 1051 819 relucet,
1067 792 1179 822 reprae-

201 841 262 868 *uper
275 846 317 860 cum
325 836 450 863 sentatur
471 836 498 862 et
521 833 621 870 legitur
637 832 758 861 Trinitas
779 833 942 861 fabricatrix
961 832 1115 861 secundum
1130 831 1180 860 tri-

180 865 423 918 {Ziltsssissiisspucem
445 880 563 917 gradum
584 879 788 916 expressionis,
811 879 915 908 scilicet
935 887 985 916 per
999 879 1114 907 modum
1135 887 1180 907 ve—

324 928 421 965 sliqii,
444 927 586 965 imayinis
607 930 634 956 et
654 927 880 960 sinzililmlinis;
901 927 939 954 ita
953 926 1028 964 quod
1050 926 1120 955 ratio
1134 935 1180 955 ve-

325 975 407 1012 stiyii
420 975 561 1012 reperitur
582 974 610 1002 in
632 974 761 1003 omnibus
782 974 934 1008 creaturis,
950 974 1020 1002 ratio
1039 974 1180 1011 iinayinis

325 1022 353 1050 in
379 1021 443 1050 solis
470 1021 704 1050 intellectualibus
732 1028 781 1049 seu
809 1020 954 1058 spiritibus
982 1020 1179 1055 rationalibus,

326 1069 398 1098 ratio
418 1068 623 1097 similitudinis
651 1068 679 1097 in
708 1068 772 1097 solis
803 1068 1000 1103 deiformibus;
1019 1077 1055 1097 ex
1077 1068 1179 1105 quibus

327 1117 405 1154 quasi
434 1124 483 1153 per
505 1116 639 1153 quosdam
661 1116 780 1145 scalares
811 1116 915 1153 gradus
943 1116 1099 1145 intellectus
1127 1116 1179 1144 hu—

326 1171 426 1192 manus
448 1167 530 1191 natus
561 1166 602 1192 est
633 1163 768 1200 gradatim
800 1163 949 1192 ascendere
978 1163 1005 1191 in
1037 1171 1179 1192 summum

327 1210 511 1247 principium,
533 1210 607 1247 quod
629 1213 671 1239 est
691 1210 766 1238 Deus
778 1210 797 1238 ².

406 1257 483 1286 Ratio
504 1260 597 1285 autern
611 1257 645 1285 ad
667 1257 874 1294 intelligentiam
890 1256 1096 1293 praedictorum
1112 1257 1179 1285 haec

254 1313 315 1332 natio.
329 1308 386 1333 est:
408 1305 488 1342 quia,
510 1312 574 1333 cum
596 1312 692 1332 omnes
714 1307 858 1332 creaturae
881 1306 1039 1339 respectum
1061 1303 1180 1332 habeant

329 1355 356 1380 et
376 1351 587 1388 dependentium
612 1350 646 1378 ad
667 1358 750 1379 suum
771 1350 943 1385 Creatorem,
972 1350 1118 1387 tripliciter
1146 1350 1179 1378 ad

185 1399 420 1449 Tfig'ssffiffffjipfflm
442 1397 597 1434 comparari
619 1400 750 1434 possunt,
766 1397 869 1426 scilicet
890 1401 938 1426 aut
957 1398 1028 1427 sicut
1049 1398 1083 1426 ad
1095 1398 1179 1434 prin-

329 1445 439 1482 cipium.
454 1445 615 1473 creatiunrn
627 1445 652 1478 ³,
667 1447 716 1473 aut
731 1444 803 1472 sicut
817 1444 851 1472 ad
865 1444 1005 1473 obiectum
1020 1445 1179 1478 molimini,

329 1494 378 1520 aut
391 1492 462 1521 sicut
477 1492 510 1520 all
528 1492 637 1520 donum
653 1490 888 1519 z‘nlaabz'can'mtm.
906 1492 996 1520 Primo
1010 1492 1091 1520 modo
1106 1500 1180 1520 com-

220 1459 270 1473 eum.

329 1539 499 1575 paratur‘ad
514 1539 604 1575 ipsum
619 1538 709 1567 omnis
730 1538 790 1567 eius
804 1537 918 1576 effeetus
928 1561 936 1572 ,
958 1539 1080 1567 secundo
1098 1538 1180 1567 modo
1193 1558 1196 1560 -

328 1585 418 1614 omnis
439 1586 611 1619 intellecttw,
635 1585 716 1614 tertio
729 1585 811 1613 modo
831 1585 921 1614 omnis
938 1586 1063 1622 spiritns
1085 1586 1181 1613 iustus

329 1636 353 1661 el
375 1633 432 1661 Deo
457 1637 598 1670 (irreptus.
614 1632 710 1661 Omnis
730 1632 803 1661 enim
818 1631 949 1669 effectus,
964 1634 1180 1669 quantumcum-

329 1687 384 1717 que
405 1688 503 1716 parum
526 1679 631 1708 habens
651 1679 685 1708 (le
706 1688 781 1713 esse,
804 1679 886 1707 habet
908 1679 996 1707 Deum
1011 1679 1083 1707 sicut
1104 1679 1180 1715 prin-

329 1727 441 1764 cipium.
464 1726 559 1755 Omnis
587 1726 759 1760 intellectus,
789 1728 1049 1763 quantumcumque
1080 1734 1180 1763 parum

329 1773 434 1802 liabens
454 1773 488 1802 de
503 1773 621 1806 lumine,
637 1776 719 1801 natus
733 1775 774 1801 est
795 1780 845 1809 per
860 1772 1044 1809 cognitionem
1065 1776 1092 1801 et
1105 1781 1180 1801 amo—

330 1829 389 1849 rem
411 1827 509 1857 capere
530 1820 628 1848 Deum.
650 1819 746 1848 Omnis
773 1822 865 1848 autem
888 1819 1011 1856 spei-inis
1033 1819 1129 1848 iustus
1156 1823 1181 1848 el

329 1871 450 1896 sanetus
471 1867 555 1895 habet
575 1866 679 1895 donum
701 1866 820 1903 Spiritus
840 1866 926 1895 saneti
949 1866 998 1895 sibi
1021 1866 1153 1896 infusum.

410 1914 441 1942 Et
462 1913 592 1950 quoniam
614 1916 742 1942 creatura
770 1914 873 1942 habere
894 1922 948 1942 non
974 1916 1064 1950 potest
1092 1914 1180 1943 Deum

332 1961 403 1989 sicut
427 1960 628 1998 principium,
657 1960 724 1998 quin
746 1960 947 1998 configuretur
974 1961 997 1989 ei
1027 1961 1181 1989 secundum

331 2007 481 2042 unitatem,
503 2008 647 2036 veritatem
675 2010 702 2036 et
722 2008 887 2042 bonitatem;
914 2016 964 2037 nec
993 2009 1081 2037 Deum
1110 2008 1182 2037 sicut

670 2056 674 2067 l

961 142 1172 179 BREVILOQUll
1193 142 1273 170 PARS
1295 141 1323 169 ll.
1345 141 1373 169 C.
1396 141 1448 170 ΧΠ.

1235 219 1391 253 obiectum,
1414 219 1481 256 quin
1510 228 1574 249 eum
1595 221 1695 258 capiat
1716 229 1765 258 per
1786 223 1964 258 memoriam,
1986 224 2085 253 intelli-

1234 266 1355 303 gentiam
1377 269 1404 294 et
1426 266 1611 300 voluntatem
1633 275 1684 295 nec
1705 267 1793 296 Deum
1815 269 1887 298 sicut
1910 270 2020 299 donum
2042 272 2085 299 in-

1233 312 1354 350 fnsnin,
1377 313 1444 350 quin
1477 313 1677 351 eonfiffltrecw·
1698 314 1722 343 ei
1754 322 1804 351 per
1825 316 1923 351 fidem,
1954 325 2031 354 spem
2059 321 2085 347 et

1234 360 1390 394 caritatem,
1406 369 1455 389 seu
1466 360 1606 397 triplicem
1628 361 1758 396 dotem&
1781 365 1808 391 et
1829 363 1919 399 prima
1939 364 2228 398 consornii-,vesiizmm,

2098 400 2135 413 ima
2148 400 2165 417 o,
2177 401 2229 413 Simu·
2266 406 2268 417 μ

1235 411 1276 436 tas
1296 410 1338 436 est
1359 407 1523 445 longinqua,
1546 408 1667 437 secunda
1688 409 1845 446 propinqua
1872 413 1899 438 et
1921 411 2002 439 tertia
2022 418 2132 448 pro-iun
2147 424 2164 437 0.

1234 454 1326 482 xima:
1349 454 1413 483 hinc
1434 457 1490 489 est,
1506 455 1580 492 quod
1595 455 1686 492 prima
1706 455 1808 484 dicitur
1823 457 1976 494 vestigium
1997 458 2087 487 Trini-

1212 543 1214 545 .
1234 501 1314 536 tatis,
1337 502 1458 530 secunda
1479 502 1577 540 iinayo
1599 505 1626 532 et
1648 503 1729 532 tertia
1749 503 1919 533 similitudo.

1314 548 1360 577 Est
1381 548 1466 586 igitur
1494 550 1610 587 spiritus
1631 550 1773 579 rationalis
1801 551 1908 580 medius
1936 552 2008 581 inter
2030 553 2087 590 pri-
2113 557 2218 584 Rationafis
2262 543 2266 581 ὲ

2100 583 2178 605 spiritus
2189 584 2219 600 est
2264 601 2266 607 ζ

1235 604 1307 624 mam
1330 599 1358 624 et
1378 596 1521 631 ultimam,
1550 597 1588 625 ita
1608 597 1683 635 quod
1711 597 1830 634 primam
1852 598 1935 628 habet
1956 599 2181 635 inserius‚mec1ius-

1236 642 1385 671 secundam
1407 643 1539 678 interius,
1555 645 1665 673 tertiam
1687 645 1825 682 superius
1843 645 1873 674 Et
1888 645 1948 675 ideo
1970 647 1997 675 in
2012 650 2087 676 statu

1231 690 1427 724 innocentiae,
1448 698 1513 719 cum
1534 691 1625 729 imago
1639 700 1693 720 non
1716 694 1776 720 erat
1797 692 1904 727 vitiata,
1920 693 1967 722 sed
1987 694 2088 723 deifor-

1235 736 1288 765 mis
1309 736 1406 765 effecta
1427 744 1477 773 per
1498 738 1631 774 gratiam,
1653 739 1808 768 sufficiebat
1826 739 1897 768 liber
1918 744 2086 775 creaturae,

1236 784 1264 812 in
1296 792 1352 821 quo
1373 792 1402 813 se
1434 785 1524 821 ipsum
1552 789 1698 815 exerceret
1726 786 1809 815 homo
1840 787 1875 816 ad
1900 788 2087 817 contuendum
2264 816 2267 823 ,,

1236 831 1331 860 lumen
1352 831 1461 860 divinae
1482 832 1645 869 sapientiae;
1668 836 1699 861 ut
1720 833 1759 862 sic
1784 834 1893 871 sapiens
1914 838 2001 869 esset,
2023 839 2231 864 cumTriissexvisio-
2262 858 2270 874 s

1236 878 1382 907 universas
1404 886 1448 907 res
1469 878 1575 908 videret
1596 880 1627 908 in
1648 888 1691 914 se,
1714 880 1820 909 videret
1841 881 1872 909 in
1896 882 2021 918 proprio
2041 891 2088 919 gye-

1238 934 1320 959 nere,
1340 925 1447 954 videret
1467 926 1549 955 etiam
1564 926 1596 955 in
1609 931 1690 961 arce;
1712 927 1865 956 secundum
1887 928 1961 965 quod
1980 936 2025 958 res
2039 930 2088 957 tri-

1236 972 1344 1009 pliciter
1366 973 1469 1001 habent
1495 982 1570 1008 csse,
1592 974 1695 1003 seilicet
1720 974 1748 1002 in
1770 975 1897 1003 materia
1917 975 1961 1003 vel
1988 978 2089 1004 natura

1236 1020 1365 1057 propria,
1387 1019 1414 1048 in
1437 1019 1624 1057 iiicelliqeiztia
1645 1024 1745 1050 ereata
1766 1024 1793 1050 et
1814 1021 1842 1049 in
1863 1025 1928 1050 arce
1948 1024 2088 1054 aelerna,-

1236 1067 1390 1096 seeundum
1412 1075 1484 1104 quae
1506 1068 1559 1096 tria
1586 1067 1652 1097 dicit
1683 1068 1862 1105 Scriptura⁵:
1885 1068 1968 1097 Dixit
1993 1069 2087 1097 Dens:

1234 1114 1306 1151 ficem
1327 1113 1410 1151 fecit,
1433 1118 1461 1143 et
1481 1114 1594 1153 factioni
1617 1119 1665 1144 est.

1316 1162 1430 1198 Propter
1445 1170 1528 1199 quam
1545 1162 1680 1199 triplicem
1702 1163 1836 1192 visionem
1852 1163 1989 1200 triplicem
2007 1163 2089 1192 homo
2106 1196 2108 1200 y

1236 1209 1340 1246 accepit
1368 1209 1497 1242 oculum,
1529 1209 1600 1238 sicut
1627 1209 1693 1238 dicit
1714 1210 1791 1247 Hugo
1818 1210 1852 1239 de
1873 1213 1967 1239 sancto
1998 1210 2089 1239 Victo-
2101 1215 2232 1257 rripffiisxocu-

1237 1256 1305 1289 ΓΒΕ,
1335 1255 1439 1284 scilicet
1459 1256 1581 1289 earnis,
1609 1256 1735 1284 racionis
1764 1259 1793 1285 et
1823 1256 2087 1293 contemplationis:
2178 1252 2183 1257 ”

1236 1303 1349 1331 oculum
1382 1303 1500 1337 citrin's,
1522 1311 1578 1339 quo
1610 1302 1716 1331 videret
1746 1303 1884 1331 mundum
1905 1306 1932 1331 et
1962 1311 1995 1331 ea
2018 1311 2089 1340 quae

1237 1352 1302 1379 sunt
1323 1350 1350 1378 in
1371 1350 1494 1384 mundo;
1523 1350 1636 1378 oculum
1658 1349 1798 1383 racionis,
1827 1342 1885 1387 quo
1905 1349 2010 1379 videret
2031 1350 2089 1378 ani-

1236 1405 1313 1425 mum
1335 1400 1362 1426 et
1390 1405 1422 1425 ea
1443 1404 1514 1434 quae
1542 1400 1608 1425 sunt
1639 1397 1666 1425 in
1687 1397 1795 1430 animo;
1820 1396 1934 1424 oculum
1966 1400 2089 1424 conteni-

1233 1444 1390 1482 plutionz's,
1423 1452 1479 1481 quo
1512 1444 1616 1472 videret
1638 1444 1726 1472 Deum
1758 1446 1785 1472 et
1812 1452 1844 1472 ea
1875 1451 1947 1481 quae
1975 1446 2040 1472 sunt
2061 1443 2089 1472 in

1236 1492 1308 1525 Dco;
1331 1494 1358 1520 et
1379 1491 1417 1520 sic
1432 1491 1513 1521 oculo
1535 1491 1637 1519 earnis
1658 1491 1764 1519 videret
1786 1491 1869 1519 homo
1891 1499 1923 1520 ea
1937 1498 2009 1528 quae
2023 1493 2090 1519 sunt

1236 1542 1318 1567 extra
1339 1546 1384 1572 se,
1406 1538 1487 1566 oculo
1509 1537 1634 1566 rationis
1655 1545 1687 1566 ea
1708 1545 1780 1574 quae
1801 1541 1867 1566 sunt
1894 1538 1968 1566 intra
1989 1545 2034 1572 se,
2062 1539 2089 1566 et

1236 1585 1317 1613 oculo
1338 1584 1586 1621 contemplationis
1608 1592 1639 1613 ea
1663 1592 1735 1621 quae
1765 1587 1831 1613 sunt
1856 1592 1942 1621 supra
1969 1592 2006 1613 se.
2036 1584 2089 1621 Qui

1237 1632 1348 1669 quidem
1369 1632 1467 1660 oculus
1482 1632 1729 1668 contemplationis
1750 1635 1842 1660 actum
1858 1640 1941 1661 suum
1963 1640 2018 1660 non
2040 1632 2089 1660 ha-
2103 1636 2217 1656 Nor-andum-
2261 1645 2262 1650 =

1237 1679 1283 1708 bet
1314 1679 1466 1716 perfeetum
1488 1678 1539 1707 nisi
1571 1683 1620 1714 per
1641 1678 1776 1715 gloriam,
1804 1687 1887 1716 quam
1909 1679 2010 1707 amittit
2039 1687 2090 1716 per

1237 1727 1363 1763 culpam,
1385 1728 1532 1762 recuperat
1553 1728 1645 1754 autem
1670 1733 1719 1762 per
1740 1725 1857 1762 gratiam
1879 1729 1906 1755 et
1936 1726 2040 1755 fidem⁷
2062 1729 2089 1755 et

1238 1773 1447 1810 Scripturarum
1478 1771 1703 1809 intelligentiam,
1725 1772 1828 1809 quibus
1858 1781 1937 1801 mens
1967 1773 2090 1801 humana

1237 1822 1385 1857 purgatur,
1407 1819 1580 1848 illuminatur
1602 1822 1629 1848 et
1656 1819 1801 1856 perficitur
1822 1819 1856 1848 ad
1878 1820 2004 1848 caelestia
2025 1827 2089 1849 con-

1237 1866 1409 1904 tetnplanda;
1432 1866 1466 1895 ad
1487 1874 1558 1903 quae
1580 1866 1673 1903 lapsus
1694 1867 1778 1895 homo
1797 1867 1944 1903 pervenire
1965 1874 2019 1895 non
2041 1875 2089 1904 po-

1238 1917 1306 1948 test,
1329 1913 1380 1942 nisi
1409 1913 1488 1950 prius
1506 1913 1632 1942 desectus
1659 1916 1687 1942 et
1707 1913 1837 1942 tenebras
1857 1913 1985 1950 proprias
2012 1922 2089 1943 reco-

1238 1963 1365 1998 gnoscat;
1388 1960 1461 1997 quod
1484 1968 1538 1989 non
1559 1960 1638 1994 facit,
1671 1960 1722 1989 nisi
1744 1960 1899 1989 consideret
1920 1964 1947 1989 et
1967 1961 2090 1991 attendat

1238 2007 1348 2036 ruinam
1370 2007 1507 2037 humanae
1528 2010 1653 2036 naturae.

398 2547 405 2560 ¹
424 2548 553 2576 Respicitur
570 2548 647 2570 ltlattli.
666 2548 709 2574 22,
722 2548 756 2570 37.
776 2553 842 2576 seqq.
855 2560 887 2564 —
898 2549 993 2570 Inferius
1010 2552 1063 2577 post
1075 2555 1122 2572 non
1135 2549 1156 2576 i,
1169 2549 1182 2571 3

335 2594 387 2610 cum
405 2587 522 2610 nonnullis
539 2587 608 2609 codd.
626 2587 715 2609 addunt
730 2586 838 2614 aliunde,
856 2589 878 2609 et
896 2594 937 2615 pr«)
960 2586 1051 2611 obedire
1069 2589 1083 2610 S
1101 2588 1182 2610 substi-

335 2627 376 2649 tuit
393 2626 533 2649 obedientiae
550 2625 664 2655 reqimen.

397 2664 407 2677 ²
424 2666 483 2688 Vide
500 2666 516 2688 1.
533 2666 595 2688 sent.
613 2665 636 2687 d.
653 2666 674 2688 3.
692 2671 715 2693 p.
732 2665 748 2687 1.
765 2671 788 2693 q.
805 2665 830 2692 25
848 2671 870 2693 p.
889 2665 913 2688 ll.
930 2672 951 2687 a.
970 2666 990 2687 l.
1007 2673 1029 2694 q.
1052 2666 1068 2688 l.
1082 2666 1111 2688 ad
1127 2667 1149 2689 5.
1162 2668 1184 2689 et

336 2706 359 2727 ll.
377 2706 438 2727 Sent.
455 2705 478 2728 d.
498 2705 532 2727 l6.
551 2711 571 2727 a.
589 2706 610 2727 2.
628 2711 652 2734 q.
669 2705 690 2727 3.
702 2716 733 2721 ·—
744 2704 787 2726 l‘ro
804 2710 926 2727 summum
943 2705 1046 2727 nonnulli
1065 2705 1147 2733 codd.,
1159 2708 1184 2728 ut

335 2745 368 2766 IL
378 2745 411 2772 M,
428 2750 508 2767 suum.

399 2781 408 2795 ³
425 2783 469 2805 1311
480 2784 495 2805 P
505 2784 523 2812 Q
541 2782 699 2806 cansacz'vmn.
710 2795 741 2800 —
753 2783 786 2805 De
803 2783 838 2805 liis
855 2784 895 2805 cfr.
913 2789 982 2811 supra
996 2790 1053 2811 pag:
1063 2784 1100 2807 24.
1113 2785 1156 2807 col.
1168 2785 1183 2807 1.

398 2821 408 2834 ⁴
425 2821 469 2845 Csr.
487 2822 524 2844 lV.
542 2823 603 2845 Sent.
621 2822 644 2844 d.
662 2822 699 2844 49.
718 2828 741 2850 p.
759 2822 774 2844 1.
791 2828 815 2850 q.
832 2821 854 2844 ὅ.
872 2821 893 2843 iu
912 2828 976 2849 corp.

399 2860 408 2873 ⁶
425 2862 482 2883 Gen.
504 2862 525 2888 l,
544 2863 566 2884 3.
582 2868 648 2890 seqq.
670 2861 716 2884 Csr.
739 2862 850 2889 August.,
867 2862 890 2883 ll.
908 2861 937 2883 dc
954 2861 1011 2883 Gen.
1028 2862 1057 2884 ad
1075 2862 1106 2885 lit.
1123 2869 1142 2884 e.
1161 2863 1182 2884 8.

337 2907 359 2923 n.
381 2901 460 2927 16-20;
478 2901 514 2923 lv.
532 2907 552 2923 c.
570 2901 606 2923 29.
624 2908 645 2923 n.
665 2901 701 2923 io.
721 2904 743 2923 ct
760 2907 778 2923 e.
798 2901 833 2923 31.
852 2902 879 2922 ῃξ
893 2900 929 2922 48.
948 2900 1006 2922 Vide
1023 2901 1090 2922 ctiam
1113 2907 1183 2929 supra

337 2945 392 2967 pag.
410 2939 466 2966 202,
484 2944 536 2962 nota
554 2940 576 2962 9.

1302 2547 1312 2560 ⁶
1329 2548 1391 2571 Libr.
1408 2549 1422 2571 l.
1441 2549 1470 2571 de
1488 2549 1589 2570 Sacram.
1606 2554 1630 2576 p.
1648 2549 1677 2572 X.
1689 2549 1788 2576 022—
1799 2538 1962 2570 Pro'animum
1974 2550 1996 2569 et
2007 2547 2087 2571 aniino

1240 2589 1258 2610 A
1275 2588 1381 2611 animum
1399 2591 1421 2610 et
1437 2587 1519 2611 anima
1537 2587 1620 2616 (textus
1637 2587 1755 2615 originalis
1771 2593 1795 2610 se
1812 2586 1888 2616 ipsam
1905 2588 1928 2608 et
1944 2585 2014 2615 ipsu).

1302 2626 1311 2640 ⁷
1329 2628 1396 2655 Ilugo
1414 2633 1426 2649 a
1440 2628 1462 2649 S.
1474 2627 1531 2649 Vici.
1541 2644 1546 2654 ,
1559 2627 1600 2649 loc.
1613 2627 1663 2649 cit.:
1676 2627 1799 2655 Postquam
1817 2628 1893 2647 autem
1911 2625 2019 2648 tenebrae
2034 2619 2088 2653 ‘pec-

1240 2667 1283 2690 cati
1301 2667 1322 2689 in
1341 2668 1409 2691 illam.
1420 2666 1550 2696 [animam]
1569 2666 1724 2693 intraverunt,
1739 2665 1820 2688 oculus
1836 2664 1931 2693 quidem
1949 2666 2087 2693 contempla-

1241 2707 1308 2729 tionis
1325 2706 1449 2728 exstinctus
1466 2708 1513 2732 est,
1530 2708 1554 2727 ut
1571 2705 1626 2729 nihil
1647 2705 1761 2727 xideret...
1786 2703 1852 2726 Fides
1877 2709 1932 2731 ergo
1957 2705 2086 2727 necessaria

1240 2748 1286 2773 cst,
1304 2745 1350 2774 qua
1368 2745 1491 2767 credantur
1508 2750 1568 2773 quae
1586 2751 1632 2767 non
1649 2744 1758 2767 'videntur
1775 2745 1860 2765 etc.—
1871 2743 1920 2765 Mox
1932 2743 2086 2770 respitiuntur

1240 2788 1286 2807 tres
1309 2787 1373 2807 actus
1395 2784 1543 2811 hierarchici,
1559 2784 1607 2806 scil.
1621 2789 1722 2811 purgare
1739 2785 1794 2809 ωας
1811 2783 1851 2804 εἰν,
1869 2787 1938 2810 supra
1956 2788 2009 2810 pag.
2028 2782 2086 2810 225,

1240 2826 1294 2846 nota
1313 2824 1333 2846 6.
1351 2836 1383 2840 —
1398 2824 1442 2845 Pro
1459 2822 1525 2846 etsie
1537 2825 1589 2851 post
1601 2823 1648 2846 Deo
1666 2822 1727 2851 lLQ
1743 2822 1769 2844 ul
1780 2821 1826 2849 sic,
1843 2821 1860 2843 B
1877 2820 2087 2849 utsz'cut,-‹lei11‹1e

1241 2869 1283 2890 pro
1300 2862 1387 2885 amittit
1403 2862 1470 2889 edd,
1487 2865 1582 2890 exoepta
1604 2863 1630 2889 2,
1653 2860 1746 2889 αηιίεἱί,
1769 2866 1829 2889 quae
1846 2860 1913 2883 etiam
1932 2860 1956 2895 5¹!
1972 2861 2018 2883 line
2035 2867 2086 2889 cap.

1240 2908 1293 2924 cum
1311 2908 1357 2924 uno
1375 2902 1493 2930 alteroque
1510 2901 1562 2924 cod.
1578 2900 1709 2930 diliqenter.
