2285 3398
93 701 205 724 Enplicatur.

74 839 166 867 Doctrina
172 841 214 859 Dio-

119 869 175 888 nyen.

89 1541 202 1560 Not-indum.

86 1681 116 1699 Fit
122 1686 155 1704 per
164 1686 205 1704 gra-

75 1704 119 1722 tiam
128 1718 131 1726 ,
154 1704 204 1723 iuvat

74 1727 172 1746 industria.

75 1773 122 1792 Unio
134 1774 155 1792 sit
168 1779 203 1797 per

92 1802 181 1815 amorem.

843 199 871 226 n:
895 191 1113 226 lllix.ll'52MElt(›N
1134 197 1295 226 comario
1318 199 1345 226 n.

222 284 272 303 ‘aec
294 276 324 303 iu
345 284 395 303 cor
417 275 541 304 hominis
555 277 701 309 ‹1.w:e›ulz‘t,·
716 276 797 304 ''tobis-s*
812 280 909 305 autem
930 275 1065 304 revelavit

224 323 299 350 Dems-
319 331 370 359 per
392 322 536 359 Spiritum
563 331 660 351 suam.
685 323 814 359 Spiritus
843 326 940 351 autem
966 321 1065 350 omnia

221 373 383 403 serutatur,
415 370 501 398 etiam
530 369 685 407 profanati
714 370 771 398 Dei.
806 370 877 398 lianc
905 369 1064 406 sapientiam

220 417 314 445 docuit
335 417 435 445 Paulus
464 417 623 452 Dionysium
649 419 677 445 et
704 417 879 445 Timotheum
906 419 932 445 et
960 419 1065 444 «zearos

221 464 368 499 perfectos,
384 466 410 491 et
424 464 459 491 ab
477 463 537 491 aliis
554 463 703 491 abscondit.
720 463 833 499 Oportet
848 471 926 499 ergo,
943 470 991 490 nos
1006 470 1065 490 esse

222 511 371 547 periectos,
394 514 425 538 ut
455 510 488 537 ad
511 510 581 537 hanc
613 510 773 546 sapientiam
807 509 957 537 veni-‘unus
985 510 1065 543 Quae

220 560 298 585 retro
319 560 402 589 Simt,
426 556 546 593 inquit¹,
568 556 748 589 obtimis-cmi.
774 557 814 584 ad
842 555 993 583 anteriora
1022 563 1064 583 me

220 604 355 637 exaiulo,
376 604 403 631 si
423 612 479 640 qao
500 603 584 631 modo
605 602 853 638 eomprelzemlmn.

299 652 343 678 ⁹29.
367 651 436 678 llaec
457 650 590 686 sapientia
611 649 780 678 absc-omitto.
801 653 841 678 est
866 649 897 677 ia
917 648 1062 686 mysterio.

220 697 270 725 Sed
299 697 459 733 quomodo?
487 696 520 724 Si
546 696 577 724 in
608 705 658 724 cor
679 696 804 724 hominis
834 704 893 723 ‘non
918 694 1062 727 ascemlit,

220 744 356 779 quomodo
377 743 637 780 comprehendetur,
659 751 721 771 cum
744 743 778 771 sit
799 741 1001 778 multiformis?
1026 757 1062 761 —

220 790 298 823 Nota,
314 791 387 827 quod
410 790 453 818 hic
468 793 509 818 est
530 792 618 818 status
632 790 781 826 sapientiae
796 789 974 822 christianae;
990 788 1063 816 unde

220 844 281 865 cum
312 838 457 873 Dionysius
478 837 580 865 multos
602 836 686 865 libros
714 836 837 870 fecisset,
864 836 907 864 hic
935 843 1062 864 consum-

219 884 320 917 mavit,
343 884 445 912 scilicet
473 883 501 911 in
529 883 640 919 Mystica
661 883 816 919 Theologia.
839 883 914 911 Unde
939 884 1062 919 oportet,

219 931 292 967 quod
315 931 396 959 homo
417 931 452 959 sit
473 930 626 958 instructus
646 930 741 958 multis
755 932 783 958 et
803 929 932 957 omnibus
953 936 1063 965 praeee—

218 978 353 1006 dentibus.
386 978 424 1006 De
455 977 570 1013 mystica
601 976 737 1013 theologia
768 976 957 1012 Dionysius2:
989 976 1063 1003 «Tu

219 1027 327 1059 autem,
350 1024 454 1061 inquit,
482 1032 498 1052 o
529 1023 671 1052 Timotheo
703 1024 804 1057 amice,
836 1022 909 1051 circa
936 1022 1065 1058 mysticas

219 1072 337 1100 visiones
358 1071 421 1099 sorti
442 1071 548 1099 actione
569 1074 596 1099 et
621 1070 800 1103 contritione,
822 1077 919 1098 sensus
946 1068 1064 1097 derelin-

218 1126 273 1155 que
284 1130 297 1143 »
317 1121 384 1151 etc.;
401 1118 460 1146 vult
481 1118 553 1146 enim
575 1118 679 1150 dicere,
699 1117 773 1154 quod
793 1119 915 1153 oportet,
934 1115 1008 1152 quod
1030 1115 1064 1143 sit

219 1165 326 1193 solutus
340 1165 375 1193 ab
389 1165 530 1197 omnibus,
546 1172 618 1201 quae
633 1164 669 1193 ibi
688 1166 828 1197 numerat,
844 1165 871 1191 et
885 1161 958 1199 quod
972 1161 1065 1189 omnia

218 1212 350 1245 dimittam
372 1212 451 1248 quasi
465 1211 584 1240 diceret:
607 1219 691 1247 super
709 1218 818 1239 omnem
841 1209 1022 1238 substantiam
1037 1212 1064 1237 et

219 1259 400 1295 cognitionem
421 1261 462 1287 est
483 1258 528 1287 ille
549 1266 630 1295 quem
650 1258 712 1286 volo
733 1257 892 1293 intelligere.
917 1256 948 1284 Et
968 1256 1003 1284 ibi
1023 1259 1064 1286 est

218 1306 341 1342 operatio
362 1305 559 1334 transcendens
586 1312 694 1333 omnem
723 1304 908 1337 intellectum,
937 1303 1063 1331 secretis—

218 1353 302 1386 sima;
323 1352 397 1388 quod
419 1359 500 1380 nemo
521 1352 587 1385 scit,
609 1351 659 1380 nisi
675 1350 722 1387 qui
745 1349 898 1386 experitur.
922 1349 949 1377 ln
971 1349 1063 1377 anima

217 1399 290 1427 enim
313 1403 378 1427 sunt
399 1399 517 1427 virtutes
537 1398 640 1426 multae
654 1396 886 1434 apprehensivae:
908 1396 1060 1429 sensitiva,

218 1446 430 1483 iinayinativa,
462 1445 663 1478 aestimativa,
695 1443 882 1476 intellectiva;
913 1446 940 1471 et
967 1450 1062 1471 omnes

217 1496 325 1529 oportet
346 1492 516 1528 relinquere,
532 1494 559 1520 et
573 1491 599 1519 in
615 1490 717 1519 vertice
739 1493 780 1519 est
797 1490 886 1518 unitio
906 1489 1020 1523 amoris,
1036 1492 1062 1518 et

216 1540 283 1568 haec
304 1546 400 1567 omnes
418 1538 595 1566 transcendit.
609 1555 646 1558 —
658 1537 733 1566 Unde
749 1540 835 1573 patet,
850 1537 924 1574 quod
946 1545 998 1565 non
1021 1539 1063 1565 est

217 1588 273 1614 tota
293 1584 434 1614 beatitudo
455 1585 482 1612 in
504 1584 673 1613 intellectiva
685 1585 704 1612 ⁵.

295 1631 340 1660 30.
363 1631 432 1660 Haec
453 1634 545 1660 autem
574 1631 767 1667 contemplatio
788 1631 818 1659 lit
844 1639 893 1667 per
912 1631 1061 1668 qratiam,

217 1682 244 1707 et
271 1682 361 1707 tamen
383 1678 459 1707 iuvat
479 1678 646 1711 imitatem,
669 1678 772 1706 scilicet
793 1681 824 1706 ut
845 1680 954 1713 separet
978 1685 1006 1705 se
1028 1677 1062 1705 ab

217 1726 289 1754 omni
305 1734 350 1760 eo,
365 1725 439 1762 quod
454 1725 528 1753 Deus
543 1733 597 1753 non
618 1727 672 1758 est,
688 1728 715 1753 et
729 1733 745 1752 a
760 1732 788 1753 se
810 1724 881 1761 ipso,
897 1724 918 1752 si
934 1723 1061 1760 possibile

214 1764 294 1802 esset.
318 1773 349 1801 Et
376 1773 443 1801 haec
464 1774 505 1800 est
532 1779 662 1807 suprema
683 1771 771 1799 unitio
793 1778 841 1807 per
869 1778 1001 1797 amorem.
1030 1770 1062 1798 Et

215 1820 288 1856 quod
310 1820 399 1848 solnm
421 1827 470 1856 per
498 1826 621 1847 amorem
643 1818 704 1851 liat,
726 1818 791 1846 dicit
812 1817 996 1853 Apostolus4:
1026 1817 1061 1844 1η

215 1867 338 1895 caritate
357 1856 489 1894 radicati
501 1868 525 1893 et
545 1864 679 1902 fundati,
701 1868 734 1892 at
745 1864 864 1901 possitis
878 1862 1060 1900 eomprehen-

215 1914 281 1942 (lere
301 1922 366 1941 cani
390 1912 523 1941 omnibus
539 1911 671 1945 Sanctis,
693 1910 820 1949 quaesit
841 1909 1002 1947 louyitado,
1018 1909 1059 1938 la-

215 1960 323 1993 titudo,
344 1959 510 1988 sablimitas
528 1962 563 1987 ·et
587 1957 780 1995 profwatam.
804 1957 855 1986 Iste
880 1965 956 1985 amor
984 1959 1059 1988 tran-

214 2006 319 2035 scendit
343 2014 452 2034 omnem
480 2005 649 2034 intellectum
677 2008 704 2033 et
729 2004 877 2033 scientiam.
901 2020 937 2024 —
959 2003 1009 2032 Sed
1037 2003 1059 2031 si

214 2053 354 2082 scientiam
377 2052 562 2085 transcendit,
584 2051 721 2088 quomodo
742 2051 828 2079 videri
844 2053 932 2087 potest
953 2050 1059 2087 sapien-

214 2100 251 2128 tia
272 2100 347 2129 ista?
375 2100 488 2136 Propter
509 2099 562 2127 hoc
589 2098 664 2127 addit
684 2097 865 2135 Apostolus-⁵:
888 2097 924 2126 Ei
944 2101 1058 2132 autem,

213 2147 266 2185 qai
276 2151 376 2184 potens
390 2150 431 2174 est
444 2145 544 2174 omnia
557 2144 655 2181 facere
669 2144 953 2181 superabundanter,
969 2153 1059 2184 quam

1907 200 1959 227 341

1118 275 1256 312 petimus,
1278 280 1330 304 aut
1345 277 1530 313 inteltissimas
1551 280 1616 311 etc..;
1632 277 1696 314 quia
1719 279 1828 305 nonest
1850 277 1962 305 cuiusli-

1122 323 1182 356 bet,
1205 322 1254 350 nisi
1277 323 1319 351 cui
1344 323 1416 351 Deus
1438 324 1548 352 revelat.
1573 324 1686 359 Propter
1708 324 1779 360 quod
1809 323 1874 351 dicit
1896 324 1963 359 Apo·

1121 369 1226 397 stolus:
1257 369 1344 397 Nobis-
1365 373 1460 398 antem
1490 371 1624 398 revelavit
1647 371 1723 398 Deas
1742 379 1794 407 per
1821 369 1964 406 Spiritum

1120 424 1217 444 mum.
1241 416 1315 444 Unde
1336 424 1398 444 cum
1422 424 1499 445 mens
1521 417 1546 445 in
1569 417 1614 445 illa
1636 418 1735 445 unione
1757 417 1902 445 coniuncta
1923 419 1964 445 est
1986 424 2054 449 anima
2067 424 2110 450 4⁰¹-

1121 463 1192 496 Deo,
1213 463 1320 491 dormit
1341 464 1459 500 quodam
1484 465 1578 497 malo,
1600 467 1627 492 et
1648 464 1765 500 quodam
1793 464 1872 492 modo
1892 463 1964 500 viyi-
1978 450 2012 489 {¹2¹2}
2029 449 2048 466 ⁰¹
2064 452 2111 471 ''a'‘

1121 509 1175 537 lat:
1201 511 1258 546 Εῃο
1273 510 1400 544 dormio,
1418 514 1442 538 ct
1457 519 1507 537 cor
1522 519 1616 538 meum
1632 510 1741 547 viqimt.
1758 511 1819 539 sola
1834 508 1964 547 allectiva

1121 556 1214 593 vigilat
1235 559 1262 585 et
1283 556 1421 585 silentium
1443 557 1572 585 omnibus
1593 557 1652 585 aliis
1681 557 1807 593 potentiis
1836 556 1966 594 imponit;

1120 606 1147 632 et
1169 607 1234 632 tunc
1261 604 1343 632 homo
1370 604 1506 632 alienatus
1526 608 1567 632 est
1588 613 1604 632 a
1625 605 1751 633 sensibus
1772 608 1799 632 et
1821 604 1846 632 in
1868 603 1965 633 ecstasi

1121 650 1226 687 positus
1247 653 1274 679 et
1295 650 1372 679 audit
1392 659 1508 679 areana
1528 651 1632 685 verba,
1654 660 1728 689 qaae
1750 660 1808 679 arm
1834 651 1896 679 ticet
1917 649 1965 678 lio-

1120 697 1195 725 mini
1215 697 1324 734 loqaiG,
1347 697 1412 734 quia
1426 700 1533 725 tantum
1557 701 1622 726 sunt
1641 697 1666 725 in
1689 698 1796 725 affectu.
1812 697 1887 725 Unde
1902 704 1966 725 cum
1997 702 2037 722 uec
2047 708 2070 722 οη
2084 703 2111 722 ri-

1119 743 1239 780 exprimi
1261 752 1315 771 non
1338 744 1423 780 possit
1443 743 1493 772 nisi
1517 744 1589 780 quod
1612 744 1775 780 concipitur,
1798 751 1847 772 nec
1875 743 1965 771 conci-
1979 732 2077 774 5813ρῖ-
2092 729 2109 745 ⁵⁸

1120 790 1195 827 pitur
1210 790 1261 819 nisi
1276 791 1350 827 quod
1372 790 1543 827 intelligitur,
1559 793 1586 819 et
1607 791 1762 819 intellectus
1783 790 1859 824 silet;
1875 790 1966 827 sequi—

1120 840 1175 871 tur,
1190 838 1263 874 quod
1284 838 1363 877 quasi
1386 838 1453 866 nihil
1475 838 1560 874 possit
1582 838 1654 875 loqui
1674 841 1701 866 et
1721 838 1868 875 explicare.
1881 837 1963 865 -Et
1972 842 2103 863 eoum-matur.

1119 884 1156 912 ita
1177 887 1232 918 est;
1254 887 1282 913 et
1302 884 1368 921 quia
1388 884 1421 913 ad
1443 884 1522 913 istam
1544 885 1703 921 sapientiam
1725 893 1778 913 non
1801 884 1963 921 pervenitur

1119 931 1171 959 nisi
1193 939 1243 967 per
1270 931 1403 967 gratiam,
1426 931 1486 959 ideo
1513 934 1610 960 auctor
1638 931 1746 968 sapiens
1772 938 1966 968 quaecumque

1120 980 1185 1006 sunt
1211 977 1345 1006 absconsa
1364 980 1392 1005 et
1420 977 1568 1014 improvisa
1596 981 1690 1006 sancto
1719 978 1832 1014 Spiritui
1860 980 1887 1006 et
1915 977 1965 1014 ipsi

1121 1024 1211 1052 Verbo
1232 1024 1359 1052 attribuit
1380 1024 1541 1057 revelanda;
1560 1027 1587 1053 et
1606 1024 1666 1053 ideo
1685 1024 1788 1058 dicit⁷3
1806 1024 1966 1060 Quaecum-

1120 1078 1174 1107 qae
1200 1074 1269 1098 sant
1300 1070 1443 1098 absconsa
1467 1074 1492 1099 et
1513 1071 1675 1107 improvisa
1707 1071 1798 1098 didici
1805 1081 1814 1103 ,·
1836 1071 1966 1099 omnium

1120 1117 1196 1145 enim
1222 1116 1332 1153 artifex
1363 1118 1459 1145 (locuit
1490 1126 1534 1145 mc
1565 1117 1717 1154 sapientia.
1742 1117 1772 1145 Et
1793 1117 1864 1145 idem
1885 1117 1965 1149 dicit,

1120 1163 1194 1200 quod
1210 1164 1318 1192 Paulus.
1344 1165 1392 1191 Est
1406 1164 1484 1192 enim
1507 1164 1535 1191 in
1552 1164 1603 1192 iila
1623 1164 1747 1200 spiritus
1766 1163 1966 1200 intelliqentiae

1119 1213 1256 1243 sanctas,
1278 1210 1395 1243 uniens,
1410 1210 1569 1246 nialtiplex,
1585 1210 1698 1238 sabaitis
1712 1213 1763 1238 etc.
1781 1210 1831 1238 Iste
1852 1210 1966 1246 spiritus

1120 1257 1192 1284 levat
1212 1256 1332 1284 animam
1354 1260 1381 1284 et
1401 1256 1480 1284 docet
1501 1256 1658 1292 improvisa.
1682 1257 1712 1284 Et
1733 1255 1779 1284 liic
1796 1260 1835 1285 est
1857 1256 1967 1293 ‹tiyz'tax

1122 1303 1187 1336 Dei,
1216 1302 1249 1330 ad
1271 1311 1354 1339 quem
1382 1310 1480 1339 magus
1509 1303 1657 1331 Pharaonis
1683 1311 1737 1331 non
1766 1306 1855 1339 potest
1885 1303 1966 1339 attin-

1119 1357 1199 1386 gere,
1221 1349 1324 1378 scilicet
1345 1350 1500 1378 intellectus
1522 1353 1622 1379 noster.
1637 1367 1673 1371 --
1688 1350 1727 1379 De
1748 1350 1845 1387 primis
1860 1350 1966 1387 sapien-
1982 1356 2036 1375 Nota.

1119 1400 1160 1425 tes
1180 1396 1259 1424 multi
1282 1390 1399 1430 habent,
1421 1396 1454 1425 de
1477 1396 1550 1425 hac⁸
1571 1400 1663 1425 autem
1685 1397 1774 1434 pauci.

1198 1443 1243 1472 31.
1267 1443 1317 1472 Iste
1338 1446 1431 1472 autem
1453 1452 1530 1472 amor
1552 1447 1593 1473 est
1614 1445 1854 1482 sequestrabimus,
1883 1453 1965 1482 sopo-
1982 1451 2084 1493 2233}

1118 1491 1251 1524 ratione,
1272 1490 1518 1519 su2·.s·amaccivzis.
1549 1491 1715 1531 chuextrat
1736 1492 1808 1520 enim
1836 1492 1871 1520 ab
1891 1492 1965 1520 omni

1118 1539 1217 1567 affectu
1238 1538 1291 1566 alio
1312 1541 1425 1575 propter
1441 1538 1532 1575 sponsi
1554 1538 1682 1566 affectum
1698 1538 1824 1572 unicum;
1846 1543 1966 1576 soporat

1118 1589 1145 1614 et
1159 1585 1265 1622 quietat
1284 1593 1379 1621 omnes
1394 1585 1529 1621 potentias
1549 1588 1577 1613 ct
1591 1585 1730 1613 silentium
1753 1585 1881 1622 imponit;
1897 1594 1964 1613 sur-

1118 1640 1184 1660 sam
1206 1632 1284 1669 agric,
1313 1632 1378 1668 quia
1409 1631 1485 1660 ducit
1506 1632 1532 1659 in
1565 1632 1661 1660 Deum.
1684 1632 1715 1659 Et
1746 1632 1784 1660 sic
1809 1635 1849 1660 est
1881 1632 1964 1660 homo

1118 1679 1197 1715 quasi
1219 1681 1362 1713 mortuus;
1384 1682 1411 1707 et
1432 1679 1492 1707 ideo
1512 1679 1629 1707 dicitur:
1652 1679 1750 1707 Fortis
1771 1683 1803 1707 ut
1820 1687 1899 1707 mors
1920 1678 1964 1707 cli-

1118 1725 1197 1753 lectio
1210 1725 1231 1759 ⁰,
1250 1725 1316 1762 quia
1336 1729 1446 1762 separat
1467 1726 1501 1754 ab
1522 1726 1658 1754 omnibus.
1675 1726 1790 1763 Oportet
1811 1727 1899 1760 enim,
1915 1727 1964 1755 ho-

1119 1772 1218 1800 minem
1240 1772 1310 1799 mori
1333 1780 1381 1808 per
1403 1772 1481 1800 illum
1504 1781 1642 1807 amorem,
1664 1776 1695 1801 ut
1723 1781 1834 1801 sursum
1856 1776 1963 1810 agatur.

1118 1817 1192 1845 Unde
1207 1826 1265 1845 *non
1286 1818 1390 1846 videbit
1412 1827 1456 1846 me
1474 1817 1557 1846 homo
1579 1822 1603 1847 et
1626 1820 1704 1847 vibet.
1729 1820 1760 1847 lit
1782 1823 1846 1848 tunc
1869 1820 1896 1848 in
1918 1820 1962 1848 tali

1116 1865 1218 1892 unione
1239 1864 1328 1893 virtus
1359 1865 1465 1893 animae
1493 1865 1520 1893 in
1542 1874 1628 1894 unum
1661 1866 1798 1903 colligitur
1830 1870 1856 1895 et
1877 1867 1964 1904 magis

1117 1911 1194 1939 unita
1215 1911 1246 1939 fit
1271 1914 1298 1939 et
1319 1911 1403 1940 intrat
1431 1912 1457 1940 in
1480 1920 1562 1940 suum
1585 1913 1721 1941 intimam
1743 1916 1770 1941 et
1797 1921 1846 1950 per
1868 1921 1963 1943 conse-

1116 1966 1205 1995 quens
1225 1958 1253 1986 in
1273 1967 1423 1986 summum
1445 1967 1527 1987 suum
1553 1960 1692 1993 ascendit;
1714 1960 1780 1997 quia
1807 1960 1878 1989 idem
1901 1961 1963 1989 inti-

1117 2013 1194 2033 mum
1215 2008 1243 2033 et
1263 2013 1404 2034 summum
1414 2000 1592 2040 {secundum
1614 2007 1797 2044 Augustinum
1810 2008 1841 2035 ¹⁰.
1856 2007 1895 2037 De
1917 2007 1963 2036 illo

1116 2060 1230 2079 summo
1251 2051 1352 2080 dicitur
1374 2052 1401 2080 in
1422 2052 1547 2081 Cantico:
1571 2053 1686 2082 Adiaro
1707 2059 1767 2088 vos,
1782 2054 1860 2091 filiae
1881 2055 1963 2083 Iera-

1116 2098 1222 2132 satem,
1251 2107 1286 2127 *ne
1316 2099 1459 2128 suscitetis
1485 2108 1575 2138 neque
1602 2101 1740 2138 evigilare
1767 2100 1888 2138 faciatis
1919 2103 1963 2131 di-

1117 2145 1234 2180 lectam,
1256 2146 1344 2174 donec
1365 2146 1430 2183 ipsa
1451 2146 1524 2175 velit.

214 2324 257 2347 sub
279 2324 374 2346 nomine
396 2321 504 2352 Dionysii
524 2321 611 2349 vulgati
633 2324 698 2349 sunt,
716 2321 737 2344 in
758 2322 843 2351 quibus
860 2325 940 2345 auctor
962 2323 1057 2345 Paulum

213 2364 343 2392 apostolum
368 2362 473 2384 nominat
494 2362 673 2390 praeceptorem
690 2363 711 2384 et
727 2361 871 2391 maqz'strum
889 2362 940 2390 (cfr.
957 2363 989 2384 De
1006 2362 1058 2384 Div.

213 2403 278 2424 Nom.
295 2408 315 2424 c.
333 2402 354 2423 2.
371 2400 385 2429 (5
404 2401 446 2427 1ν1;
464 2406 484 2422 c.
501 2400 523 2422 3.
540 2399 596 2428 g&
614 2406 635 2422 c.
650 2400 673 2423 7.
692 2400 714 2429 S·
738 2401 777 2430 1.).
802 2401 888 2423 Nostris
913 2401 1057 2429 temporibus

214 2441 260 2462 sere
285 2439 438 2462 communiter
463 2442 565 2466 tenetur,
582 2442 700 2462 auctorem
723 2445 803 2462 eorum
821 2446 871 2462 esse
888 2440 967 2462 aetatis
985 2440 1056 2462 multo

212 2478 354 2507 posterioris.
370 2478 416 2501 Csr.
432 2480 489 2500 tom.
506 2478 528 2500 ll.
547 2484 601 2506 pag.
619 2478 677 2506 241,
694 2482 747 2501 nota
766 2479 787 2501 4.

275 2516 283 2529 ¹
301 2517 357 2539 Phil.
375 2518 400 2541 3.
420 2518 456 2539 4-2.
474 2523 523 2546 seq.
540 2518 639 2546 Vulgata
656 2518 820 2546 propositionis
845 2518 948 2540 ultimam
966 2521 1056 2546 partem

212 2556 282 2584 priori
300 2557 350 2578 loco
367 2558 436 2580 refert
453 2559 475 2579 et
491 2557 557 2584 plura
575 2557 695 2579 interserit.

274 2594 283 2607 ·‘¹
301 2596 333 2618 De
350 2596 444 2623 Mystica
462 2596 575 2624 Theolog.
592 2602 612 2618 c.
625 2596 647 2618 -1,
663 2596 677 2624 ‘g
692 2597 714 2619 41.
731 2596 808 2619 Abbas
826 2597 977 2620 Vercellensis
993 2598 1055 2620 hunc

212 2636 288 2657 locum
306 2635 338 2657 sic
356 2634 462 2657 exhibet:
481 2635 516 2657 Tu
537 2637 625 2662 autem,
643 2635 717 2658 amice
734 2636 866 2663 Timothee,
884 2636 913 2658 ad
930 2637 974 2658 hoc
991 2636 1056 2665 quod

212 2680 284 2702 capax
301 2674 342 2695 tias
359 2674 508 2701 mysticarum
525 2674 771 2701 contemplationum...
791 2675 924 2704 derelinque
935 2682 1017 2698 sensus
1034 2679 1056 2698 et

212 2713 326 2735 sensibilia
338 2713 444 2735 exercitia
462 2716 483 2735 et
500 2713 567 2735 etiam
586 2713 748 2736 intellectuales
765 2715 934 2742 operationes...
950 2715 1009 2745 sorti
1021 2722 1056 2739 co-

211 2754 271 2775 nata
288 2753 371 2775 mentis
388 2753 445 2774 haec
462 2752 642 2780 comprimente,
655 2755 677 2775 et
688 2753 747 2775 sicut
763 2756 797 2776 est
814 2753 852 2776 tibi
871 2754 990 2782 possibile,
1003 2761 1055 2777 con-

212 2797 282 2819 surge
299 2791 377 2819 ignote
394 2794 416 2813 et
433 2790 682 2819 supersubstantialiter
694 2792 724 2814 ad
735 2793 861 2815 unitionem
880 2794 933 2821 Dei,
945 2800 1005 2823 quae
1022 2797 1056 2816 est

211 2837 282 2858 super
298 2836 392 2852 omnem
410 2829 562 2852 substantiam
579 2833 601 2852 et
618 2831 781 2858 cognitionem.
793 2831 850 2854 Cum
868 2833 929 2855 enim
942 2836 963 2855 te
978 2833 1054 2861 ipsum

211 2872 233 2891 et
249 2870 327 2891 omnia
345 2875 387 2897 per
399 2869 481 2891 mentis
493 2874 612 2891 excessum
620 2887 625 2896 ,
637 2870 700 2892 nullo
712 2870 811 2893 inferiori
824 2872 948 2894 retinaculo
961 2878 1054 2900 praepe-

211 2908 285 2935 ditus,
303 2903 483 2934 transcenderis,
495 2907 525 2929 ab
542 2908 605 2929 omni
623 2909 807 2937 concupiscentia
825 2913 847 2932 et
863 2917 918 2933 cura
935 2911 1054 2934 absolutus

211 2950 232 2969 et
244 2950 357 2974 purgatus
365 2964 370 2973 ,
382 2950 458 2968 tunc...
471 2952 563 2969 sursum
575 2947 651 2974 ageris
665 2948 695 2970 ad
706 2948 950 2976 supersubstantialem
962 2951 1053 2973 radium

210 2985 303 3007 divinae
328 2984 606 3013 incomprehensibilitatis
632 2985 668 3015 [ln
688 2987 794 3010 xersione
814 2988 873 3010 Scoti
891 2989 965 3017 lii-ig„
982 2996 1053 3018 quam

1115 2323 1169 2346 vide
1186 2330 1256 2352 supra
1274 2324 1297 2346 in
1314 2324 1430 2346 itinerario
1448 2324 1531 2347 mentis
1549 2325 1571 2347 in
1588 2325 1676 2352 Deum,
1693 2331 1714 2347 c.
1730 2325 1753 2347 7.
1770 2332 1793 2348 n.
1808 2326 1837 2353 5.,
1852 2326 1959 2353 ponitur:

1114 2363 1144 2385 ad
1161 2363 1376 2391 superessentialem
1395 2363 1527 2386 divinarum
1544 2363 1696 2387 tenebrarum
1713 2365 1803 2387 radium
1811 2363 1830 2394 ].

1177 2400 1186 2413 ²³
1203 2401 1249 2425 Csr.
1266 2403 1282 2424 1.
1299 2403 1362 2425 Sent.
1379 2403 1402 2425 d.
1421 2403 1442 2425 1.
1459 2409 1480 2425 a.
1497 2404 1518 2425 2.
1536 2410 1560 2432 q.
1578 2404 1600 2428 ri.
1616 2404 1645 2425 ad
1658 2404 1679 2425 2.
1691 2406 1713 2425 et
1725 2404 1751 2430 3,
1765 2404 1801 2426 lv,
1814 2404 1874 2426 Sent.
1887 2404 1910 2426 d.
1923 2404 1959 2426 49.

1113 2447 1137 2469 p.
1154 2441 1169 2463 l.
1186 2447 1210 2469 q.
1227 2441 1249 2463 4.
1265 2447 1315 2470 seq.

1175 2479 1185 2492 ⁴
1202 2481 1261 2509 Eph.
1278 2482 1306 2509 3,
1325 2482 1362 2504 ⁴7.
1379 2488 1428 2511 seq.

1176 2519 1185 2532 ⁵
1202 2521 1260 2548 pr.
1280 2521 1307 2548 3,
1330 2522 1367 2544 20.
1389 2533 1420 2538 —
1443 2523 1496 2551 Seq.
1520 2523 1583 2544 locus
1606 2525 1639 2544 est
1661 2522 1675 2544 Ι.
1697 2521 1750 2544 Cor.
1772 2523 1798 2549 2,

1112 2558 1198 2582 Cantic.
1216 2560 1241 2586 5,
1258 2561 1280 2582 2.

1175 2597 1185 2610 ⁶
1202 2599 1272 2627 Epist.
1288 2600 1313 2622 ll.
1330 2599 1382 2623 Cor.
1400 2600 1442 2627 42,
1461 2600 1482 2623 4.

1175 2636 1183 2649 ⁷
1202 2638 1256 2666 Sap.
1272 2638 1300 2666 7,
1312 2639 1350 2661 24.
1366 2651 1398 2656 —
1415 2639 1468 2668 Seq.
1485 2640 1549 2661 locus
1562 2639 1613 2667 (Est
1624 2639 1685 2662 enim
1698 2640 1750 2669 ete.)
1763 2643 1797 2662 est
1809 2639 1865 2662 ibid.
1877 2646 1898 2662 v.
1912 2641 1956 2667 22,

1113 2677 1191 2699 tertius
1208 2677 1279 2700 Exod.
1297 2678 1323 2704 8,
1343 2678 1385 2699 19:
1403 2678 1429 2700 Et
1445 2678 1551 2701 dixerunt
1568 2679 1664 2700 malefici
1683 2679 1712 2701 ad
1730 2679 1884 2701 Pharaonem:
1897 2679 1957 2706 Digi-

1113 2718 1148 2738 tus
1165 2716 1205 2738 Dei
1223 2719 1257 2739 est
1274 2717 1319 2739 hic.

1174 2754 1183 2767 ³
1202 2756 1254 2778 Scil.
1271 2756 1300 2778 de
1317 2760 1398 2785 quarta
1417 2758 1489 2779 forma
1506 2757 1555 2779 sive
1568 2760 1648 2786 quarta
1667 2757 1723 2779 facie
1739 2757 1864 2785 sapientiae
1881 2757 1955 2779 solum

1112 2795 1182 2817 modo
1200 2795 1267 2823 pauci
1285 2795 1371 2818 habent
1388 2796 1483 2825 aliquid.

1174 2832 1183 2845 Β
1201 2833 1265 2857 Cant.
1283 2835 1309 2862 8,
1328 2835 1349 2857 6.
1365 2847 1397 2851 -
1414 2836 1466 2864 Seq.
1485 2836 1548 2857 locus
1566 2838 1599 2857 est
1616 2835 1687 2857 Exod.
1704 2835 1745 2862 33,
1764 2836 1801 2857 20.

1174 2871 1194 2885 ¹⁰
1211 2873 1345 2896 Secundum
1362 2875 1460 2902 August.
1478 2874 1500 2896 in
1523 2874 1598 2896 anima
1621 2876 1734 2901 humana,
1752 2874 1774 2896 in
1792 2877 1904 2903 quantum
1921 2877 1955 2896 est

1111 2911 1230 2940 humana,
1248 2913 1303 2935 nihil
1320 2916 1354 2935 est
1371 2913 1518 2936 essentialius
1543 2916 1565 2935 et
1589 2913 1699 2943 superias
1720 2916 1808 2940 mente,
1826 2912 1954 2935 secundum

1110 2958 1181 2980 quam
1199 2951 1248 2979 ipsa
1265 2955 1300 2974 est
1315 2952 1356 2974 Dei
1374 2952 1462 2980 imago,
1474 2959 1516 2981 per
1533 2959 1603 2981 quam
1620 2953 1768 2980 distinguitur
1785 2952 1814 2974 ab
1831 2952 1893 2974 omni
1911 2952 1953 2974 alia

1110 2991 1187 3013 anima
1204 2994 1227 3013 et
1243 2991 1375 3014 immediate
1393 2992 1465 3020 ipsius
1487 2992 1527 3014 Dei
1549 2992 1664 3020 particeps
1680 2998 1730 3014 esse
1747 2994 1822 3019 potest
1839 2991 1890 3019 (cfr.
1907 2992 1955 3014 ΧΠ.

1819 2522 1861 2549 1Ο;
1880 2522 1958 2544 tertius
