2285 3398
222 504 302 523 Effectus
310 503 344 522 hu-

213 528 249 554 ius·
259 527 344 555 censide-

213 553 299 570 rai-louis.

234 1074 301 1094 Restat
312 1079 342 1093 re—

232 1098 286 1122 quies
302 1098 341 1117 diei

231 1121 315 1146 septimi,

242 1632 340 1662 Trans-titus

250 1672 307 1694 supra
320 1672 340 1686 se

250 1696 319 1715 ipsum.

358 226 414 255 312

357 308 410 334 stat
424 304 594 334 coctum-acto
605 311 671 333 cum
685 303 844 343 pluralitate
859 303 1044 339 nobilitatum,
1059 307 1113 333 stat
1127 312 1208 332 coex-

356 351 458 380 ‹tttatio
479 358 564 388 super
584 351 677 379 omnia
697 359 762 380 cum
784 350 943 388 pluralitate
957 351 1139 388 dignitatum,
1154 353 1208 379 stat

357 398 571 428 condominatio
592 406 657 427 cum
677 398 837 435 pluralitate
858 400 1034 435 potestatum.

437 448 462 475 7.
485 446 513 474 111
535 446 588 475 hac
608 450 702 475 autem
724 445 943 475 consideratione
963 449 1005 475 est
1026 445 1159 483 perfectio
1177 444 1209 473 il-

357 494 544 523 luminationis
565 494 682 527 mentis,
703 494 770 523 dum
792 492 871 531 quasi
898 494 927 522 in
955 496 1036 523 sexta
1062 493 1106 522 die
1136 492 1208 521 videt

355 542 496 571 hominem
518 541 622 570 factum
644 541 679 570 ad
700 541 847 579 imaginem
869 541 918 570 Dei
931 542 949 569 ¹.
972 541 999 570 Si
1021 541 1094 570 enim
1109 540 1208 577 z’magyo

355 592 396 618 est
417 589 568 618 similitudo
588 589 766 626 expressiva,
781 589 848 618 dum
870 596 948 618 mens
969 591 1065 617 nostra
1085 591 1208 617 contem-

356 637 449 673 platur
471 636 498 665 in
519 636 630 665 Christo
651 636 717 664 Filio
737 636 803 670 Dei,
825 636 873 673 qui
904 639 946 664 est
972 636 1063 672 imago
1090 635 1138 663 Dei
1167 634 1208 663 in-

355 684 471 713 visibilis
485 692 535 721 per
550 687 696 718 naturam,
712 683 913 712 humanitatem
935 686 1058 712 nostram
1080 686 1136 711 tam
1157 682 1208 711 mi-

355 731 481 760 rabiliter
502 731 668 765 exaltatam,
684 734 740 759 tam
762 730 937 759 ineffabiliter
952 730 1075 764 unitam,
1091 729 1208 759 videndo

355 778 438 808 simul
459 779 487 807 in
517 787 607 808 unum
638 778 760 816 primum
792 781 819 807 et
850 778 995 812 ultimum,
1017 786 1160 807 summum
1181 781 1209 807 et

354 826 459 861 imum,
475 825 728 860 circumferentiam
743 829 771 854 et
785 828 930 860 centrum,
945 824 1034 863 alpha
1050 829 1077 854 et
1089 834 1207 863 omeyct,

354 877 500 903 causatum
515 876 543 902 et
556 881 684 907 causam,
699 872 857 901 Creatorem
873 876 901 901 et
915 875 1087 907 creaturam,
1099 870 1208 902 tibrum

354 921 458 951 scilicet
487 921 632 958 scriptum
664 921 744 949 tuem
774 924 798 948 et
826 923 929 954 exerm-
950 921 1005 950 iam
1026 921 1153 958 pervenit
1174 921 1208 950 ad

354 968 494 1007 quandam
516 976 576 997 rem
597 968 764 1005 perfectam,
786 972 817 998 ut
838 976 903 998 cum
925 968 982 997 Deo
1002 968 1037 997 ad
1062 968 1208 1005 perfectio-

353 1024 417 1045 nem
439 1024 556 1045 suarum
576 1015 811 1045 illuminationum
832 1016 860 1045 in
882 1019 963 1045 sexto
981 1015 1070 1053 gradu
1085 1016 1164 1053 quasi
1179 1016 1207 1044 in

354 1067 435 1093 sexta
454 1063 498 1093 die
518 1063 677 1101 perveniat;
699 1071 748 1092 nec
770 1063 875 1101 aliquid
896 1063 950 1092 iam
974 1063 1094 1100 amplius
1122 1065 1208 1091 restet

353 1111 405 1140 nisi
427 1111 486 1140 dies
506 1110 628 1148 requiei,
650 1111 756 1148 inqua
776 1119 826 1148 per
859 1110 959 1139 mentis
987 1118 1135 1139 excessum
1163 1118 1207 1139 re-

354 1159 477 1196 quiescat
492 1159 630 1187 humanae
645 1159 745 1187 mentis
760 1159 956 1196 perspicacitas
970 1158 1007 1187 ab
1019 1159 1100 1187 omni
1113 1167 1205 1196 opere,

354 1207 431 1245 quod
448 1209 591 1244 patrarat
603 1206 622 1234 2.

708 1301 772 1329 CAP.
796 1300 848 1329 vlt.

356 1396 395 1425 De
415 1404 533 1424 excessu
553 1395 674 1424 mentali
694 1398 718 1424 et
739 1395 877 1433 mystico,
892 1395 924 1424 iu
942 1404 998 1434 quo
1019 1395 1132 1434 requies
1153 1395 1206 1424 da-

433 1447 483 1471 tur
504 1442 673 1477 intellectui,
695 1441 801 1480 affectu
822 1442 947 1470 totaliter
973 1442 1005 1470 rt'n
1034 1442 1126 1470 Deum
1152 1451 1206 1479 per

434 1499 584 1519 excessum
606 1493 781 1518 transeunte.

437 1587 459 1614 l.
481 1585 527 1614 His
548 1585 633 1622 igitur
654 1592 704 1613 sex
723 1584 990 1613 considerationibus
1003 1585 1132 1613 excursis
1146 1588 1206 1613 tan—

353 1641 438 1670 quam
458 1641 509 1661 sex
532 1631 678 1670 qualibus
705 1630 804 1659 tltrouz'
830 1630 893 1659 ueri
913 1631 1080 1664 Salomonis,
1102 1631 1206 1668 quibus

354 1679 516 1717 pervenitur
537 1679 571 1708 ad
591 1687 702 1716 pacem,
724 1678 879 1707 ubiverus
900 1678 1033 1715 pacificus
1060 1678 1087 1706 in
1114 1681 1206 1708 mente

353 1727 467 1765 pacifica
488 1730 619 1764 tanquam
642 1727 668 1755 in
683 1726 807 1755 interiori
830 1726 1018 1762 hierosolyma
1036 1726 1204 1763 requiescit;

355 1778 486 1812 tanquam
507 1774 589 1803 etiam
611 1783 661 1803 ser
683 1774 739 1802 atis
762 1773 893 1808 Cherub,
915 1773 1019 1811 quibus
1047 1781 1125 1803 mens
1145 1774 1204 1803 veri

353 1822 556 1859 contemplativi
579 1821 660 1859 plena
680 1821 863 1850 illustratione
889 1829 1027 1858 supernae
1055 1821 1205 1859 sapientiae

352 1869 441 1898 valeat
462 1877 575 1899 sursum
597 1869 656 1906 0ςί,
678 1871 810 1906 tanquam
832 1868 915 1897 etiam
943 1877 993 1897 sex
1021 1868 1123 1897 (liebus
1142 1869 1205 1906 pri-

354 1917 425 1951 nus,
447 1917 475 1945 in
496 1916 599 1954 quibus
629 1924 708 1945 mens
738 1916 888 1945 exercitari
905 1916 1019 1954 vhabet,
1041 1919 1073 1945 ut
1095 1916 1204 1945 tandem

352 1964 495 2001 perveniat
516 1964 550 1992 ad
572 1963 717 1993 sabbatum
733 1964 873 2001 quietis⁸;
888 1967 1036 2001 postquam
1057 1971 1135 1992 mens
1157 1972 1205 1992 no-

353 2015 409 2040 stra
439 2011 563 2040 contuita
594 2014 635 2040 est
666 2011 755 2040 Deum
782 2014 867 2039 extra
892 2020 921 2039 se
951 2019 1001 2048 per
1033 2011 1148 2048 vestigia
1179 2014 1206 2040 et

352 2059 381 2087 in
402 2059 539 2096 vestigiis,
561 2059 643 2087 iutra
663 2067 693 2087 se
714 2066 763 2095 per
784 2058 932 2095 imaginem
957 2061 985 2087 et
1013 2058 1040 2087 in
1070 2058 1204 2095 imagine,

351 2115 447 2144 supra
467 2115 496 2135 se
517 2114 567 2143 per
588 2106 697 2135 divinae
719 2106 788 2135 lucis
810 2106 1017 2135 similitudinem
1046 2114 1130 2143 super
1156 2114 1206 2135 nos

352 2154 522 2183 relucentem
544 2157 570 2182 et
591 2154 619 2182 in
641 2153 700 2191 ipsa
720 2153 797 2187 luce,
813 2153 966 2182 secundum
986 2153 1061 2191 quod
1075 2153 1205 2190 possibile

352 2204 394 2230 est
414 2201 567 2230 secundum
589 2204 692 2230 statum
713 2200 773 2229 viae
795 2203 822 2229 et
843 2201 1009 2229 exercitium
1036 2201 1136 2230 mentis
1157 2210 1205 2230 no-

352 2252 441 2283 strae;
457 2256 520 2277 cum
542 2249 651 2278 tandem
674 2248 701 2277 in
716 2251 795 2276 sexto
810 2248 899 2285 gradu
913 2248 947 2277 ad
962 2248 1015 2277 hoc
1029 2249 1204 2285 pervenerit,

352 2298 384 2324 ut
405 2295 564 2332 speculetur
590 2295 618 2324 in
646 2294 782 2332 principio
810 2295 899 2331 primo
921 2298 948 2324 et
969 2303 1079 2324 summo
1100 2298 1127 2324 et
1148 2303 1205 2324 me-

351 2343 457 2372 diatore
481 2342 533 2371 Dei
552 2345 576 2371 et
598 2341 759 2375 bominum,
782 2342 842 2371 Iesu
864 2342 997 2371 Christo4
1023 2350 1055 2371 ea
1083 2350 1204 2380 quorum

934 225 1107 254 ITtNERARu
1128 224 1248 253 MENTIS
1270 224 1302 252 IN
1324 223 1417 252 DEUM
1438 223 1472 251 C.-
1490 223 1543 251 Vtt.

1266 302 1366 331 similia
1386 302 1414 331 in
1436 301 1574 331 creaturis
1601 302 1762 332 nullatenus}
1793 303 1911 341 reperiri
1942 308 2073 342 possunt,
2094 308 2122 334 et

1266 357 1337 387 quae
1358 356 1469 378 omnem
1490 349 1729 386 perspicacitatem
1751 350 1867 379 humani
1894 351 2051 381 intellectus
2071 360 2122 381 ex—

1254 394 1382 425 cedunt:
1406 399 1507 431 restat,
1529 399 1561 425 ut
1586 396 1654 425 haec
1686 397 1857 433 speculando
1888 398 2065 427 transcendat
2095 402 2122 427 et

1266 447 1388 474 transeat
1409 453 1464 474 non
1486 444 1576 473 solum
1601 443 1740 473 mundum
1767 445 1852 474 istum
1880 446 2054 480 sensibilem,
2076 454 2122 475 ve-

1266 500 1331 520 rum
1352 492 1435 521 etiam
1457 492 1648 529 semetipsam3
1671 491 1696 520 111
1721 501 1778 530 quo
1799 492 1918 522 transitu
1939 493 2067 522 Christus
2081 496 2237 522 0311810111-

1265 539 1316 568 vta
1337 542 1364 568 et
1386 539 1532 574 ostiumst,
1564 539 1694 569 Christus
1721 543 1763 569 est
1791 540 1874 569 scala
1901 543 1929 569 et
1956 539 2122 570 vehiculum
2158 526 2215 544 ειη

1266 589 1398 624 tanquam
1418 586 1664 624 propitiatorium
1683 596 1773 625 super
1794 596 1900 616 areum
1923 588 1975 617 Dei
2001 588 2122 618 coltoca-

1267 638 1328 663 tum
1350 637 1378 663 et
1397 637 1619 663 sacramentum
1640 644 1660 664 α
1680 635 1807 664 saeculis·
1828 635 2040 664 absconditum.

1346 684 1371 711 2.
1395 682 1431 711 Ad
1454 682 1529 720 quod
1543 682 1770 720 propitiatorium
1784 683 1833 721 qui
1848 683 1946 720 aspicit
1960 683 2042 720 plena
2056 692 2121 713 con-

1266 730 1393 759 versione
1408 730 1519 765 vuhus,
1534 730 1692 767 aspiciendo
1712 739 1778 760 eum
1798 731 1826 760 in
1848 739 1932 760 cruce
1954 739 2121 768 suspensum

1266 786 1316 815 per
1336 778 1436 813 fidem,
1458 786 1535 816 spem
1556 781 1583 808 et
1608 779 1767 813 caritatem,
1789 778 1980 813 devotionem,
2001 779 2121 808 admira-

1266 826 1385 860 tionem,
1411 825 1642 861 exsultationem‚
1674 826 1920 863 appretiationem,
1952 825 2063 855 laudem
2094 829 2121 855 et

1265 873 1471 907 iubilationem;
1490 872 1622 910 pascha,
1644 873 1696 903 hoc
1721 876 1764 903 est
1791 873 1940 902 transitum
1953 873 1980 908 ὃ,
2003 882 2067 902 cum
2088 882 2121 903 eo
2133 879 2206 908 Pascha
2221 885 2263 899 curn

1266 920 1346 956 facit,
1366 924 1398 950 ut
1419 929 1469 958 per
1491 929 1599 958 virgam
1619 921 1712 950 crucis
1734 924 1856 950 transeat
1877 928 1954 950 mare
1983 921 2119 956 rubrum,
2156 904 2238 923 cmm

1265 967 1300 996 ab
1321 969 1441 1005 Aegypto
1462 967 1570 997 intrans
1590 968 1749 1002 desertum,
1765 968 1813 997 ubi
1828 970 1921 1005 gustet
1941 976 2055 997 manua
2070 968 2120 997 ab-

1264 1015 1447 1049 sommum,
1478 1018 1506 1045 et
1533 1023 1598 1045 cuni
1622 1015 1733 1044 Christo
1765 1015 1922 1052 requiescat
1952 1015 1980 1044 in
2011 1016 2120 1045 tumulo

1264 1062 1343 1099 quasi
1375 1062 1503 1091 exterius
1533 1065 1678 1097 mortuus,
1701 1062 1822 1091 sentiens
1854 1065 1962 1097 tamen,
1983 1065 2119 1100 quantum

1265 1109 1394 1146 possibile
1414 1113 1457 1138 est
1478 1109 1632 1139 secundum
1654 1112 1758 1138 statum
1780 1109 1855 1144 viae,
1877 1109 1953 1147 quod
1980 1110 2008 1138 in
2036 1117 2120 1139 cruce

1264 1157 1369 1186 dictum
1390 1160 1432 1186 est
1453 1156 1553 1186 latroni
1574 1157 1734 1186 cohaerenti
1755 1156 1880 1186 Christo:
1900 1157 1993 1186 Hodie
2006 1165 2120 1186 meeum

1264 1205 1322 1233 eris
1344 1205 1375 1233 iu
1393 1205 1549 1242 paradiso.

1344 1252 1370 1281 3.
1393 1252 1472 1289 Quod
1493 1253 1575 1281 etiam
1600 1255 1745 1281 ostensum
1775 1254 1817 1281 est
1848 1252 1929 1281 beato
1959 1252 2118 1286 Francisco,
2141 1260 2252 1308 {issffissiffi

2150 1308 2246 1332 pei-fectae

2140 1331 2256 1355 contempla-

2165 1355 2227 1374 tionis.

1264 1308 1329 1329 cum
1351 1300 1379 1328 in
1401 1308 1519 1329 excessu
1545 1299 1786 1337 contemplationis
1800 1299 1828 1328 in
1843 1302 1937 1328 monte
1951 1299 2063 1328 excelso
2081 1314 2118 1320 —

1264 1347 1311 1376 ubi
1334 1348 1417 1382 haec,
1440 1355 1511 1385 quae
1533 1347 1637 1384 scripta
1651 1350 1733 1381 sunt,
1747 1350 1840 1378 mente
1855 1346 1971 1376 tractavi
1983 1363 2022 1368 —
2035 1355 2120 1384 appa-

1264 1395 1322 1424 ruit
1342 1395 1448 1432 Seraph
1470 1403 1521 1424 sex
1542 1395 1651 1424 alarum
1678 1395 1706 1423 in
1736 1403 1820 1424 cruce
1848 1394 1993 1429 confixus,
2015 1397 2048 1423 ut
2068 1394 2119 1423 ibi-

1263 1442 1325 1471 dem
1346 1450 1363 1471 a
1384 1442 1457 1471 socio
1478 1442 1554 1477 eius,
1569 1443 1618 1479 qui
1640 1445 1707 1471 tunc
1728 1450 1793 1472 cum
1813 1450 1846 1471 eo
1867 1442 1936 1477 fuit,
1951 1450 2002 1480 ego
2016 1445 2044 1471 et
2056 1442 2119 1479 plu-

1263 1498 1308 1519 res
1329 1490 1374 1519 alii
1395 1490 1569 1525 audivimus;
1591 1490 1639 1519 ubi
1661 1490 1689 1519 in
1720 1490 1810 1519 Deum
1839 1490 1949 1518 transiit
1977 1497 2027 1527 per
2055 1497 2119 1519 eon-

1263 1537 1449 1575 templationis
1469 1546 1634 1573 excessum;
1656 1540 1684 1567 et
1703 1537 1811 1575 positus
1831 1541 1873 1566 est
1901 1537 1929 1566 in
1957 1532 2119 1574 exemplum

1263 1586 1401 1622 perfectae
1415 1585 1681 1623 contemplacionis,
1694 1585 1766 1614 sicut
1781 1585 1860 1622 prius
1875 1585 1966 1614 fuerat
1980 1585 2118 1618 aetionis,

1264 1635 1395 1670 tanquam
1416 1633 1486 1661 alter
1508 1632 1594 1661 Iacob
1614 1636 1642 1661 et
1656 1632 1752 1661 Israel
1763 1633 1791 1667 ⁷,
1806 1635 1838 1661 ut
1852 1640 1949 1661 omnes
1965 1632 2039 1661 viros
2054 1640 2118 1661 vere

1263 1679 1422 1717 spirituales
1436 1680 1511 1709 Deus
1522 1687 1571 1717 per
1583 1688 1647 1709 eum
1662 1680 1793 1709 invitaret
1805 1680 1840 1709 ad
1852 1679 2013 1709 huiusmodi
2028 1683 2119 1708 trans-

1263 1726 1332 1755 itum
1350 1729 1378 1755 et
1395 1727 1497 1755 mentis
1511 1734 1658 1756 excessum
1674 1727 1762 1764 magis
1779 1727 1910 1764 exemplo
1924 1735 2010 1765 quam
2021 1726 2115 1756 verbo.
2130 1735 2262 1762 Modusimms

1342 1774 1368 1802 [ι.
1393 1774 1421 1802 111
1443 1774 1495 1803 hoc
1516 1776 1611 1803 autem
1627 1774 1762 1809 transitu,
1778 1774 1800 1803 si
1815 1774 1851 1803 sit
1864 1774 2020 1811 perfectus,
2034 1782 2117 1811 opor·
2148 1761 2245 1778 'mmm'

1263 1824 1302 1851 tet
1323 1821 1397 1859 quod
1419 1821 1616 1859 relinquantur
1637 1829 1739 1861 omnes
1754 1821 1954 1851 intellectuales
1981 1822 2118 1859 operatio-

1262 1877 1327 1903 nes,
1343 1872 1370 1898 et
1384 1877 1456 1906 apex
1477 1870 1593 1898 affectus
1608 1873 1683 1898 totus
1698 1869 1883 1898 transferatur
1898 1872 1925 1898 et
1940 1866 2121 1898 transforme-'

1263 1920 1310 1945 tur
1332 1917 1360 1945 in
1381 1917 1480 1945 Deum.
1497 1917 1551 1946 Hoc
1569 1920 1663 1946 autem
1685 1919 1727 1946 est
1747 1917 1896 1954 mysticum
1918 1919 1945 1945 et
1966 1916 2117 1946 secretissi-
2129 1925 2226 1952 sapientia

1262 1972 1356 1998 mum,
1371 1963 1447 2001 quod
1461 1973 1544 1993 nemo
1558 1964 1647 1998 uouit,
1662 1964 1723 1993 ntse'
1736 1964 1789 2002 qui
1801 1964 1909 2001 accipit
1921 1964 1942 1998 ⁸,
1958 1971 2008 1993 nec
2019 1963 2118 2001 accipit
2134 1951 2218 1973 'mum'

1263 2011 1314 2040 nisi
1336 2011 1385 2049 qui
1406 2011 1560 2045 desiderat,
1576 2019 1627 2041 nec
1641 2011 1779 2040 desiderat
1800 2011 1851 2040 nisi
1874 2019 1958 2048 quem
1973 2011 2044 2048 ignis
2058 2011 2117 2048 Spi-

1263 2059 1335 2088 ritus
1350 2058 1436 2087 sancti
1452 2058 1613 2088 medullitus
1635 2050 1804 2092 inflammat,
1819 2066 1902 2095 quem
1924 2058 2053 2087 Christus
2066 2058 2117 2086 mi-

1263 2106 1298 2135 sit
1319 2106 1347 2134 in
1370 2109 1481 2135 terram.
1506 2106 1537 2134 Et
1558 2105 1619 2135 ideo
1643 2106 1708 2134 dicit
1730 2105 1906 2142 ilpostolus0,
1929 2105 2000 2133 hanc
2022 2105 2116 2141 mysti-

1263 2162 1323 2183 cam
1345 2153 1507 2191 sapientiam
1522 2161 1581 2182 esse
1597 2161 1647 2190 per
1662 2153 1796 2190 Spiritum
1815 2155 1942 2181 sanctum
1958 2152 2116 2181 revelatam.

1344 2202 1369 2229 55.
1393 2201 1528 2238 Quoniam
1550 2201 1635 2238 igitur
1656 2200 1689 2229 ad
1712 2201 1764 2229 hoc
1785 2199 1854 2228 nihil
1883 2202 1972 2236 potest
2000 2202 2115 2234 natura,
2150 2209 2248 2236 Quomodo

1262 2249 1402 2278 modicum
1425 2251 1515 2286 potest
1537 2248 1689 2282 industria,
1705 2256 1804 2285 parum
1819 2250 1861 2276 est
1881 2247 2002 2275 dandum
2026 2233 2248 2284 1110111-ζὲῗᾸῗωΓ3ᾰ

1263 2295 1370 2329 sitioni,
1386 2298 1413 2324 et
1434 2295 1555 2323 multum
1577 2295 1716 2329 unctioni;
1739 2303 1837 2332 parum
1860 2294 1982 2323 (landum
2003 2297 2045 2323 est
2066 2294 2117 2322 lin-

1263 2351 1349 2380 guae,
1364 2345 1391 2371 et
1406 2342 1560 2379 plurimum
1577 2342 1702 2371 internae
1719 2342 1852 2376 laetitiac;
1874 2349 1974 2379 parum
1994 2341 2116 2370 dandum

415 2532 423 2545 ¹
442 2534 498 2555 Gen.
517 2534 537 2560 1,
556 2534 594 2556 20.
612 2546 643 2550 —
655 2533 751 2556 inferius
768 2533 889 2561 respicitur
907 2534 978 2561 ilpoc.
997 2535 1017 2561 1,
1036 2535 1061 2556 8;
1080 2536 1128 2562 Ego
1151 2541 1203 2557 sum

352 2573 420 2601 alpha
437 2576 460 2595 et
476 2579 572 2601 omega,
591 2572 731 2601 principium
748 2575 771 2594 et
788 2572 840 2594 finis
858 2575 901 2594 etc.
919 2573 986 2601 (Post
999 2573 1108 2603 primum
1125 2574 1204 2602 plures

353 2612 422 2634 codd.
444 2612 533 2634 addunt
552 2611 726 2641 Jn·incipiunt),·
744 2611 817 2639 Apoc.
837 2611 864 2638 ὅ,
883 2612 903 2634 1,
924 2614 946 2634 et
965 2613 1046 2635 Ezech.
1069 2614 1094 2639 ⁴2,
1113 2613 1141 2635 O:
1160 2613 1203 2642 Qui

354 2651 434 2680 [liber]
451 2654 500 2674 erat
516 2652 615 2679 scriptus
633 2652 693 2673 intus
711 2654 732 2673 et
751 2651 805 2673 foris
823 2649 873 2679 (cfr.
892 2651 1006 2680 Brexttoq.
1025 2659 1046 2680 p.
1068 2653 1091 2674 11.
1109 2660 1130 2675 c.
1151 2653 1205 2681 11.)-

414 2689 423 2702 ²
441 2690 498 2712 Gen.
510 2691 536 2717 2,
549 2691 575 2712 2:
589 2691 614 2712 Et
625 2690 740 2719 requievit
752 2690 789 2712 die
801 2690 900 2718 septimo
915 2690 944 2712 ab
956 2692 1065 2714 universo
1078 2698 1149 2720 opere
1161 2695 1204 2714 etc.

353 2730 397 2752 Cfr.
416 2730 532 2758 Breviloq.
549 2736 571 2757 p.
587 2730 612 2752 11,
631 2736 649 2751 c.
668 2731 690 2751 2.
703 2741 735 2745 —
747 2729 790 2750 Pro
807 2731 877 2753 restet
895 2730 939 2752 AG
950 2731 969 2752 R
980 2731 995 2752 1.
1006 2731 1024 2753 M
1036 2732 1051 2753 N
1069 2733 1152 2754 restat.

415 2767 425 2780 ³
444 2769 502 2791 Vide
519 2775 589 2797 supra
607 2775 627 2791 c.
645 2769 665 2791 11.
683 2775 706 2790 11.
724 2768 752 2795 5,
770 2767 809 2790 ubi
834 2770 891 2791 haec
913 2770 1067 2792 consideratio
1093 2773 1204 2799 tanquam

354 2807 494 2836 principium
512 2807 714 2835 contemplationis
726 2807 878 2830 constituitur.
890 2819 921 2824 —-
936 2808 1047 2836 Superius
1064 2815 1106 2836 pro
1123 2815 1204 2839 super-

354 2853 398 2870 nae
409 2847 427 2869 B
436 2847 455 2869 D
464 2847 483 2869 H
493 2847 511 2869 K
520 2847 536 2869 N
548 2848 667 2870 aeternae.

416 2886 426 2898 ⁴
442 2886 513 2915 Epist.
530 2887 544 2909 1.
564 2886 622 2908 Tim.
641 2887 669 2912 2,

417 2925 427 2938 ⁶
445 2927 506 2949 ioan.
525 2926 566 2953 14,
584 2926 605 2948 6.
623 2928 646 2947 et
664 2925 704 2952 10,
721 2925 744 2948 7.
756 2938 787 2942 —
804 2926 907 2948 Subinde
929 2926 1050 2954 respicitur
1073 2928 1142 2950 Exod.
1160 2928 1203 2955 25,

354 2966 392 2988 20.
408 2969 431 2988 et
447 2966 504 2994 Eph.
522 2966 547 2992 3,
566 2965 591 2987 9:
610 2965 755 2992 Dispensatio
772 2965 909 2988 sacramenti
927 2965 1055 2988 absconditi
1077 2968 1204 2990 aseer-ulis

354 3006 377 3028 in
390 3006 445 3028 Deo.

416 3043 426 3056 Β
444 3044 513 3066 Exod.
536 3045 574 3071 12,
602 3044 639 3065 lt:
664 3044 689 3066 Et
711 3045 836 3067 comedetis
859 3044 955 3073 [agnum
979 3045 1121 3074 paschalem]
1146 3046 1203 3067 festi-

688 2885 709 2907 5.
723 2885 799 2908 Verba
816 2886 871 2909 vide
887 2892 957 2914 supra
970 2893 1023 2914 pag.
1042 2887 1098 2915 306,
1115 2890 1169 2910 nota
1181 2888 1202 2911 4.

1261 2538 1355 2562 nanter;
1373 2537 1407 2557 est
1424 2535 1485 2557 enirn
1500 2533 1589 2564 phase,
1606 2534 1630 2556 id
1648 2536 1682 2556 est
1699 2533 1820 2560 transitus,
1842 2532 1942 2555 Domini.
1961 2543 1993 2548 —-·
2012 2531 2116 2553 Subinde

1261 2574 1383 2602 respicitur
1401 2574 1471 2596 Exod.
1494 2573 1531 2600 14,
1553 2574 1586 2595 16.
1604 2579 1670 2602 seqq.
1695 2572 1733 2601 (de
1751 2572 1817 2600 virga
1835 2574 1887 2600 etc.)
1911 2574 1933 2593 et
1956 2571 1992 2597 16,
2017 2570 2053 2592 13.
2076 2569 2115 2598 (de

1263 2614 1365 2642 manna),
1384 2620 1426 2642 pro
1444 2619 1491 2642 quo
1509 2613 1621 2641 allegatur
1638 2614 1709 2640 Apoc.
1728 2613 1754 2639 2,
1775 2611 1814 2633 ¹7:
1832 2611 1937 2633 Vincenti
1956 2609 2017 2632 dabo
2030 2615 2115 2631 manna

1262 2653 1434 2676 absconditum.
1455 2654 1507 2682 Suq.
1526 2656 1599 2675 textus
1617 2655 1652 2674 est
1668 2652 1723 2674 Ltic.
1742 2652 1785 2678 23,
1804 2651 1841 2673 43.

1326 2691 1334 2704 ⁷
1352 2693 1409 2715 Gen.
1428 2693 1470 2719 35,
1489 2693 1529 2714 tu:
1548 2692 1597 2714 Non
1614 2690 1736 2713 xocaberis
1754 2691 1811 2713 ultra
1824 2688 1905 2715 laceb,
1923 2689 1963 2711 sed
1981 2688 2057 2712 lsrael
2074 2688 2116 2710 erit

1262 2738 1349 2754 nomeu
1367 2734 1440 2755 tuum.
1458 2731 1502 2754 Ctr.
1522 2737 1592 2759 supra
1610 2731 1701 2759 Prolog.
1718 2743 1749 2746 —
1766 2730 1829 2756 Vat.,
1848 2730 1860 2751 3
1883 2732 1904 2751 et
1923 2728 1935 2751 4
1954 2727 2022 2751 Iacob
2041 2729 2115 2750 muto-

1263 2771 1300 2794 tus
1318 2770 1342 2794 in
1359 2770 1443 2794 Israel.
1467 2770 1579 2798 Superius
1599 2769 1698 2792 vocibus
1720 2775 1819 2793 arcessit
1842 2767 2046 2797 contemplationi-v
2068 2773 2115 2789 11011

1262 2810 1329 2838 pauci
1347 2810 1417 2833 codd.
1438 2811 1577 2833 interserunt
1592 2808 1677 2832 mentale
1693 2816 1745 2833 seu.

1325 2848 1334 2861 Β
1352 2851 1423 2878 Aper.
1442 2850 1467 2877 2,
1489 2849 1527 2871 17:
1546 2849 1617 2871 Nemo
1634 2849 1688 2876 scit,
1706 2849 1749 2871 nisi
1767 2851 1810 2871 etc.
1822 2860 1853 2864 —
1865 2846 1969 2877 Subinde
1991 2846 2115 2874 respicitur

1261 2889 1317 2912 Luc.
1338 2890 1377 2916 ¹2,
1396 2889 1437 2911 49:
1456 2889 1535 2917 ignem
1556 2888 1608 2910 veni
1633 2888 1722 2911 mittere
1740 2888 1761 2910 in
1782 2890 1873 2910 terram.
1885 2898 1916 2902 —
1928 2885 2040 2913 Superius
2061 2887 2114 2913 post

1261 2930 1353 2959 oportet
1369 2928 1385 2951 C
1402 2929 1485 2956 allegat
1503 2928 1618 2957 quaedam
1636 2927 1708 2950 verba
1726 2927 1828 2955 Dionys„
1846 2926 1875 2948 de
1887 2924 1979 2953 mystica
1998 2924 2115 2951 Theolog.

1262 2974 1281 2990 c.
1300 2969 1320 2990 3.
1340 2968 1400 2990 circa
1418 2968 1489 2989 finem
1507 2970 1529 2989 et
1546 2967 1575 2989 de
1592 2967 1642 2989 Div,
1662 2966 1726 2988 Nom.
1746 2972 1765 2988 c.
1783 2965 1804 2987 7.
1823 2964 1836 2993 (ζ,
1854 2965 1875 2987 3.

1323 3006 1333 3019 ⁹
1351 3007 1420 3035 Epist.
1438 3008 1454 3030 1.
1470 3007 1523 3030 Cor.
1541 3008 1567 3034 2,
1585 3007 1622 3029 10.
1639 3012 1705 3035 seqq.
1717 3018 1748 3022 —
1760 3004 1864 3028 Subinde
1881 3003 2003 3031 respicitur
2024 3002 2115 3025 [101111.

1262 3047 1287 3073 2,
1305 3047 1342 3069 20.
1360 3049 1383 3069 et
1399 3046 1437 3069 27.
1456 3046 1494 3074 (de
1514 3046 1641 3074 unctione).
