2285 3398
207 1932 239 1952 Ad
252 1930 327 1955 opponi-

243 1956 290 1973 tum.

253 1977 324 1996 Primo.

330 168 367 196 60

328 248 460 274 neutrum
487 247 528 273 est
559 252 713 273 summum:
736 251 802 279 ergo
833 242 1000 279 impossibile
1020 245 1077 277 est,
1099 242 1174 279 quod

328 292 363 320 sit
384 298 523 320 summum
544 290 647 319 bonum
668 289 894 326 multiplicatum
916 289 1000 317 immo
1020 288 1102 317 etiam
1122 288 1174 317 hoc

328 341 369 366 est
389 340 484 366 contra
504 336 689 369 intellectum,
705 335 770 372 quia
791 338 943 372 utrumque
957 338 1006 363 aut
1019 338 1060 363 est
1074 334 1173 362 maius

329 384 446 417 bonum,
468 386 515 411 aut
536 391 609 415 nom
630 383 651 411 si
673 391 747 411 non:
770 390 835 419 ergo
860 382 979 410 alterum
1010 381 1172 418 superfluit;

329 432 350 460 si
372 431 430 459 sic:
452 438 518 467 ergo
539 433 671 458 neutrum
692 432 733 458 est
764 437 913 458 summum.
936 429 1006 465 Ergo
1027 428 1048 457 si
1075 427 1173 456 intelli-

329 480 433 515 guntur
460 484 519 505 esse
547 476 629 513 plura
656 483 763 505 summe
790 476 876 509 bona,
898 475 1091 511 intelliguntur
1119 482 1173 502 non

327 532 386 553 esse
407 531 514 553 summe
534 523 606 552 bona
618 522 636 551 ¹.

406 572 431 599 5.
454 570 495 599 Ex
516 572 595 607 parte
609 569 777 607 influentiae
790 569 918 606 arguitur
933 568 979 597 sic.
996 568 1069 596 Deus
1084 567 1175 596 influit

329 618 356 646 in
377 625 473 646 omnes
504 625 549 646 res
580 617 792 654 perfectissime:
815 624 881 653 ergo
911 615 957 644 dat
988 618 1078 643 totum
1099 623 1174 648 esse,

328 673 382 694 non
402 665 546 701 partem23
569 663 616 693 sed
647 664 669 692 si
698 666 789 692 essent
819 663 914 700 plures
944 662 997 696 dii,
1024 664 1074 690 aut
1102 669 1176 689 unus

328 710 404 740 nihil
423 711 516 745 daret,
538 714 565 740 et
586 711 623 739 ita
644 719 698 739 non
720 712 792 739 esset
805 710 894 743 Deus;
909 712 957 738 aut
972 712 1091 745 uterque
1102 716 1175 745 par-

330 762 400 793 tem,
422 761 470 787 aut
490 757 564 786 nihil
584 758 677 791 daret,
699 760 726 786 et
747 757 785 785 ita
805 759 904 785 neuter
925 758 997 785 esset
1017 755 1105 789 Deus;
1128 758 1176 783 aut

332 808 451 842 uterque
472 805 547 833 idem
567 804 657 838 daret,
679 806 706 832 et
728 806 794 832 tunc
815 806 934 840 uterque
955 802 1037 831 simul
1059 805 1131 831 esset
1149 802 1176 830 in

328 852 423 881 eodem
444 859 493 888 per
514 851 660 880 essentiam
689 853 716 879 et
743 849 893 887 potentiam
918 852 945 878 et
976 849 1175 886 praesentiam;

329 902 356 927 et
377 898 443 935 quia
463 899 515 927 hoc
536 898 663 935 sequitur
684 897 718 925 ad
739 904 875 925 summam
901 896 1088 925 influentiam:
1110 901 1176 931 ergo

330 945 373 974 vel
393 953 467 973 unus
488 947 560 974 esset
580 945 608 973 in
628 944 729 977 altero,
744 943 787 972 vel
802 946 921 980 uterque
935 942 1176 978 circumscriptuS,

330 995 357 1020 et
378 992 416 1020 ita
436 995 535 1020 neuter
556 994 628 1020 esset
649 991 731 1020 Deus.

409 1039 434 1066 6.
457 1038 498 1066 Ex
520 1041 598 1075 parte
618 1046 752 1066 summae
772 1037 957 1066 caiisalitatis
978 1036 1106 1074 arguitur
1129 1035 1176 1064 sic.

329 1086 403 1114 Deus
423 1088 465 1114 est
485 1093 568 1114 causa
598 1085 703 1122 prima,
725 1085 822 1113 ultima
852 1086 879 1113 et
910 1083 1120 1121 perfectissima,
1146 1090 1178 1111 ac

330 1140 379 1169 per
401 1136 453 1161 hoc
474 1140 571 1166 causa,
594 1132 621 1160 in
636 1140 692 1169 qua
705 1134 793 1160 status
808 1134 849 1160 est
863 1139 912 1168 per
927 1138 1036 1159 omnem
1051 1130 1177 1164 modum,

331 1182 358 1208 et
389 1179 541 1208 secundum
574 1179 707 1208 rationem
743 1178 884 1217 efficiendi
894 1202 903 1213 ,
935 1177 1120 1215 exemplandi
1151 1180 1178 1206 et

330 1226 489 1263 finiemii³:
511 1234 578 1263 ergo
599 1226 621 1254 si
642 1225 737 1262 plures
757 1225 793 1253 dii
815 1228 922 1259 essent,
943 1228 1063 1261 uterque
1084 1224 1119 1252 ad
1139 1224 1178 1252 al-

331 1275 428 1313 terum!
444 1272 641 1301 reduceretur:
663 1280 730 1307 ergo
750 1274 849 1306 neuter
876 1274 948 1300 esset
968 1271 1091 1308 primus,
1114 1270 1178 1298 ulti-

333 1326 395 1347 mus
415 1314 441 1347 e*
463 1318 693 1355 perfectissimus,
714 1326 745 1346 ac
766 1326 816 1354 per
831 1318 883 1346 hoc
896 1320 995 1346 neuter
1010 1320 1082 1345 esset
1096 1317 1178 1345 Deus.

413 1367 438 1393 7.
462 1365 502 1393 Ex
524 1368 603 1401 parte
624 1365 756 1393 omnium
774 1364 996 1401 praedictorum
1020 1364 1059 1392 sic
1087 1363 1181 1400 argui<

334 1415 396 1440 tur:
418 1412 498 1448 quia,
521 1411 542 1440 si
574 1411 670 1448 plures
700 1410 736 1439 dii
768 1413 874 1444 essent,
896 1413 944 1440 aut
969 1410 1086 1438 omnino
1115 1418 1181 1438 eon-

333 1459 463 1487 venirent
490 1459 516 1487 in
548 1458 676 1487 omnibus
707 1457 909 1486 conditionibus
939 1457 1101 1494 praedictis,
1133 1459 1181 1485 aut

333 1506 450 1535 omnino
471 1504 637 1543 differrent,
658 1507 707 1533 aut
725 1505 836 1542 partim
859 1504 1042 1533 convenirent
1063 1507 1089 1532 et
1109 1512 1181 1541 par-

334 1554 385 1582 tim
406 1552 562 1591 differrent.
585 1553 610 1582 Si
633 1552 749 1581 omnino
771 1552 970 1580 convenirent:
985 1559 1051 1588 ergo
1066 1559 1120 1579 non
1139 1559 1181 1579 es-

334 1603 395 1629 sent
415 1600 510 1637 plures
530 1599 582 1634 dii;
605 1599 626 1628 si
648 1599 765 1628 omnino
786 1597 952 1636 differrent:
975 1605 1042 1634 ergo
1063 1597 1084 1625 si
1108 1605 1182 1625 unus

334 1650 406 1676 esset
425 1647 514 1681 Deus,
535 1647 604 1675 alter
625 1654 680 1675 non
701 1648 773 1675 esset
787 1646 876 1680 Deus;
892 1645 913 1674 si
929 1653 996 1674 vero
1008 1645 1121 1682 partim
1139 1644 1182 1673 sie

336 1697 364 1723 et
381 1694 494 1731 partim
514 1702 589 1722 non:
615 1701 681 1730 ergo
712 1693 739 1721 in
770 1693 894 1730 quolibet
921 1695 993 1721 esset
1023 1691 1127 1729 ahquid
1156 1694 1183 1719 et

338 1741 456 1777 aliquid:
478 1748 545 1777 ergo
573 1743 672 1769 neuter
704 1740 840 1776 simplex,
861 1747 892 1767 ac
923 1747 972 1775 per
1000 1739 1053 1767 hoc
1084 1740 1182 1767 neuter

336 1788 418 1816 Deus.
440 1803 479 1807 —
499 1787 540 1815 Ex
562 1786 605 1814 his
626 1786 771 1822 arguitur,
793 1785 867 1822 quod
898 1785 1021 1813 divinum
1050 1793 1109 1813 esse
1129 1793 1184 1813 non

336 1837 426 1872 potest
446 1833 623 1870 multiplicari
644 1840 694 1861 nec
715 1841 746 1860 re
767 1840 817 1860 nec
838 1832 1045 1860 aestimatione.

416 1881 463 1909 Ad
484 1881 647 1917 oppositum
668 1879 796 1916 arguitur
824 1878 914 1915 primo
942 1880 1038 1906 contra
1065 1877 1185 1905 rationes

339 1928 506 1966 praedictas:

419 1977 442 2004 1.
465 1974 598 2012 Quoniam
611 1982 665 2002 non
677 1973 806 2001 videntur
818 1980 920 2000 verum
931 1970 1104 2000 concludere.
1117 1970 1186 1998 Cum

337 2023 409 2053 enim
431 2023 518 2051 Deum
539 2029 598 2050 esse
619 2028 706 2049 unum
726 2020 761 2048 sit
775 2019 927 2052 articulus,
949 2018 976 2046 in
998 2026 1054 2055 quo
1075 2025 1185 2046 errave-

338 2073 405 2099 runt
426 2068 538 2106 pagani,
560 2067 719 2096 idololatrae
740 2069 767 2095 et
781 2065 904 2094 infideles
922 2068 949 2094 et
968 2064 1115 2098 haeretici,
1137 2063 1185 2101 qui

340 2125 434 2146 omnes
456 2116 557 2144 habent
578 2123 661 2144 usum
683 2113 810 2147 rationi&
832 2121 887 2141 non
902 2113 992 2141 solum
1009 2115 1099 2148 potest
1113 2111 1185 2148 cogi-

340 2164 405 2197 tari,
428 2163 474 2191 sed
495 2162 577 2191 etiarn
598 2161 735 2190 aestimari
757 2163 784 2189 et
805 2160 895 2193 credi,
921 2159 995 2197 quod
1016 2159 1110 2195 plures
1132 2158 1186 2187 sint

339 2210 392 2244 dii;
413 2213 461 2238 aut
481 2209 503 2237 si
524 2217 581 2237 non
600 2210 689 2245 potest
703 2207 874 2236 contrarium
893 2205 1048 2239 aestimari,
1069 2213 1123 2234 non
1145 2207 1186 2234 est

341 2256 476 2285 articulus
496 2255 567 2284 fidei.

419 2304 444 2331 Ξ.
468 2303 548 2336 Item,
570 2310 624 2330 non
656 2300 784 2329 videntur
814 2299 977 2328 necessario
1006 2298 1185 2327 concludere:

341 2350 470 2388 quoniam
491 2350 593 2379 eisdem
614 2347 767 2377 rationibus
787 2349 877 2383 potest
896 2345 1022 2383 probari,
1036 2344 1111 2382 quod
1130 2352 1187 2372 non

342 2397 396 2426 sint
416 2397 444 2425 iu
465 2396 557 2425 divino
577 2403 636 2424 esse
656 2394 751 2431 plures
771 2400 917 2430 personae,
939 2392 1010 2420 sicut
1031 2393 1106 2427 patet
1124 2398 1187 2427 per-

342 2443 485 2477 tractanti,
508 2442 564 2471 sive
585 2450 620 2470 ex
643 2443 721 2478 parte
752 2438 939 2468 sublimitatis
964 2441 1108 2471 naturae,
1130 2437 1188 2465 sive

339 2489 498 2526 potentiae,
520 2488 576 2517 sive
607 2487 783 2524 sapientiae,
812 2485 870 2514 sive
891 2484 1043 2516 bonitatis,
1065 2483 1122 2511 sive
1143 2483 1187 2511 in-

980 164 1205 201 QUAESTIONES
1226 165 1427 194 DISPUTATAE

1231 241 1382 278 fluentiae,
1405 243 1462 271 sive
1483 242 1675 271 causalitatis.
1705 242 1806 279 Quodsi
1836 242 1955 272 rationes
1983 251 2080 281 proce-

1230 289 1296 317 dant
1316 297 1353 318 ex
1374 289 1475 318 eisdem
1497 289 1593 317 mediis
1607 289 1642 317 ad
1656 289 1876 318 concludendum
1891 289 2006 324 falsum,
2025 298 2080 318 non
2114 296 2117 297 ⁷

1230 342 1296 372 ergo
1317 335 1471 364 necessario
1493 335 1670 364 concludunt.

1310 382 1335 411 3.
1358 383 1439 416 Item,
1461 383 1482 411 si
1504 390 1541 411 ex
1563 381 1709 418 praedictis
1737 381 1891 410 rationibus
1924 383 2081 411 necessario
2100 410 2102 412 ,

1230 428 1403 457 convincitur
1433 431 1461 458 et
1491 429 1639 465 probatur,
1671 428 1759 457 Deum
1788 436 1848 457 esse
1882 436 1985 462 unum;
2018 436 2082 457 cum

1236 474 1328 504 «fides
1349 483 1403 504 non
1426 476 1525 504 habeat
1547 475 1694 509 meritum,
1709 475 1753 503 cui
1775 475 1897 503 humana
1919 475 1989 503 ratio
2003 482 2083 512 prae-

1232 522 1278 550 bet
1299 522 1522 558 experimentum
1537 523 1587 550 ⁴²»:
1609 530 1675 559 ergo
1696 521 1828 550 meritum
1858 521 1922 551 fidei
1953 521 2082 551 evacuari

1232 568 1358 597 videtur:
1381 576 1447 605 ergo
1467 572 1516 598 aut
1536 572 1619 598 erunt
1638 569 1764 606 fragiles,
1786 572 1835 597 aut
1856 569 1975 598 inutiles.

1276 649 1278 651 ,
1311 614 1352 643 Ex
1367 622 1396 643 se
1411 614 1477 651 ipsis
1491 612 1620 644 obiicitur
1634 618 1731 644 contra
1745 615 1833 652 ipsas:

1311 661 1337 689 ίι.
1361 661 1392 689 Et
1410 661 1500 698 primo
1514 670 1550 690 ex
1571 662 1754 691 sublimitate.
1777 662 1886 691 Maioris
1907 661 2083 690 sublimitatis

1232 711 1273 737 est
1294 708 1446 745 superferri
1468 708 1552 737 rebus
1572 709 1668 738 similis
1688 712 1804 738 naturae
1823 717 1907 746 quam
1927 708 2082 743 dissimilis,

1232 759 1259 784 et
1280 755 1365 784 rebus
1386 755 1492 792 magnis
1513 763 1596 792 quam
1616 756 1724 793 parvis:
1747 756 1768 784 si
1791 764 1857 793 ergo
1879 759 2008 784 creatura
2028 763 2083 783 non

1233 806 1274 832 est
1296 802 1445 831 consimilis
1466 805 1582 831 naturae
1602 811 1666 831 cum
1687 803 1743 832 Deo
1764 807 1791 832 et
1813 803 2016 839 comparatione
2034 801 2083 831 Dei

1233 849 1311 887 quasi
1338 849 1405 878 nihil
1433 852 1489 883 est,
1518 857 1572 877 non
1593 849 1755 887 intelligitur
1786 850 1860 879 Deus
1891 858 2026 878 summas
2056 851 2084 877 et

1233 896 1503 929 excellentissimaS,
1519 895 1540 924 si
1557 896 1730 932 superfertur
1752 897 1841 925 solum
1856 897 1914 924 esse
1929 899 2029 924 creato.
2046 895 2084 924 Ad

1232 943 1353 972 divinam
1374 943 1459 979 igitur
1480 941 1590 970 videtur
1611 945 1734 978 spectare
1755 942 1959 976 excellentiam,
1981 948 2084 978 ponere

1234 990 1329 1027 plures
1340 992 1455 1017 naturas
1467 988 1611 1023 increatas,
1623 992 1650 1017 et
1661 989 1762 1018 iterum
1777 997 1861 1018 unam
1873 997 1959 1026 supra
1970 991 2083 1017 ceteras.

1314 1037 1339 1064 5.
1363 1036 1403 1064 Ex
1425 1038 1503 1071 parte
1524 1035 1745 1071 omnipotentiae
1759 1036 1805 1064 sic.
1827 1035 1998 1064 «Perfectae.
2009 1037 2085 1072 pote-

1235 1083 1312 1112 statis
1333 1086 1387 1116 θεῖ,
1409 1086 1440 1111 ut
1460 1082 1525 1111 dicit
1551 1081 1706 1116 Hilarius⁵‚
1728 1082 1755 1110 id
1783 1085 1911 1111 naturam
1940 1089 2019 1118 posse
2050 1081 2087 1110 fa-

2091 622 2185 644 Scantio.

1235 1131 1346 1164 cientis,
1369 1130 1442 1167 quod
1463 1132 1553 1166 potest
1581 1129 1735 1166 significare
1766 1137 1858 1158 sermo
1878 1129 1994 1158 dicentis
2009 1139 2037 1163 »;
2058 1131 2086 1157 et
2122 1157 2124 1159 ,

1235 1185 1363 1211 rursum,
1385 1177 1456 1205 ratio
1475 1176 1575 1210 dictat,
1597 1176 1671 1213 quod
1687 1179 1761 1205 tanta
1774 1176 1865 1204 virtus
1885 1176 1913 1204 in
1928 1178 2045 1209 tantum,
2060 1177 2087 1203 et

1236 1224 1322 1252 maior
1344 1224 1371 1251 in
1393 1224 1497 1257 maius,
1519 1226 1546 1251 et
1567 1223 1690 1251 maxima
1704 1222 1731 1250 in
1752 1222 1924 1256 maximum;
1946 1221 1993 1250 sed
2012 1222 2086 1250 Deus

1236 1270 1519 1306 omnipotentissimus
1540 1272 1596 1298 est:
1619 1278 1685 1306 ergo
1706 1277 1770 1298 cum
1785 1277 1836 1297 nos
1850 1269 1987 1306 possimus
2002 1268 2085 1305 signi-

1236 1317 1336 1350 ficare,
1357 1317 1452 1352 plures
1473 1316 1538 1344 deos
1565 1324 1640 1349 esse,
1663 1318 1752 1352 potest
1778 1316 1853 1344 Deus
1880 1316 1984 1349 facere,
2010 1314 2088 1352 ,quod

1238 1364 1307 1398 sint;
1323 1366 1350 1392 et
1365 1371 1429 1391 cum
1445 1363 1530 1399 possit
1544 1363 1637 1391 minus
1651 1362 1741 1391 facere
1762 1370 1837 1396 esse,
1853 1365 1943 1398 potest
1956 1361 2046 1390 maius
2060 1364 2087 1389 et

1239 1410 1406 1438 maximum:
1429 1417 1495 1445 ergo
1516 1411 1605 1445 potest
1633 1408 1722 1437 facere
1749 1408 1824 1436 aliud
1854 1416 1872 1442 a
1902 1415 1931 1436 se
1962 1409 2087 1440 tantum,

1238 1460 1359 1493 quantus
1380 1460 1421 1485 est
1440 1457 1512 1492 ipse:
1535 1458 1665 1484 consonat
1687 1463 1753 1492 ergo
1774 1452 2003 1491 omnipotentiae,
2025 1453 2086 1490 plu-

1239 1511 1285 1532 res
1298 1503 1364 1532 deos
1379 1511 1446 1532 esse.

1318 1551 1343 1578 6.
1367 1550 1407 1578 Ex
1429 1553 1507 1586 parte
1528 1550 1688 1586 sapientiae
1709 1549 1762 1577 sic:
1784 1548 1850 1585 quia
1871 1547 2001 1585 competit
2016 1555 2088 1576 sum-

1238 1605 1299 1626 mae
1319 1597 1467 1633 sapientiae
1488 1596 1562 1624 aliud
1584 1604 1600 1624 a
1621 1604 1649 1625 se
1669 1603 1765 1629 nosse,
1787 1598 1814 1624 et
1836 1598 1911 1623 tanto
1938 1594 2085 1631 perfectior

1238 1647 1280 1672 est
1301 1644 1448 1680 sapientia,
1470 1646 1574 1680 quanto
1601 1643 1751 1680 perfectius
1777 1645 1818 1671 est
1843 1641 2043 1678 cognoscibile:
2066 1641 2089 1669 si

1239 1699 1305 1728 ergo
1325 1691 1394 1719 nihil
1416 1693 1457 1719 est
1478 1690 1631 1726 perfectum
1651 1689 1763 1718 omnino
1784 1688 1858 1717 nisiG
1874 1696 1938 1722 ens,
1960 1687 2034 1724 quod
2048 1690 2090 1716 est

1241 1739 1330 1772 Deus,
1352 1741 1379 1766 et
1400 1737 1492 1766 divina
1513 1737 1647 1774 sapientia
1677 1736 1753 1764 novit
1780 1735 1956 1764 aeternaliter
1977 1733 2053 1763 aliud
2073 1742 2089 1762 a

1241 1792 1282 1818 se,
1304 1787 1331 1812 et
1353 1784 1405 1812 hoc
1436 1783 1590 1820 cognitione
1622 1782 1835 1819 perfectissima;
1867 1781 1992 1814 videtur,
2014 1779 2089 1817 quod

1241 1831 1417 1859 aeternaliter
1448 1830 1532 1858 fuerit
1563 1829 1638 1857 aliud
1668 1837 1684 1857 a
1704 1829 1777 1863 Deo,
1799 1828 1873 1865 quod
1905 1830 1996 1856 tamen
2018 1829 2090 1855 esset

1243 1877 1328 1905 Deus:
1351 1885 1416 1913 ergo
1448 1877 1540 1904 divina
1571 1876 1704 1912 sapientia
1734 1884 1788 1904 non
1816 1875 1922 1912 privat,
1944 1874 1991 1903 sed
2012 1873 2089 1911 ponit

1243 1923 1337 1959 plures
1357 1923 1463 1951 divinas
1484 1923 1624 1951 essentias.

1322 1971 1347 1998 7.
1375 1970 1415 1997 Ex
1431 1972 1508 2005 parte
1530 1968 1666 1997 bonitatis
1687 1968 1813 2005 arguitur
1835 1968 1881 1996 sic.
1903 1979 1915 1992 «ι
1931 1968 2034 1996 Bonum
2049 1968 2104 1996 est*

1242 2017 1363 2045 maxime
1390 2016 1550 2045 diffusivum
1569 2027 1596 2049 »,
1618 2017 1645 2043 et
1677 2015 1789 2051 «plura
1817 2014 1888 2042 bona
1912 2014 2089 2050 paucioribus

1243 2067 1307 2093 sunt
1328 2063 1473 2101 eligenda⁷
1489 2074 1519 2097 »3
1549 2065 1669 2099 utraque
1690 2062 1790 2090 harum
1818 2064 1859 2089 est
1884 2068 1933 2097 per
1959 2068 1987 2088 se
2008 2068 2089 2094 vera;

1242 2111 1290 2140 sed
1311 2119 1419 2139 summa
1439 2110 1549 2138 diffusio
1580 2109 1663 2138 divini
1686 2116 1743 2137 esse
1774 2116 1827 2136 non
1856 2109 1945 2144 potest
1976 2114 2035 2135 esse
2062 2106 2090 2134 in

1243 2161 1387 2186 creatura:
1410 2160 1451 2186 est
1471 2165 1537 2193 ergo
1558 2157 1585 2185 in
1607 2155 1688 2184 aliam
1709 2158 1836 2183 naturam
1859 2154 2020 2186 increatam,
2036 2160 2092 2189 qua

1244 2205 1346 2241 posita,
1372 2204 1469 2232 melior
1490 2207 1531 2232 est
1560 2206 1615 2232 tota
1636 2202 1727 2232 divina
1751 2201 1882 2235 essentia,
1905 2204 2018 2238 propter
2039 2200 2091 2228 hoc

1245 2251 1319 2288 quod
1340 2254 1423 2279 erunt
1438 2251 1519 2287 plura
1533 2250 1611 2279 bona.
1634 2250 1705 2287 Ergo
1719 2249 1740 2278 si
1761 2256 1842 2277 omne
1860 2248 1959 2277 melius
1980 2251 2021 2276 est
2035 2247 2091 2276 Deo

1245 2297 1454 2326 attribuendum
1469 2297 1574 2325 ratione
1589 2304 1711 2325 summae
1726 2295 1868 2329 bonitatis,
1883 2295 2002 2328 videtur,
2017 2293 2092 2331 quod
2113 2304 2122 2309 “

1245 2351 1354 2372 summa
1374 2343 1482 2371 bonitas
1502 2351 1556 2371 non
1578 2343 1721 2377 excludat,
1736 2341 1783 2371 sed
1798 2341 1890 2378 exigat
1907 2342 2003 2378 plures
2022 2339 2091 2369 divi-

1245 2397 1295 2418 nas
1316 2393 1437 2418 naturas.

1323 2436 1349 2463 8.
1372 2436 1412 2463 Ex
1434 2438 1512 2471 parte
1538 2435 1705 2472 influentiae
1731 2442 1863 2463 summae
1886 2434 1932 2462 sic.
1960 2433 2091 2462 Perfectio

1245 2482 1405 2510 influentiae
1426 2482 1513 2518 exigit
1534 2482 1700 2515 necessario,
1722 2481 1795 2518 quod
1815 2480 1960 2509 influentia
1980 2488 2034 2509 non
2056 2480 2091 2508 sit

409 2676 415 2689 ¹
434 2677 479 2700 Cir.
496 2676 604 2699 Richard.
621 2682 634 2697 a
652 2676 675 2698 S.
692 2675 759 2702 Vici„
775 2675 799 2696 ll.
816 2674 845 2697 de
863 2674 926 2696 Trin.
944 2680 964 2696 c.
982 2674 1019 2696 49.

406 2715 416 2729 ⁹
434 2716 493 2739 Vide
510 2715 571 2738 Libr.
589 2715 618 2738 de
642 2714 735 2741 Causis,
752 2720 848 2742 propos.
865 2714 886 2736 4.
906 2725 938 2730 —
953 2713 987 2735 De
1004 2713 1080 2736 modis
1097 2711 1188 2735 essendi

347 2762 387 2784 per
404 2754 528 2778 essentium
545 2757 589 2777 etc.
606 2755 647 2776 cfr.
665 2755 680 2776 1.
698 2754 760 2775 Seut.
778 2753 800 2775 d.
818 2753 856 2775 37.
873 2759 896 2780 p.
913 2753 928 2775 l.
946 2759 967 2775 a.
984 2754 1007 2775 3.
1024 2759 1048 2781 q.
1065 2754 1087 2775 2.

408 2793 417 2806 ³
434 2794 518 2817 Probat
533 2795 624 2821 Aristot.
636 2794 660 2816 ll.
672 2794 770 2821 Metaph.
783 2795 835 2815 text.
847 2793 869 2815 ὅ.
881 2799 947 2821 seqq.
967 2792 992 2821 (Ι.
1004 2792 1105 2819 brevior,
1117 2797 1137 2814 e.
1150 2790 1191 2820 2.),

348 2834 370 2856 in
387 2834 448 2856 omni
467 2838 556 2861 genere*
569 2838 690 2855 causarum
709 2831 794 2854 debere
810 2837 861 2854 esse
878 2834 969 2853 statum.

409 2870 418 2883 ⁴
435 2872 543 2899 Gregor.,
561 2872 585 2893 ll.
602 2872 686 2893 Ilomil.
704 2871 726 2892 in
743 2871 832 2898 Evang.
850 2870 928 2892 homil.
945 2867 984 2892 ⁴26.
1001 2876 1023 2892 n.
1042 2870 1063 2891 t.

409 2909 419 2922 ⁶
435 2910 496 2933 Libr.
513 2911 541 2933 V.
558 2911 587 2933 de
605 2910 669 2932 Trin.
685 2916 709 2932 n.
726 2910 747 2932 5.
765 2909 850 2931 Textus
867 2908 985 2936 originalis
998 2908 1074 2938 possit
1091 2914 1133 2936 pro
1152 2913 1193 2937 po-

348 2951 399 2974 test.
415 2962 447 2967 —
462 2950 495 2972 De
512 2956 561 2978 seq.
578 2955 674 2977 propos.
691 2950 732 2971 cfr.
748 2948 852 2975 Ariston,
870 2948 915 2970 Vll.
932 2948 1000 2975 Phys.
1011 2950 1064 2969 text.
1077 2947 1114 2969 35.
1127 2952 1192 2975 seqq.

1246 2671 1277 2700 (c.
1294 2671 1325 2700 5.)
1343 2674 1366 2693 et
1383 2671 1437 2693 Vlll.
1454 2672 1507 2693 text.
1523 2670 1562 2692 79.
1579 2675 1646 2698 seqq.
1664 2668 1694 2697 (c.
1711 2667 1808 2698 40.).—
1819 2666 1884 2690 Circa
1901 2667 1971 2689 finem
1989 2672 2038 2695 arg.
2050 2673 2093 2689 vo-

1246 2710 1311 2733 cibus
1335 2710 1414 2739 facere
1439 2708 1506 2732 aliud
1522 2708 1619 2731 ABEG
1637 2708 1774 2730 interserunt
1790 2705 1864 2736 qaod,
1888 2708 1910 2728 et
1927 2712 1969 2734 pro
1987 2707 2091 2736 quantus

1246 2750 1264 2772 A
1282 2750 1411 2779 quantum,
1429 2749 1446 2771 G
1464 2749 1582 2778 quantum
1598 2746 1635 2770 vel
1652 2747 1763 2776 quantus.

1309 2787 1318 2800 θ
1336 2789 1365 2811 lta
1383 2789 1442 2815 EG;
1459 2788 1495 2810 alii
1512 2787 1581 2811 sicut.

1311 2826 1319 2839 ⁷
1337 2828 1412 2850 Prima
1430 2833 1525 2855 propos.
1542 2829 1576 2848 est
1601 2825 1729 2848 secundum
1746 2824 1848 2851 Dionys„
1866 2824 1895 2846 de
1912 2823 2008 2847 Caelest.
2029 2823 2093 2845 Hier-

1250 2868 1312 2889 arch.
1329 2872 1349 2888 c.
1367 2866 1388 2888 4.
1414 2866 1427 2894 2¹,
1456 2867 1474 2888 l.
1499 2869 1521 2887 et
1546 2865 1575 2887 de
1600 2864 1651 2886 Div.
1668 2864 1733 2885 Nom.
1750 2869 1770 2885 c.
1788 2860 1839 2890 MS
1859 2863 1879 2884 l.
1902 2868 1964 2891 seq.;
1989 2861 2092 2884 secunda

1249 2909 1323 2928 sumta
1341 2908 1375 2927 est
1392 2911 1419 2927 ex
1436 2905 1535 2931 Aristot„
1553 2904 1585 2926 ΙΙΙ.
1603 2902 1684 2931 Topic.
1701 2908 1720 2924 c.
1737 2902 1759 2924 2.
1775 2913 1806 2918 —
1822 2902 1866 2923 Pro
1886 2900 1991 2930 eliqenda
2015 2901 2093 2928 legen-

1250 2945 1305 2968 dum
1323 2950 1374 2966 esse
1390 2944 1482 2966 videtur
1496 2941 1676 2972 praeeligenda,
1693 2941 1730 2963 vel
1747 2940 1823 2969 meeis
1841 2939 1956 2969 eliqenda.
