2285 3398
243 511 287 529 Tres
300 511 369 529 fructus

248 537 291 553 sunt
299 540 309 553 a
318 535 361 553 Chi-i

261 590 367 608 Considera>

243 613 302 632 tiones
323 614 342 631 12
358 619 367 630 a

242 637 314 655 Chi-isio
327 640 367 655 sunt

243 664 261 678 et
281 661 304 678 ad
327 666 368 679 eum

243 684 316 702 ducunt.

242 715 323 739 Quatuor
333 715 367 738 priv

266 1424 335 1448 Quinta
348 1426 366 1442 et

287 1450 345 1466 sexta.

253 1707 335 1730 Septima
348 1709 366 1726 et

275 1732 346 1749 octava.

257 1800 323 1820 Dulcia
336 1801 367 1820 tla—

284 1825 338 1848 gella.

382 159 437 187 416

381 237 589 275 descensionum
609 237 637 265 in
657 237 800 265 ordinibus
814 237 1004 267 Ecclesiarum.
1019 256 1057 259 —
1073 240 1112 268 De
1128 239 1216 277 plent-

381 285 479 313 tudine
499 284 576 318 eim,
605 287 739 322 quantum
765 284 799 313 ad
826 285 1044 315 coniunctionem
1071 287 1218 324 utriusque

382 332 513 361 Ecclesiae
540 331 692 360 militantis
715 335 742 361 et
763 330 985 369 tritmzplzantz's,
1008 334 1144 371 quomodo
1165 334 1217 362 Do-

382 379 472 408 minus
490 379 589 416 posuit
607 378 690 415 finem
713 378 775 407 eius
793 387 894 416 pacem
907 380 930 413 1,
946 380 1063 414 scilicet,
1084 384 1115 408 ut
1129 380 1216 408 decla-

382 426 467 459 rabit,
489 426 559 455 sicut
579 425 685 462 flumen
707 434 808 463 pacem.

461 474 484 501 ¹).
508 473 549 502 Sic
570 473 653 510 igitur
675 473 725 502 iste
745 473 852 502 fructus
872 477 913 502 est
933 482 949 502 a
969 474 1077 503 Christo
1106 474 1217 510 triplici·
1245 483 1247 507 l

1245 529 1246 533 ¹
1274 528 1394 556 semper,
1422 519 1561 557 quoniam
1582 529 1600 548 a
1627 520 1738 549 dextris
1758 524 1799 549 est
1818 519 1906 555 milii,
1936 529 1969 549 ne
1990 522 2112 549 eommo-

384 524 437 555 ter‚
460 520 524 557 quia
544 521 624 548 Iesus
641 519 773 549 Clu-istus
793 524 833 549 est
854 521 948 549 Filius
966 521 1028 550 bet:
1044 521 1107 558 quia
1124 522 1216 554 lea-us,

381 568 415 596 ab
435 568 493 604 ipso
513 568 620 596 fructus
639 568 771 605 mattae,-
792 569 857 605 quia
879 568 1026 602 Christus,
1051 568 1217 596 111101115ίί1-

380 615 491 649 stitiae,-
512 615 577 652 quia
598 615 692 644 Filius
713 616 779 650 Det,
802 610 908 645 fructus
929 615 1095 653 saptentiae.
1118 614 1217 643 Omnes

380 663 452 691 enlm
472 663 701 692 considerationes
722 666 748 692 et
769 672 788 692 α
811 663 924 692 Christo
945 666 1009 692 sunt
1030 666 1057 691 et
1074 663 1113 691 act
1135 661 1217 691 cliri-

380 714 456 738 stum
478 710 622 739 reducunt.
638 728 675 731 -
694 710 719 739 Si
742 710 897 739 consideras
919 711 1030 738 interna
1053 709 1218 746 spectacula

382 757 533 791 luminum,
555 757 587 786 ad
609 757 748 786 Christum
770 761 796 786 te
817 758 961 786 reducunt.
984 774 1020 777 —
1042 757 1068 785 Si
1091 756 1166 785 venis
1184 757 1217 785 ad

381 804 525 842 exempla,
553 812 691 833 summum
720 805 862 841 exemplar
883 804 1006 833 omnium
1034 804 1169 832 virtutum
1190 804 1217 832 in

380 851 488 880 Christo
509 854 557 880 est.
580 851 604 879 Si
621 851 792 888 patientiam
815 851 969 880 consideras
988 851 1048 885 Iob,
1071 850 1156 879 maior
1177 854 1218 879 est

380 898 479 927 Christi
502 896 645 935 patientiass
664 898 835 935 patientiam
859 898 906 926 Iob
935 898 1061 926 audistis
1087 901 1112 926 et
1131 897 1217 934 finem

381 945 498 974 Domini
513 945 637 979 vidistis,
652 945 717 974 dicit
731 945 803 974 ille2.
823 945 921 974 Stellae
935 945 1007 974 enim
1022 944 1090 973 nihil
1111 948 1175 973 sunt
1191 944 1217 972 in

380 992 582 1030 comparatione
600 992 672 1022 solis.
688 1009 726 1013 -—
741 992 766 1021 Si
782 992 858 1021 venis
878 992 912 1020 ad
930 992 1067 1029 praemia
1084 995 1216 1026 aeterna,

380 1041 446 1069 haec
467 1049 521 1069 non
543 1040 705 1070 habebimus
726 1041 776 1069 nisi
802 1048 850 1077 per
869 1039 1027 1073 Christum;
1050 1040 1077 1068 in
1100 1039 1216 1068 loanne:

379 1087 457 1116 Haec
468 1090 506 1115 est
520 1087 580 1115 vita
596 1091 723 1121 aeterna,
736 1091 769 1115 ut
782 1090 954 1124 coyizoscam
969 1090 993 1114 te
1006 1086 1101 1115 sotum
1115 1085 1218 1115 verum

380 1135 480 1169 Deum,
492 1137 517 1163 et
530 1143 613 1173 quem
626 1134 733 1163 misisti
744 1135 839 1163 lesum
852 1134 1007 1164 Clu-istum.
1022 1150 1057 1154 —
1070 1134 1094 1162 Si
1110 1134 1143 1163 ad
1159 1138 1216 1162 tor-

380 1185 474 1211 menta
490 1185 648 1218 perpetua,-
669 1181 719 1210 nisi
745 1190 843 1210 manus
863 1181 963 1210 Christi
986 1184 1012 1210 te
1034 1184 1139 1216 teneat,
1161 1190 1216 1210 non

380 1229 547 1258 liberaberis.
570 1229 639 1257 Puer
659 1229 747 1263 enim,
769 1229 791 1258 si
813 1229 890 1258 timet
910 1229 1007 1258 cadere
1035 1229 1061 1257 in
1083 1229 1215 1266 praecipi-

380 1276 464 1310 tium,
479 1276 580 1313 optime
595 1283 624 1305 se
638 1278 711 1305 tenet
731 1276 764 1304 ad
785 1278 917 1310 matrem;
932 1276 983 1304 nisi
998 1276 1070 1304 enim
1091 1283 1140 1312 per
1154 1284 1215 1305 san-

379 1323 489 1360 guinem
510 1323 609 1352 Christi
635 1323 766 1352 liberatus
786 1323 886 1357 fueris,
908 1331 961 1351 non
983 1323 1086 1360 poteris
1106 1323 1214 1352 salvari.

459 1372 501 1399 10.
518 1371 543 1399 Si
559 1371 714 1400 consideras
724 1374 895 1408 praecepta,-
910 1369 961 1399 stoc·
974 1374 1014 1399 est
1028 1375 1215 1408 praeceptum

378 1426 489 1451 meum,
515 1421 547 1445 ut
576 1417 705 1455 (litigatis
736 1417 887 1446 invicem?
910 1434 946 1438 -
969 1417 993 1446 Si
1025 1417 1058 1446 de
1089 1418 1215 1451 iudicio:

376 1465 503 1494 Christus
524 1465 644 1496 iudicare
666 1465 762 1499 habet;
784 1468 811 1494 et
839 1466 913 1494 hunc
940 1465 1072 1494 debemus
1099 1465 1215 1494 libenter

378 1513 446 1542 velle
467 1513 569 1542 habere
595 1512 728 1547 iudicem,
750 1513 815 1550 quia
836 1520 884 1541 nos
911 1512 1013 1549 diligit;
1041 1512 1113 1541 unde
1134 1512 1215 1541 debe-

378 1568 439 1589 mus
460 1560 509 1589 sibi
537 1560 644 1589 dicere:
672 1560 802 1593 Domine,
823 1559 906 1588 debes
933 1567 982 1588 nos
1010 1559 1146 1593 iudicare;
1169 1559 1216 1588 sed

376 1606 433 1641 sac,
455 1609 486 1635 ut
506 1607 617 1644 sanguis
638 1609 703 1635 tuus
724 1606 871 1635 satisfaciat
892 1614 942 1642 pro
963 1605 1048 1634 nobis.

460 1655 500 1683 11.
523 1654 548 1683 Si
564 1654 720 1683 consideras
740 1653 846 1682 solatia
860 1661 973 1686 severa,
996 1652 1023 1680 in
1038 1652 1146 1681 Christo
1161 1660 1215 1680 non

378 1701 506 1730 videntur
534 1709 582 1737 per
604 1700 680 1729 illum
703 1700 827 1734 modum,
856 1699 927 1728 sicut
947 1699 974 1728 in
995 1699 1071 1733 aliis,
1093 1699 1139 1728 sed
1167 1707 1216 1736 per

378 1748 477 1782 alium;
499 1748 564 1785 quia
588 1747 638 1777 sibi
666 1755 808 1784 nunquam
829 1746 983 1784 periculosa
1011 1746 1138 1779 fuerunt,
1166 1753 1216 1779 nec

378 1795 538 1832 temporalia
552 1795 646 1824 solatia
659 1795 764 1823 habuit.
778 1811 811 1814 —
828 1794 934 1823 Miscuit
948 1794 1020 1823 enim
1035 1802 1098 1822 cum
1115 1793 1217 1822 solatiis

378 1842 602 1876 amaritudinem,
624 1850 687 1871 cum
708 1842 837 1871 fruitione
855 1850 980 1879 poenam
988 1842 998 1875 ,'·
1025 1841 1115 1870 anima
1142 1841 1215 1870 enim

378 1889 449 1924 eius,
471 1897 541 1926 quae
562 1897 670 1926 semper
690 1889 767 1918 unita
787 1891 828 1918 est
842 1889 994 1923 Divinitati,
1016 1896 1123 1917 summe
1143 1888 1216 1917 dele-

378 1936 516 1971 ctabatur3
528 1938 555 1965 et
569 1939 659 1972 tamen
672 1936 730 1973 ipse
742 1936 851 1965 miscuit
862 1936 1083 1970 amaritudinem,
1098 1943 1216 1973 pauper—

379 1985 476 2016 tatem,
498 1990 622 2017 crucem,
643 1985 670 2012 et
691 1990 706 2011 e
726 1990 859 2012 converso
879 1983 989 2012 miscuit
1009 1983 1104 2012 solatia
1125 1983 1152 2011 in
1167 1982 1215 2011 ssa-

378 2029 470 2067 gellis,
491 2029 519 2058 in
533 2029 635 2067 quibus
655 2037 762 2059 summe
776 2029 970 2059 delectabatur.
992 2030 1067 2059 Unde
1088 2030 1215 2067 exemplo

378 2076 478 2106 Christi
509 2077 536 2105 in
558 2077 740 2106 consolatione
767 2077 921 2114 iungendus
950 2081 991 2107 est
1014 2078 1109 2112 timor,
1140 2077 1215 2106 etin

380 2124 488 2153 tristitia
508 2124 676 2162 iungendum
690 2127 732 2153 est
746 2124 885 2159 solatium,
900 2125 1027 2162 exemplo
1047 2125 1127 2154 etiam
1143 2124 1214 2153 beati

378 2171 512 2200 Francisci
524 2172 544 2206 ⁴,
559 2171 619 2209 qui,
640 2171 750 2209 quando
764 2172 788 2200 ei
808 2172 974 2201 offerebatur
989 2173 1087 2207 honor,
1108 2172 1215 2202 dicebat

379 2219 451 2248 socio
471 2226 537 2253 suo,
559 2218 632 2255 quod
652 2218 689 2247 ibi
711 2218 779 2247 nihil
798 2222 876 2248 erant
904 2219 1017 2253 lucrati;
1038 2219 1085 2248 sed
1105 2219 1215 2257 quando

379 2265 556 2303 recipiebant.
566 2265 703 2302 vituperia
710 2288 720 2300 ,
739 2268 804 2295 tunc
826 2266 1012 2295 lucrabantur.

442 2424 449 2437 ¹
467 2425 549 2448 Psalin.
563 2424 614 2453 147,
627 2424 671 2447 114ι
684 2424 727 2453 Qui
739 2424 816 2452 posuit
827 2424 883 2447 fines
895 2428 945 2448 tuos
958 2431 1038 2453 pacem
1048 2435 1053 2454 3
1063 2426 1112 2449 lsai.
1123 2426 1159 2455 48,
1174 2427 1214 2449 ¹8:

380 2464 446 2487 Facta
464 2464 540 2487 suisset
556 2464 615 2486 sicut
635 2464 720 2486 flumen
737 2469 780 2492 pax
802 2467 848 2486 tua.
864 2476 894 2480 —
911 2465 948 2487 Ut⁴
959 2471 1039 2488 sensus
1059 2466 1140 2495 aliquis
1157 2466 1215 2489 exhi-

379 2503 466 2531 beatur,
483 2502 641 2525 substituimus
657 2501 753 2530 seilicet,
765 2503 792 2525 ut
804 2509 845 2530 pro
866 2502 937 2532 quod,
956 2506 979 2525 ut
996 2504 1092 2526 habetur
1109 2505 1129 2527 in
1147 2504 1214 2527 codd.

379 2544 401 2564 et
417 2542 469 2564 edd.

441 2579 450 2592 ²
468 2581 510 2603 lac.
520 2580 540 2609 5,
551 2581 558 2602 rl
567 2581 587 2603 t:
597 2580 753 2603 sufferentiam
765 2579 803 2603 lob
812 2583 854 2602 etc.
863 2593 893 2597 —
903 2581 955 2609 Seq.
965 2581 1027 2604 locus
1036 2584 1069 2604 est
1078 2583 1138 2605 ioan.
1150 2582 1183 2610 17,
1194 2583 1215 2604 3.

442 2618 451 2631 ³
468 2621 528 2642 loan.
545 2621 587 2648 15,
605 2621 641 2642 12.

441 2657 451 2672 ⁴
467 2660 575 2688 Opuscul.
592 2661 733 2688 apophtheg.
750 2660 790 2682 51:
808 2660 866 2682 Dum
888 2660 909 2682 in
931 2661 1032 2689 quodam
1055 2664 1128 2684 castro
1151 2662 1215 2684 multi

380 2702 457 2722 sancto
474 2700 524 2721 viro
546 2699 705 2722 exhiberentur
727 2700 837 2727 honoreS,
855 2699 910 2722 dixit
926 2700 1000 2722 socio:
1018 2699 1133 2723 Abeamus
1151 2701 1214 2729 hinc,

380 2738 433 2760 nihil
450 2738 511 2760 enim
528 2738 564 2760 hic
580 2739 706 2766 lucramur,
724 2738 779 2760 dum
798 2739 947 2765 honoramur;
965 2738 995 2760 ibi
1012 2742 1046 2762 est
1062 2742 1165 2762 nostrum
1182 2741 1216 2763 lu-

380 2783 458 2804 crum,
474 2776 513 2799 ubi
530 2777 687 2805 vituperamur
704 2779 726 2799 et
742 2777 912 2805 vilipendimur.
940 2804 943 2806 ¹

442 2815 451 2828 ὁ
468 2817 549 2839 Psalm.
564 2817 617 2845 l20,
631 2817 648 2839 1.
658 2829 688 2833 -
698 2817 750 2845 Seq.
759 2817 822 2839 locus
831 2819 865 2839 est
874 2817 909 2839 Ps.
919 2817 1081 2846 45,8;tertius
1090 2818 1137 2841 Act.
1147 2819 1168 2847 7,
1178 2819 1215 2841 56.

442 2854 451 2868 ⁶
467 2857 538 2884 Apoc.
556 2857 597 2884 22,
616 2856 636 2878 ἸΙ.
653 2868 683 2872 -
701 2854 803 2878 Subinde
820 2856 939 2883 respicitur
956 2857 1026 2884 Apoc.
1044 2857 1069 2885 5,
1087 2858 1113 2879 5:
1130 2858 1162 2880 Ne
1179 2859 1216 2880 sse-

383 2896 451 2923 veris;
463 2901 527 2923 ecce,
538 2895 592 2917 vicit
608 2895 643 2917 leo
660 2895 689 2917 de
706 2894 765 2917 tribu
783 2895 848 2923 luda,
860 2894 923 2917 radix
935 2894 1020 2923 David,
1032 2896 1120 2923 aperire.
1132 2896 1215 2919 librum

381 2938 403 2957 et
419 2936 508 2958 solvere
524 2937 612 2963 septem
629 2935 745 2962 signacula
762 2934 818 2956 eius.

444 2972 452 2986 ⁷
470 2974 538 2997 llebr.
559 2974 596 3002 13,
613 2975 635 2996 9.
651 2986 682 2990 -
699 2975 750 3002 ch.
767 2974 829 2996 locus
845 2976 877 2996 est
895 2974 909 2995 l.
926 2974 983 2996 Petr.
1004 2974 1022 3002 l,
1038 2974 1070 2996 13.
1082 2986 1112 2991 —
1124 2975 1216 2997 lnscrius

965 159 997 188 IN
1018 154 1235 190 HEXAEMERON
1257 159 1418 189 COLLtTIO
1438 160 1524 189 xvnl.

1354 239 1396 266 19..
1418 238 1444 266 Si
1466 238 1621 267 consideras
1636 246 1651 267 e
1665 238 1769 267 directo
1782 240 1816 269 ad
1830 241 1937 270 civitam
1949 243 2111 279 praesidia,
2125 250 2208 276 Quatuor
2220 249 2247 267 ui-

1274 284 1419 313 hierarcha
1440 284 1597 321 principalis
1617 284 1744 313 Christus
1764 289 1813 314 est.
1835 303 1873 307 ——
1893 288 1919 316 Si
1943 288 1977 317 de
1991 297 2111 326 5020an
2154 275 2217 292 mnae.

1274 332 1323 360 etsi
1356 331 1447 367 Angeli
1475 334 1502 359 et
1532 331 1621 360 Sancti
1652 331 1747 360 iuvant
1768 348 1804 352 -
1826 333 1986 362 Psalmus⁵=
2008 336 2113 364 Levavi

1274 378 1370 406 oculos
1389 386 1465 406 meos
1480 378 1510 406 z'n
1531 382 1653 412 montes,
1671 378 1746 407 unde
1766 380 1856 407 veniet
1874 380 2020 408 auaritiam
2040 381 2113 410 milti

1274 425 1484 461 —principalis
1506 428 1595 454 tamen
1618 428 1754 463 pugnator
1774 426 1900 454 Christus
1921 429 1976 460 est;
1998 427 2070 455 unde
2084 428 2112 456 in

1274 472 1394 501 Psalmo:
1418 472 1609 501 Providebam
1640 473 1794 501 Dominmn
1824 473 1853 501 ’ῐη
1875 477 2025 510 eon-speetu.
2051 483 2112 502 meo

1274 575 1360 600 ceam
1382 566 1462 600 item,
1484 567 1512 595 in
1533 567 1655 596 Actibus:
1678 567 1759 596 Vz‘cteo
1774 568 1866 596 caelos
1884 571 1998 605 apertos
2019 572 2042 597 et
2065 568 2113 597 Fz'-

1275 613 1346 641 tt'itm
1367 611 1492 641 hominis
1506 616 1627 642 stantem
1648 623 1667 642 a
1688 615 1798 643 demeris
1813 614 1873 642 Dei.
1889 631 1926 634 —
1941 615 1966 643 Si
1981 616 2113 652 qratiam

1274 660 1442 700 consideras,
1458 659 1527 689 ltaee
1547 661 1646 689 omnia
1662 662 1774 690 veniunt
1795 661 1828 690 de
1842 662 1906 690 sede
1920 662 1973 690 Dei
1985 666 2011 691 et
2025 663 2111 700 Aym'.

1275 707 1346 741 Vidi,
1369 707 1457 744 inquit
1480 707 1590 736 loannes
1601 708 1621 742 ⁶,
1642 708 1767 744 fluvium
1784 709 1981 745 procedentem
1996 709 2030 737 de
2049 710 2113 738 sede

1276 755 1327 783 Dei
1357 759 1383 783 et
1414 755 1499 792 Agmt'.
1515 772 1553 775 ——
1568 755 1593 783 Si
1624 755 1780 784 consideras
1810 754 1982 792 fiyurarmn
2011 756 2112 794 siqua,

1274 802 1365 830 omnia
1385 801 1546 830 reseruntur
1566 802 1599 830 ad
1612 802 1753 831 Christum
1774 805 1800 831 et
1821 805 1886 831 sunt
1906 802 2040 837 obscura,
2061 803 2112 832 nisi

1274 857 1323 886 per
1344 849 1484 877 Christum
1511 849 1652 878 solvantur
1680 850 1827 887 signacula.
1854 866 1890 870 —-
1916 849 1990 879 Unde
2017 858 2113 879 omnes

1274 896 1504 925 considerationes
1526 896 1668 925 remittunt
1689 897 1723 925 ad
1744 896 1892 925 Christum.

1354 943 1397 972 13.
1416 944 1437 972 Ἀ
1459 943 1567 972 Christo
1581 952 1646 981 ergo
1666 948 1707 973 est
1721 944 1828 973 fructus
1848 944 1971 982 yratz'ae.
1995 945 2041 973 Est
2063 953 2112 974 au-
2134 951 2178 970 Pars
2190 951 2211 970 1¹-
2224 951 2255 970 De

2122 975 2181 993 tribus
2189 975 2245 994 fructi

1274 993 1329 1019 tem
1349 990 1525 1027 quadruplex
1552 991 1659 1020 fructus
1678 992 1814 1029 gratiae:
1842 991 1972 1020 stabilire
1992 992 2111 1021 animam
2121 998 2244 1045 {issffipfisstqgss

1273 1046 1323 1075 per
1343 1037 1440 1071 fidem,
1461 1037 1645 1075 sanctificare
1665 1047 1714 1076 per
1735 1039 1858 1067 divinum
1879 1046 2016 1073 amorem,
2044 1047 2217 1093 3²⁴²“ss32253fm
2233 1046 2251 1064 in

1272 1094 1339 1113 sum
1359 1084 1438 1122 ferre
1458 1093 1507 1122 per
1528 1093 1620 1122 spem,
1647 1086 1789 1115 inclmare
1810 1094 1859 1123 per
1886 1086 2010 1115 divinum
2031 1086 2111 1117 timo·
2138 1093 2165 1111 De
2178 1093 2238 1119 fractu

1273 1140 1341 1162 rem.
1356 1149 1393 1153 —-
1408 1133 1446 1161 De
1466 1133 1555 1170 primo
1576 1134 1718 1170 Apostolus
1730 1134 1753 1162 ⁷:
1779 1134 1925 1171 Optimum
1945 1137 1985 1162 est
2010 1134 2112 1172 qratia
2125 1118 2252 1182 ειῖἓῗιῖἧῗοιῑ-

1272 1179 1401 1208 stabilire
1422 1189 1484 1214 cor,
1504 1189 1563 1208 non.
1583 1181 1661 1209 escis,
1678 1181 1766 1210 ludaei
1789 1181 1962 1210 stabiliebant
1982 1189 2011 1210 se
2029 1189 2112 1218 super
2173 1168 2208 1182 ’¹¹³'

1272 1235 1355 1256 escas.
1372 1243 1408 1248 —
1424 1227 1461 1256 De
1483 1228 1602 1256 secundo
1617 1228 1727 1257 Petrus:
1751 1228 1874 1265 Propter
1888 1229 1977 1267 quod,
1999 1229 2112 1258 succin-

1272 1274 1311 1302 cti
1330 1273 1441 1302 lumbos
1462 1275 1564 1303 mentis
1586 1278 1709 1309 vestrae,
1729 1275 1838 1309 sobrii,
1857 1275 1981 1313 perfecte
2000 1279 2113 1314 sperate

1272 1321 1303 1349 in
1323 1329 1388 1349 eam
1408 1329 1482 1359 quae
1503 1321 1623 1359 offertur
1643 1322 1722 1351 vobis
1746 1323 1892 1360 qratiam,
1914 1323 1945 1351 in
1966 1323 2112 1352 revetatio-

1271 1377 1334 1397 nem
1357 1369 1426 1397 Ieszc
1445 1367 1559 1397 Clu-isti.
1576 1369 1758 1398 Sanctificatio
1779 1369 1851 1398 enim
1873 1372 1915 1398 est
1929 1370 1955 1398 in
1977 1378 2024 1404 eo,
2038 1370 2112 1407 quod

1272 1416 1404 1449 virtutes,
1426 1424 1496 1453 quae
1515 1419 1579 1445 sunt
1601 1417 1685 1445 lumbi
1715 1417 1829 1450 inentiS,
1857 1417 2063 1446 transferuntur
2085 1417 2112 1446 in

1271 1463 1367 1492 Deum.
1394 1479 1430 1484 —-
1452 1463 1489 1492 De
1518 1463 1598 1492 tertio
1624 1463 1657 1491 ad
1685 1463 1815 1492 Titumss:
1838 1463 1994 1501 Iustifieatz'
2011 1464 2113 1501 qratia

1272 1510 1380 1547 zjvsz'us,
1402 1509 1516 1538 herede-s*
1529 1518 1633 1538 sumus
1646 1510 1806 1538 seeundum
1827 1519 1905 1547 spem
1925 1511 2002 1539 vitae
2022 1514 2112 1539 aeter-

1272 1565 1334 1585 nae.
1358 1557 1389 1585 Et
1408 1557 1497 1593 prima
1519 1557 1605 1585 Petri:
1630 1557 1798 1585 Benedictus
1821 1558 1895 1586 Deus
1913 1562 1938 1586 et
1953 1559 2042 1587 Pater
2059 1559 2113 1587 Do—

1272 1603 1347 1632 mini
1366 1604 1461 1632 nostri
1481 1604 1544 1631 Iesu
1569 1602 1693 1638 Christi,
1715 1604 1767 1642 qui
1785 1605 1943 1633 seeundum
1972 1613 2113 1643 maynam

1272 1650 1507 1679 misericordiam
1527 1659 1615 1678 suam
1642 1651 1822 1688 reyeiwrcwit
1842 1660 1894 1680 iws
1921 1652 1952 1680 in
1973 1661 2051 1690 spem
2071 1652 2112 1681 vi-

1272 1706 1348 1726 vam.
1370 1714 1408 1717 —
1432 1698 1471 1726 De
1499 1701 1598 1734 quarto
1627 1698 1844 1728 Ecclesiasticus:
1874 1700 1988 1736 ,Quanto
2015 1700 2113 1729 maior

1273 1753 1317 1779 es,
1339 1743 1464 1773 humilia
1485 1748 1509 1773 te
1529 1745 1561 1773 ‘m
1581 1744 1721 1774 omnibus.

1353 1792 1396 1821 14.
1419 1793 1469 1821 Per
1490 1792 1634 1821 luminum
1655 1793 1820 1830 spectacula
1846 1793 2002 1831 disponitur
2022 1795 2113 1823 anima
2131 1798 2256 1826 Αιίῡέιπὲωος

2121 1825 2173 1841 actus
2191 1822 2253 1846 dispo-

1272 1840 1306 1869 ad
1323 1841 1457 1878 primum
1477 1844 1569 1870 actum
1590 1841 1701 1878 gratiae.
1724 1841 1831 1878 Quanto
1852 1841 1924 1870 enim
1951 1842 2015 1879 plus
2034 1842 2113 1871 intel·
2121 1846 2253 1893 3228251220‘22‘

1272 1888 1366 1925 ligitur
1387 1888 1544 1925 Scriptura,
1567 1890 1642 1917 tanto
1655 1891 1773 1925 augetur
1794 1888 1877 1923 fides;
1898 1892 1925 1918 et
1944 1889 1983 1918 sic
2004 1892 2045 1919 est
2058 1898 2113 1919 una
2121 1892 2250 1912 consideratio

2123 1922 2173 1936 Helu.

1272 1935 1384 1965 refectio
1404 1933 1532 1973 affectus.
1555 1952 1593 1955 ——
1614 1935 1791 1964 Sanctorum
1811 1936 1941 1973 emempta
1965 1936 2113 1973 disponunt

1272 1982 1305 2011 ad
1335 1981 1594 2018 sanctificationem
1623 1982 1745 2017 animae,
1776 1982 1808 2011 ad
1830 1983 1990 2012 secundum
2020 1985 2113 2012 actum

1271 2029 1383 2067 gratiae.
1405 2029 1478 2058 Inter
1498 2029 1604 2063 omnia,
1625 2037 1696 2067 quae
1716 2029 1750 2058 de
1771 2030 1867 2066 loseph
1888 2030 2028 2067 leguntur,
2055 2031 2113 2068 pla-

1272 2080 1314 2106 cet
1334 2077 1417 2112 illud,
1439 2077 1512 2114 quod
1533 2077 1571 2106 sic
1592 2077 1748 2106 fidelitatem
1770 2077 1889 2106 servavit
1916 2078 2026 2107 domino
2046 2086 2111 2113 suo;

1271 2133 1334 2153 cum
1356 2127 1446 2153 tamen
1468 2124 1577 2153 domina
1597 2132 1648 2153 sua
1668 2124 1855 2161 pulcherrima
1875 2127 1935 2153 erat
1954 2127 1981 2153 et
2001 2125 2113 2154 commi-

1271 2172 1389 2200 nabatur
1417 2171 1499 2200 sibi⁹.
1525 2171 1611 2200 David
1638 2171 1776 2206 similiter,
1805 2179 1869 2200 cum
1891 2172 1982 2201 multa
2002 2172 2111 2206 fecerit,

1271 2227 1341 2256 quae
1362 2222 1472 2248 movent
1492 2218 1524 2247 ad
1546 2218 1740 2253 imitationem,
1762 2219 1829 2248 illud
1843 2219 1982 2256 potissime
2009 2219 2111 2256 placet,

1271 2266 1345 2303 quod
1359 2274 1422 2295 cum
1443 2265 1507 2294 Saul
1521 2268 1613 2303 posset
1626 2266 1796 2301 interficere,
1818 2266 1920 2301 noluit;
1936 2266 1983 2304 qui
2005 2269 2111 2301 tamen,

1271 2428 1322 2454 post
1338 2425 1435 2449 virtutes
1452 2425 1505 2447 edd.
1524 2428 1546 2447 et
1562 2424 1579 2447 C
1596 2424 1683 2447 addunt
1694 2424 1822 2453 amatione,
1840 2425 1856 2447 B
1873 2426 1978 2453 amatae,
1996 2425 2015 2447 Ι)
2030 2431 2112 2448 aman-

1271 2467 1319 2493 tur,
1336 2466 1353 2488 Α
1363 2466 1379 2488 Ε
1396 2471 1452 2488 vero
1468 2465 1504 2487 illa
1520 2465 1635 2487 omittunt.
1702 2462 1705 2465 χ

1334 2503 1343 2517 ⁸
1359 2504 1414 2533 Cap.
1431 2505 1457 2533 3,
1474 2505 1504 2527 7:
1520 2505 1548 2527 Ut
1564 2504 1701 2527 iustificati...
1725 2505 1797 2527 simus
1814 2507 1855 2526 etc.
1872 2516 1903 2521 -
1920 2505 1972 2533 Seq.
1996 2504 2059 2527 locus
2076 2506 2111 2526 est

1272 2544 1287 2566 l.
1303 2544 1361 2566 Petr.
1383 2544 1400 2572 l,
1417 2544 1446 2571 3;
1463 2543 1542 2566 tertius
1558 2543 1623 2566 Eccli.
1641 2545 1667 2571 3,
1684 2543 1728 2566 20:
1746 2543 1834 2572 Quanto
1851 2549 1949 2571 magnus
1965 2549 1990 2565 es
2006 2545 2048 2565 etc.

1333 2581 1343 2595 ⁹
1360 2584 1415 2606 Gen.
1432 2583 1473 2611 39,
1490 2583 1512 2605 7.
1529 2589 1593 2612 seqq.
1604 2595 1635 2599 —
1646 2583 1678 2605 De
1689 2582 1763 2604 David
1780 2583 1819 2604 cfr.
1836 2582 1851 2604 l.
1868 2582 1925 2610 ch.
1942 2581 1984 2610 24,
2002 2582 2023 2604 5.
2034 2588 2110 2611 seqq.,

1271 2625 1294 2645 et
1305 2623 1347 2651 26,
1359 2623 1381 2645 5.
1392 2629 1440 2651 seq.
1452 2622 1491 2645 ubi
1508 2629 1531 2644 v.
1549 2623 1584 2644 12.
1601 2622 1696 2644 dicitur:
1713 2622 1797 2644 Omnes
1808 2620 1964 2649 dormiebant,
1976 2621 2029 2650 quia
2041 2627 2110 2649 sopor

1272 2662 1362 2685 Domini
1373 2662 1469 2684 irruerat
1480 2667 1549 2689 super
1560 2667 1606 2695 eos.
1618 2673 1649 2677 —
1658 2661 1765 2689 August„
1777 2660 1846 2688 Epist.
1859 2659 1895 2682 43.
1909 2660 1971 2688 (alias
1984 2660 2044 2689 162.)
2057 2666 2076 2682 c.
2089 2660 2110 2682 8.

1271 2708 1293 2724 n.
1305 2701 1348 2723 23:
1359 2701 1448 2723 Tolerat
1460 2700 1533 2723 David
1545 2701 1635 2723 Saulem
1647 2703 1816 2728 persecutorem
1828 2706 1908 2728 suum,
1920 2699 2034 2722 sceleratis
2044 2699 2111 2721 mori-

1272 2740 1316 2763 bus
1336 2740 1439 2763 caelestia
1461 2740 1615 2767 deserentem,
1633 2739 1729 2767 magicis
1744 2738 1832 2761 artibus
1846 2738 1931 2761 inferna
1948 2740 2109 2767 quaerentem;

1271 2779 1373 2802 occisum
1389 2779 1491 2802 vindicat
1512 2781 1553 2802 etc.
1571 2780 1643 2801 serm.
1660 2779 1713 2801 279.
1731 2778 1794 2807 (alias
1811 2777 1848 2800 24.
1864 2784 1890 2800 ex
1908 2777 2030 2806 Sirmond.)
2049 2784 2070 2799 n.
2088 2777 2110 2800 5.

1272 2819 1326 2841 dicit
1337 2818 1366 2841 de
1378 2818 1442 2846 Saul,
1460 2818 1521 2847 quod
1534 2820 1582 2840 erat
1595 2826 1607 2838 α
1618 2824 1655 2840 rex
1672 2817 1798 2846 pessimus,
1816 2820 1947 2845 persecutor
1963 2816 2034 2839 sancti
2048 2816 2110 2838 scrvi

1272 2858 1312 2880 Dei
1329 2857 1402 2880 David
1415 2867 1436 2880 ».
1460 2857 1504 2880 cfr.
1529 2858 1596 2880 XVll.
1621 2857 1650 2879 de
1671 2856 1721 2880 Civ.
1738 2857 1790 2885 Dei,
1807 2862 1826 2879 c.
1843 2856 1866 2878 6.
1882 2863 1904 2879 n.
1921 2857 1947 2885 2,
1964 2855 2004 2879 ubi
2020 2859 2109 2883 monet,

1271 2898 1333 2926 quod
1351 2897 1423 2919 Dav-id
1441 2897 1513 2925 Sauli,
1530 2897 1580 2919 licet
1597 2903 1608 2918 a
1626 2896 1673 2918 Deo
1697 2895 1834 2924 reprobatus
1858 2898 1926 2924 atque
1951 2895 2047 2918 reiectus
2069 2893 2109 2922 sit,

1272 2936 1384 2965 pepercit,
1401 2942 1454 2959 cum
1472 2936 1582 2964 potuisset
1598 2935 1702 2958 occidere
1718 2941 1779 2957 eum.
