2285 3398
356 176 412 205 355

354 254 497 284 manifeste
518 254 610 291 ponit,
631 256 659 283 et
680 253 707 282 in
729 253 773 282 his
795 253 903 282 veritati
918 253 981 283 fidei
997 254 1067 283 ratio
1082 254 1206 283 subster-

238 310 342 336 namqvent
354 302 439 331 nitur.
468 302 522 330 Hae
549 300 711 329 medietates
732 303 876 329 removent
901 300 967 329 vitia
987 301 1045 330 sive
1070 301 1206 334 carnalia,

264 334 315 352 ‘⁸⁸¹³'
354 350 412 378 sive
433 348 602 386 spiritualia,
625 350 657 376 ut
677 347 871 385 temperantia
891 347 984 385 gulam
1005 351 1032 376 et
1047 347 1206 380 luxuriam,

354 395 557 433 munificentia
587 394 748 428 avaritiam,
780 394 976 431 cupiditatem,
1008 394 1205 431 rapacitate-nu

355 442 498 481 fortitudo
522 441 672 476 accidiam,
702 441 855 479 ignaviam,
884 441 1041 478 pigritiam;
1070 448 1206 469 mansue-

356 491 425 519 tudo
447 489 635 523 iracundiam,
663 489 775 523 odium,
804 488 1023 525 impatientiam3
1045 486 1207 524 beniffln'tas

356 537 505 571 invidiam;
533 536 769 574 vnaymnz'mttas
798 535 974 573 superbiam,
1003 534 1206 571 arrogantiam,

356 584 522 619 vanitatem,
544 583 711 613 iactantiam.

437 633 480 660 12.
497 631 641 660 Secundus
656 630 751 659 radius
766 621 1026 659 verimtis‘illustrat
1039 628 1073 656 ad
1085 634 1208 663 compre-

221 687 268 705 mss
280 686 301 704 ¹¹·
315 685 343 711 De
356 678 518 708 hensionem
533 677 756 707 indum-tarum
773 676 926 706 secundum
941 674 1149 712 speculationes
1164 673 1207 701 in—

234 709 332 728 industriis

214 725 533 775 slgghfflgffgss-tellectuales.
556 725 610 753 Hae
631 727 697 753 sunt
721 723 864 761 quinque:
886 722 1023 755 seientia,
1046 729 1115 754 ars,
1134 728 1209 757 pru-

234 780 331 799 iectuales.
355 772 469 806 dentice,
484 771 642 809 sapientia,
658 770 845 808 intellt'qentz'a
858 771 875 798 ¹.
892 786 930 789 —
945 768 1101 806 speculatio
1115 771 1208 796 autem

248 804 406 851 flssinfflfaut
426 822 468 848 est
488 818 647 848 consistens
668 818 700 846 in
721 826 766 851 se,
788 820 837 846 aut
852 816 958 845 transit
981 816 1012 844 in
1033 814 1167 853 affectum
1184 817 1211 843 et

356 865 495 905 effectum.
519 865 628 894 Primus
648 864 749 893 modus
770 872 824 893 non
852 863 973 900 pertinet
999 862 1033 891 ad
1060 862 1210 895 moralem,

357 913 405 943 sed
425 913 513 950 magis
534 912 614 950 logici
636 915 696 946 est;
718 910 858 941 secundus
878 913 971 939 autem
996 912 1117 947 spectat,
1146 909 1212 946 quia

358 960 519 994 virtuosus;
542 963 570 989 et
590 959 667 993 ideo,
689 959 755 996 quia
769 958 885 987 faciliter
900 957 1088 995 speculativus
1103 957 1133 985 tit
1148 964 1211 993 pra-

358 1007 462 1042 cticus,
484 1007 562 1036 facile
583 1015 619 1036 ex
641 1006 812 1043 speculativo
833 1006 865 1034 lit
886 1005 1037 1034 virtuosus.

440 1054 483 1084 13.
505 1054 607 1083 Notitia
627 1054 712 1091 igitur
734 1053 871 1082 transiens
893 1053 919 1081 in
942 1052 1077 1090 affectum
1098 1055 1139 1081 est
1163 1060 1211 1080 Sa-

244 1109 272 1128 ne
285 1109 314 1136 his
327 1109 345 1128 in
355 1102 485 1140 pientia,
513 1109 586 1139 quae
606 1104 648 1130 est
675 1112 688 1125 «
702 1100 822 1137 cognitio
843 1107 991 1128 causarum
1013 1099 1211 1128 altissimarum

262 1137 333 1157 ⁵⁹⁹⁰*
356 1153 386 1178 et
399 1157 449 1186 per
464 1156 563 1178 causas
576 1148 724 1177 altissimas
735 1148 746 1164 ²
761 1159 787 1175 ».
800 1163 837 1169 —
850 1147 950 1176 Notitia
964 1150 1056 1176 autem
1075 1147 1212 1175 transiens

358 1197 387 1226 in
407 1195 537 1234 effectam
558 1195 749 1224 extrinsecum
771 1197 812 1223 est
833 1203 903 1228 ara,
925 1202 997 1231 quae
1011 1197 1052 1222 est
1072 1206 1084 1218 α
1101 1193 1213 1222 habitus

359 1251 423 1272 cum
445 1243 551 1272 ratione
572 1242 690 1271 factivus
704 1253 732 1275 »,
747 1244 781 1270 ‚et
802 1242 847 1270 liic
875 1241 1000 1278 iungitur
1024 1240 1121 1269 notitia
1148 1248 1212 1269 cum

359 1289 623 1326 faciente,-praevia
646 1292 738 1317 tamen
757 1288 907 1317 allectione.
924 1288 1043 1316 Medium
1058 1288 1130 1316 inter
1145 1287 1214 1317 haec

360 1340 402 1366 est
423 1336 534 1370 electio,
561 1343 633 1373 quae
661 1335 786 1372 iungitur
814 1335 923 1364 affectui
953 1338 980 1364 et
1006 1334 1152 1363 ordinatur
1179 1333 1213 1362 ad

360 1391 440 1421 opus.
462 1383 542 1420 Quod
563 1382 636 1411 enim
658 1382 721 1419 quis
742 1381 817 1418 eligit
838 1384 913 1410 amat
934 1384 961 1410 et
981 1381 1057 1418 eligit
1074 1381 1108 1409 ad
1123 1389 1213 1417 opus;

361 1434 390 1460 et
410 1431 478 1459 haec
500 1433 541 1459 est
559 1429 737 1466 prudentia,
759 1436 832 1465 quae
853 1431 894 1457 est
915 1428 1005 1456 media
1020 1428 1091 1456 inter
1107 1428 1214 1464 sapien-

363 1477 427 1506 tiam
449 1480 477 1506 et
497 1479 595 1506 artem.
618 1475 811 1512 Intellt'yentia
829 1478 921 1503 autem
937 1477 979 1503 est
993 1475 1020 1503 in
1035 1474 1214 1502 ascendendo

362 1533 378 1553 a
399 1523 548 1562 prudentia
569 1523 603 1552 ad
625 1522 803 1560 sapientiam,
817 1529 889 1558 quae
910 1524 951 1550 est
972 1521 1091 1558 cognitio
1113 1520 1214 1557 princi-

362 1572 473 1609 piorum
495 1573 523 1600 et
544 1570 706 1608 regularum
728 1572 879 1598 certarum.
897 1585 933 1589 —
948 1568 1063 1597 Necesse
1084 1571 1126 1596 est
1140 1567 1215 1595 simi-

362 1618 425 1647 liter
446 1617 614 1647 descendere
634 1617 668 1645 ad
690 1620 784 1645 artem
798 1624 848 1653 per
862 1615 1022 1644 scientiam.
1043 1614 1215 1651 Chirurgus,

362 1665 414 1694 nisi
436 1664 536 1694 habeat
564 1664 690 1701 regulam
711 1662 826 1696 medici,
848 1661 979 1691 interficit
1000 1661 1156 1694 hominem,
1185 1664 1216 1689 ιιι

232 1720 348 1745 Exemplum·
363 1713 385 1743 si
406 1713 508 1742 incidat
529 1720 593 1741 eum
614 1711 662 1749 qui
685 1714 726 1740 est
747 1710 898 1747 dispositus
918 1709 952 1738 ad
973 1709 1088 1738 febrem.
1112 1725 1148 1729 —
1172 1708 1216 1736 Di-

362 1760 462 1790 cebat³
484 1760 566 1789 etiam
593 1759 627 1788 de
656 1758 776 1796 quodam
799 1757 1009 1791 mathematico,
1031 1756 1079 1794 qui
1101 1756 1217 1785 faciebat

363 1816 511 1845 campanas
532 1807 666 1844 optimas,
689 1809 716 1835 et
738 1806 798 1835 illas
826 1805 943 1834 faciebat
970 1804 1124 1834 secundum
1152 1812 1217 1841 pro-

364 1855 505 1892 portiones
525 1854 691 1887 musicales;
715 1856 804 1881 tamen
827 1853 893 1882 istas
908 1852 1045 1881 habuerat
1066 1861 1082 1880 a
1096 1851 1216 1889 quodam

364 1902 486 1935 musico,
512 1901 560 1938 qui
588 1900 702 1930 dederat
724 1900 774 1928 sibi
797 1900 913 1928 sormam
936 1903 963 1928 et
984 1898 1163 1936 longitudinis
1190 1901 1218 1927 et

365 1948 551 1986 spissitudinis
572 1950 599 1977 et
620 1947 777 1976 martellum
800 1947 1041 1984 proportionatum
1056 1946 1090 1975 ad
1104 1946 1217 1983 pulsan-

365 1995 441 2024 dum.
466 2011 501 2015 —
523 1995 577 2023 Nec
598 1997 639 2023 est
668 1994 891 2031 intelligendum,
920 1996 1034 2031 propter
1062 1994 1115 2022 hoc
1142 1993 1217 2030 quod

225 2042 507 2092 stgnrtafflnganr-diciturfl
529 2041 604 2078 quod
625 2041 743 2069 virtutes
757 2041 891 2078 quaedam
914 2043 980 2069 sunt
1001 2040 1217 2074 intellectuales,

349 2086 502 2126 'quaedam
531 2088 823 2122 consuetudinariae,
849 2088 923 2125 quod
946 2091 1059 2125 propter
1081 2088 1133 2117 hoc
1162 2088 1217 2116 vir-

369 2139 442 2165 tutes
465 2136 519 2164 sint
534 2135 561 2163 iu
577 2137 655 2171 parte
676 2135 768 2172 aliqua
790 2135 852 2163 alm
868 2135 918 2164 nisi
936 2135 962 2164 in
978 2135 1136 2169 rationali,
1152 2135 1218 2172 quia

368 2183 487 2212 essentia
507 2182 596 2211 omnis
618 2182 729 2211 virtutis
750 2185 791 2211 est
805 2183 832 2211 in
848 2182 992 2216 rationali3
1016 2182 1062 2211 sed
1081 2182 1216 2219 quaedam

980 176 1011 204 ΙΝ
1032 169 1253 205 HEXAFLMERON
1274 174 1438 203 COLLATIO
1460 175 1490 202 V.

1264 256 1329 281 sunt
1351 252 1378 280 in
1400 252 1526 280 rationali
1548 253 1701 281 secundum
1717 262 1746 282 se
1764 257 1790 282 et
1812 256 1965 284 secundum
1984 256 2058 293 quod
2073 259 2115 285 est

1264 298 1454 336 speculatrix3
1483 299 1618 335 quaedam
1646 302 1755 333 autem,
1786 301 1941 330 secundum
1973 303 2047 339 quod
2074 306 2116 332 est

1264 344 1414 373 exterioris
1436 345 1555 373 hominis
1576 345 1769 382 gubernatrix.

1347 391 1390 419 1li.
1413 391 1524 420 Tertius
1546 392 1641 420 radius
1663 392 1787 421 veritatis
1807 393 1928 422 illustrat
1942 395 1976 423 ad
1990 396 2115 425 morales
2129 402 2221 429 *pm-111.
2232 401 2258 420 De

1265 438 1396 467 iustitias
1417 439 1570 468 secundum
1592 439 1729 468 dictamen
1748 439 1843 477 layum
1854 441 2054 477 politicarum.
2070 443 2116 472 Hic
2128 427 2260 472 ἷὲἓῖζυιῖοῗῗιῗὲ

1264 493 1319 513 non
1341 485 1427 514 debeo
1450 485 1524 522 loqui
1543 485 1615 514 sicut
1630 486 1776 522 theologus
1790 494 1840 515 nec
1856 487 1927 515 sicut
1941 487 2055 522 inrisui,
2070 488 2117 518 sed
2129 477 2168 490 ‘⁵³⁵'

1264 532 1337 560 sicut
1348 532 1531 569 philosophus
1543 533 1675 570 loquitur.
1688 534 1757 562 Haec
1769 534 1979 570 comprehensio
1993 538 2035 563 est
2044 535 2119 564 circa

1264 582 1395 617 quatuor.
1412 580 1510 608 Nullus
1524 583 1616 609 autem
1632 580 1863 617 philosophorum
1877 580 1951 609 dedit
1966 581 2053 615 hanc,
2071 582 2119 610 sed

1265 626 1287 655 si
1300 626 1384 655 suerit
1395 626 1508 655 collecta
1519 635 1555 656 ex
1567 627 1672 661 multis,
1683 627 1786 665 aliquid
1800 628 1943 664 proveniet
1951 628 1971 655 ⁵.
1980 645 2018 648 —-
2026 629 2118 657 Atten-
2131 634 2163 652 Est
2175 634 2226 652 eirea

1265 673 1341 702 ditur
1360 676 1454 702 autem
1473 677 1607 710 quantum
1629 674 1662 703 ad
1685 674 1777 703 ritum
1792 675 1918 708 colendi,
1934 677 2069 712 quantum
2085 676 2119 704 ad
2135 659 2221 681 ‘mmm'

1266 720 1397 757 sormam
1422 720 1607 755 convivendi,
1629 725 1765 758 quantum
1791 722 1823 750 ad
1846 730 1983 750 normam
2004 722 2119 759 praesi-

1267 767 1370 801 dendi,
1386 771 1523 804 quantum
1544 768 1577 796 ad
1599 777 1753 797 censuram
1778 768 1939 797 indicandi.
1960 768 1997 797 Ad
2019 777 2119 797 censu-

1268 822 1336 842 ram
1361 814 1516 842 iudicandi
1542 823 1595 843 non
1628 816 1790 852 pervenitur
1822 815 1873 844 nisi
1901 823 1951 852 per
1982 824 2119 844 rnormam

1265 862 1474 899 praesidendi:
1496 870 1546 891 nec
1566 863 1599 891 ad
1622 871 1758 892 normam
1784 863 1976 900 praesidem&
1996 863 2047 892 nisi
2070 871 2119 900 per

1268 907 1401 945 ferinam
1416 909 1602 942 convivendi}
1617 918 1667 939 nec
1682 910 1715 939 ad
1731 910 1819 938 istum
1834 910 1884 938 nisi
1908 918 1957 946 per
1976 910 2116 947 primam.

1352 956 1394 983 15.
1418 955 1520 985 Omnes
1550 957 1606 985 veri
1628 957 1783 994 philosophi
1807 965 1895 986 unum
1919 957 2006 986 Deum
2027 957 2119 986 colue-
2133 960 2250 1002 „flgimssgffi

1270 1006 1345 1032 runt.
1369 1003 1444 1032 Unde
1464 1003 1547 1032 etiam
1571 1005 1728 1038 Socrates‘⁵,
1750 1004 1816 1041 quia
1838 1004 2017 1041 prohibebat,
2036 998 2217 1033 sacri-colendis

1269 1050 1364 1079 licium
1394 1051 1453 1079 tieri
1483 1051 1614 1088 Apollini,
1646 1052 1807 1081 interfectus
1835 1052 1902 1086 suit,
1931 1060 1996 1081 cum
2018 1052 2121 1081 coleret

1270 1106 1357 1126 unum
1380 1098 1476 1127 Deum.
1501 1099 1604 1127 Verum
1626 1102 1683 1133 est,
1705 1099 1779 1136 quod
1801 1100 1876 1128 Plato
1892 1099 1984 1128 suasit
2005 1099 2056 1128 sibi
2077 1099 2120 1128 fu·
2133 1101 2254 1121 1³0¹'122000

1269 1153 1340 1182 gam.
1369 1157 1381 1169 a
1396 1145 1486 1178 Absit,
1514 1145 1604 1182 inquit
1625 1147 1766 1180 socrates,
1788 1149 1820 1175 ut
1841 1154 1937 1184 negem
1960 1147 2119 1181 veritatem,

1270 1199 1355 1228 quam
1383 1192 1489 1220 asserui
1505 1202 1532 1225 »;
1561 1195 1588 1220 ει
1615 1192 1676 1221 ideo
1706 1193 1779 1221 Plato
1808 1201 1861 1221 non
1884 1193 2010 1222 interfuit
2037 1193 2120 1222 morti

1269 1238 1346 1271 eiuS,
1368 1238 1551 1271 erubescenS,
1573 1239 1647 1275 quod
1669 1240 1801 1268 suasisset
1826 1239 1875 1268 sibi
1899 1240 2000 1277 sugam.
2024 1240 2121 1269 Cultus

1271 1285 1318 1313 Dei
1338 1285 1433 1321 pietas
1454 1289 1493 1312 est
1518 1285 1594 1321 fidel.
1617 1286 1693 1315 Unde
1714 1286 1779 1325 dicit
1800 1287 1947 1321 Tullius⁷,
1968 1287 2043 1324 quod
2060 1287 2121 1325 pie-

1271 1334 1317 1359 tds
1338 1331 1462 1360 consistit
1484 1332 1510 1359 in
1533 1332 1610 1360 cultu
1632 1333 1756 1361 deorum.
1780 1334 1837 1362 Non
1860 1335 1964 1370 placet,
1986 1334 2059 1371 quod
2080 1334 2121 1362 di-

1271 1379 1308 1407 cit
1329 1379 1459 1407 [tearum.
1483 1379 1626 1416 Scriptura
1648 1388 1791 1417 nunquam
1814 1383 1893 1409 vocat
1908 1381 2022 1418 Angelos
2042 1381 2121 1415 deos,

1272 1434 1306 1454 ne
1328 1428 1497 1454 venerentur
1518 1426 1590 1454 sicut
1610 1426 1663 1461 dii,
1693 1427 1741 1456 sed
1762 1426 1891 1456 homines
1912 1428 2044 1457 dicuntur
2065 1428 2120 1456 dii:

1273 1473 1350 1501 Dens
1371 1473 1447 1501 stetit
1468 1473 1499 1501 in
1516 1482 1670 1512 synayoyct
1685 1474 1807 1502 deorum
1818 1475 1846 1509 8,
1863 1475 1889 1503 id
1903 1479 1945 1504 est
1962 1475 2121 1510 hominum,

1272 1527 1326 1547 non
1348 1519 1522 1556 Angelorum.
1544 1520 1641 1549 Cultus
1662 1524 1755 1550 autem
1778 1522 1826 1551 Dei
1848 1522 1972 1551 consistit
1987 1522 2014 1551 in
2035 1522 2122 1551 laude
2135 1525 2256 1568 Durffigcub

1272 1569 1299 1594 et
1320 1566 1476 1602 sacrificio.
2210 1563 2213 1567 ’

1355 1614 1398 1641 16.
1421 1614 1563 1650 Quomodo
1577 1618 1670 1645 autem
1686 1616 1853 1646 sacrificium
1869 1617 2059 1647 introductum
2075 1617 2122 1652 sit,
2136 1619 2264 1661 ”gagfflffigss‘

1273 1659 1393 1693 videtur⁷
1408 1660 1481 1697 quod
1503 1669 1552 1698 per
1572 1661 1659 1698 fidem
1676 1663 1740 1692 Abel
1761 1664 1862 1693 obtulit
1882 1665 2048 1694 sacrificium
2061 1665 2072 1682 ⁰
2096 1667 2124 1694 et
2216 1660 2219 1661 ⁷
2244 1656 2248 1660 ”

1274 1707 1349 1741 Noe,
1371 1707 1405 1736 de
1426 1716 1482 1745 quo
1509 1708 1629 1738 dicitur:
1654 1710 1802 1739 Odoratus
1822 1715 1863 1740 est
1885 1712 2028 1741 Dominus
2056 1712 2123 1741 octo-
2169 1717 2186 1741 O

1274 1763 1337 1783 rem
1357 1755 1522 1784 amenitatis.
1546 1756 1577 1785 Et
1598 1757 1788 1794 significabant
1803 1759 1870 1789 haec
1884 1760 2020 1789 sacrificia
2039 1760 2123 1789 sacri-

1276 1802 1369 1830 ticium
1385 1801 1496 1836 Christi,
1511 1803 1584 1840 quod
1600 1804 1626 1832 in
1642 1812 1725 1834 cruce
1740 1805 1819 1840 secit;
1834 1810 1861 1835 et
1876 1806 1936 1835 ideo
1950 1807 2052 1836 dicitur
2067 1807 2122 1836 Do-

1275 1848 1375 1877 mlum
1396 1849 1530 1883 odorare,
1546 1854 1578 1878 ut
1592 1851 1666 1880 Deus
1687 1852 1844 1888 placaretur
1858 1862 1909 1890 per
1924 1857 2041 1883 mortem
2060 1854 2123 1884 Uni-

1275 1896 1368 1933 geniti.
1377 1912 1412 1916 —
1421 1896 1573 1925 Daemones
1584 1900 1676 1926 autem
1689 1902 1803 1935 propter
1815 1901 1972 1937 superbiam
1985 1910 2063 1930 suam
2076 1910 2122 1930 vo-
2136 1901 2253 1943 ncnffincbmu·

1276 1943 1337 1972 lunt
1352 1943 1402 1972 coli
1416 1946 1447 1971 ut
1458 1943 1541 1977 Deus,
1553 1946 1585 1972 ut
1596 1944 1716 1973 habeant
1730 1946 1757 1974 in
1774 1949 1848 1975 terra
1862 1948 1936 1984 qnod
1951 1949 2053 1977 habere
2068 1956 2122 1977 non
2223 1937 2228 1942 ⁴

1276 1993 1428 2027 potuerunt
1450 1990 1476 2018 in
1499 1991 1586 2024 caelo;
1602 1994 1629 2020 et
1644 1992 1709 2028 quia
1723 1993 1845 2022 maxime
1860 1995 2016 2023 alienantur
2034 1995 2123 2024 homi-

1275 2046 1324 2067 nes
1338 2046 1353 2066 a
1369 2038 1425 2066 Deo
1438 2038 1468 2065 ¹⁰.
1483 2054 1518 2058 —
1532 2038 1697 2075 Sanguinem
1709 2038 1810 2067 Christi
1826 2040 1905 2068 offert
1919 2042 1966 2078 qui
1981 2042 2046 2071 facit
2060 2043 2124 2071 talia

1275 2086 1427 2119 sacrificia,
1443 2093 1475 2114 eo
1490 2085 1563 2122 quod
1585 2085 1690 2114 effusus
1704 2086 1755 2114 fuit
1770 2086 1803 2115 ad
1818 2087 1982 2123 placandum
2005 2090 2121 2119 Patrem.

1360 2135 1400 2161 17.
1418 2132 1608 2169 Sacrificium
1618 2136 1710 2161 autem
1724 2133 1822 2161 laudis
1832 2134 1853 2150 ³¹
1866 2134 1893 2162 in
1905 2136 1987 2164 corde
1999 2138 2123 2166 naturale
2137 2136 2264 2178 “fffflffljffl‘

1275 2180 1471 2210 judicatorium
1492 2180 1591 2214 dictat,
1613 2183 1640 2208 et
1661 2183 1701 2209 cst
1722 2180 1756 2209 de
1776 2180 1923 2210 dictamine
1944 2186 2075 2217 naturae;
2097 2187 2124 2213 et

433 2348 440 2362 ¹
459 2350 492 2372 Dc
509 2349 594 2378 quibus
611 2349 701 2371 Aristot.
719 2349 767 2377 agit
784 2349 806 2371 in
831 2349 867 2371 Vl.
886 2349 957 2371 Ethic.
974 2356 1015 2377 per
1039 2352 1119 2372 totum.
1136 2362 1168 2366 —
1184 2350 1217 2372 De

369 2389 542 2418 propositione:
560 2388 717 2416 speculativos
735 2388 760 2410 fit
777 2388 899 2415 practicus,
917 2390 956 2411 ctr.
970 2390 993 2411 ll.
1007 2390 1069 2412 Sent.
1081 2390 1104 2412 d.
1117 2389 1154 2412 24.
1166 2395 1190 2417 p.
1202 2390 1218 2411 l.

370 2435 390 2451 a.
408 2429 429 2451 2.
447 2435 470 2457 q.
489 2428 509 2450 11.
528 2427 557 2450 ad
575 2428 596 2449 2.

433 2466 443 2479 ²
460 2467 521 2489 Vide
537 2472 608 2494 supra
626 2472 679 2494 pag.
699 2467 755 2494 420,
773 2469 825 2489 nota
848 2467 880 2489 ll.
900 2467 952 2496 Seq.
970 2468 1073 2491 definitio
1085 2469 1140 2491 artis
1151 2468 1219 2491 datur

371 2506 401 2530 ab
418 2506 518 2533 Aristot,
536 2506 572 2528 Vl.
598 2505 670 2528 Ethic.
687 2511 708 2528 e.
725 2505 746 2528 4.
764 2505 820 2528 lbid.
838 2512 858 2528 c.
875 2507 897 2528 2.
919 2507 985 2534 dicit,
1003 2508 1067 2536 quod
1088 2507 1168 2531 electio
1186 2510 1220 2530 est

375 2555 385 2566 ι
398 2545 547 2569 consultatrix
564 2544 674 2573 appetitio
688 2553 709 2572 »‚
721 2547 744 2567 et
755 2545 824 2572 paulo
837 2544 943 2568 interius:
961 2554 970 2566 α
983 2546 1024 2568 Vel
1036 2547 1177 2575 appetitivus
1189 2547 1220 2569 in-

373 2586 476 2608 tellectus
493 2585 530 2606 vel
549 2584 700 2606 intellectivus
725 2584 841 2612 appetitus
866 2585 946 2607 electio
968 2588 1032 2608 esti».
1055 2585 1219 2613 Prudentiam,

372 2624 427 2647 ibid.
445 2630 466 2646 c.
484 2623 505 2651 5,
524 2623 612 2649 definit,
630 2623 694 2651 quod
716 2632 725 2643 u
739 2622 831 2645 habitus
848 2623 877 2645 sit
894 2629 948 2645 vera
961 2630 1014 2646 cum
1026 2625 1115 2648 ratione
1132 2625 1220 2648 activus

372 2663 432 2685 circa
449 2669 476 2685 ea
494 2668 555 2691 quae
572 2664 595 2684 et
614 2660 676 2684 bona
693 2664 716 2684 et
732 2663 792 2684 mala
810 2663 897 2685 homini
915 2665 998 2685 sunt».
1016 2664 1049 2685 De
1066 2663 1220 2694 incelliqmtia

372 2703 422 2725 sive
439 2702 553 2725 intellectu
571 2701 639 2724 docet
656 2700 685 2729 (c.
703 2701 743 2730 6.),
759 2702 919 2724 «intellectum
932 2708 982 2724 esse
1000 2703 1167 2732 principiorum
1177 2712 1199 2726 ιι.

435 2740 444 2753 ¹³
463 2741 515 2764 Scil.
532 2741 555 2763 S.
573 2741 742 2763 Bonaventura.
761 2741 836 2763 Secuti
854 2747 935 2764 sumus
952 2741 969 2763 Α
980 2742 1010 2768 D;
1024 2742 1074 2764 Vat.
1086 2742 1221 2766 Dicebatur.

373 2781 435 2804 ldem
453 2781 538 2803 modus
554 2779 669 2802 referendi
688 2779 797 2802 indirecte
815 2780 836 2802 in
854 2786 919 2809 seqq.
937 2781 988 2803 coll.
1005 2781 1097 2809 saepius
1114 2782 1221 2805 occurrit.

435 2818 445 2832 ⁴
462 2819 497 2842 Ab
515 2819 614 2846 Aristot„
632 2819 648 2841 l.
665 2818 736 2841 EthiC.
754 2824 774 2841 c.
792 2819 833 2845 ⁴3;
852 2820 876 2841 ll.
893 2825 913 2841 c.
932 2820 952 2841 rl.
971 2822 993 2841 ct
1010 2820 1046 2842 Vl.
1065 2826 1084 2842 c.
1103 2821 1124 2843 rl.
1140 2833 1171 2837 —
1188 2822 1221 2843 De

374 2865 440 2887 seqq.
457 2860 498 2881 etr.
516 2859 547 2881 lll.
567 2859 627 2881 Sent.
639 2856 668 2880 ‘d.
687 2858 723 2880 33.
742 2865 765 2887 q.
779 2858 799 2880 3.

437 2896 447 2909 ⁵
463 2898 496 2919 B:
514 2897 575 2921 dedit
600 2897 674 2925 hanc,
697 2903 828 2926 possumus
854 2898 932 2920 lamen
957 2897 1067 2927 colliyerc
1091 2906 1122 2922 (ιτ
1148 2899 1221 2923 variis

374 2942 458 2960 florum
475 2936 541 2959 dictis
557 2936 670 2966 sparsim.

438 2974 447 2988 Β
464 2975 510 2999 Ctr.
525 2976 601 3003 Plato,
614 2975 726 3004 Apologia
745 2976 851 2997 Socratis.
869 2976 890 2998 S.
909 2976 997 3003 lustin.,
1018 2977 1129 3004 Apologia
1143 2978 1166 2999 ll.
1179 2984 1221 3005 pro

1275 2349 1422 2376 Christianis,
1435 2355 1455 2371 c.
1477 2349 1510 2370 10.
1527 2361 1558 2365 -
1575 2349 1607 2371 Dc
1625 2354 1690 2378 seqq.
1711 2349 1764 2372 iidc
1782 2350 1856 2376 Plato,
1877 2348 1954 2377 Crito,
1971 2350 1993 2372 in
2011 2356 2057 2379 quo
2075 2356 2125 2372 nar-

1275 2392 1351 2416 ratur,
1363 2389 1427 2418 quod
1445 2388 1506 2410 Crito
1524 2388 1641 2410 Socratem
1655 2388 1676 2411 in
1689 2395 1781 2411 carcere
1796 2389 1873 2411 invisit
1885 2391 1906 2411 et
1918 2389 1937 2411 ei
1951 2390 2029 2417 fugam
2042 2390 2124 2416 suasit,

1277 2434 1304 2450 ac
1321 2428 1385 2457 quod
1404 2429 1510 2450 Socrates
1527 2427 1632 2455 pluribus
1649 2427 1777 2451 rationibus
1802 2428 1982 2455 demonstraiit,
1999 2429 2064 2450 nefas
2081 2428 2124 2450 sibi

1277 2473 1329 2490 esse
1351 2474 1364 2490 e
1386 2473 1479 2490 carcere
1501 2467 1589 2495 egredi.
1611 2479 1642 2485 —
1661 2469 1685 2490 ln
1703 2467 1802 2490 Platonis
1819 2465 1943 2489 Phaedone
1960 2470 2125 2490 enumerantur

1277 2506 1316 2534 qui
1335 2509 1469 2534 praesentes
1486 2509 1551 2529 erant
1568 2507 1654 2529 Socrati
1671 2507 1790 2534 morienti,
1808 2508 1830 2528 et
1857 2505 1886 2528 dc
1909 2505 2002 2527 Platone
2027 2506 2124 2529 dicitur:

1277 2544 1339 2566 Plato
1357 2548 1447 2572 autem,
1465 2545 1561 2573 opinor,
1578 2545 1720 2573 aegrotabat.

1341 2581 1349 2595 ⁷
1367 2583 1429 2607 Lihr.
1446 2586 1461 2607 l.
1478 2585 1508 2607 dc
1524 2585 1607 2607 Natura
1625 2585 1737 2611 deorum,
1748 2590 1768 2606 c.
1787 2584 1828 2607 41:
1844 2585 1882 2606 Est
1896 2583 1957 2605 enim
1976 2582 2048 2610 pietas
2066 2583 2126 2605 iusti-

1278 2623 1308 2644 tia
1326 2623 1439 2646 adversus
1456 2624 1520 2647 deos.
1535 2623 1594 2652 Cap.
1611 2630 1660 2653 seq.
1678 2623 1744 2651 dicit,
1756 2624 1820 2652 quod
1833 2623 1914 2651 religio
1930 2631 1939 2642 α
1950 2622 2047 2644 deorum
2064 2622 2125 2644 cultu

1278 2661 1317 2690 pio
1336 2662 1464 2685 continetur
1476 2672 1499 2686 n.
1515 2663 1561 2686 Csr.
1579 2662 1635 2685 ibid.
1652 2668 1672 2684 c.
1690 2663 1711 2685 2.
1729 2665 1751 2684 ct
1768 2663 1792 2685 ll.
1809 2663 1839 2685 de
1855 2661 1954 2688 Officiis,
1972 2667 1992 2682 c.
2010 2661 2031 2682 3.

1341 2699 1351 2712 ⁶
1368 2701 1450 2723 Psalm.
1468 2702 1505 2729 81,
1524 2702 1545 2724 1.

1342 2739 1352 2752 ⁰
1368 2741 1497 2769 llespicitur
1520 2740 1588 2763 nebi:
1615 2740 1651 2768 41,
1674 2740 1703 2763 4:
1726 2741 1781 2763 Fide
1802 2740 1926 2769 plurimam
1950 2738 2047 2761 hostiam
2070 2737 2125 2759 Abel

1279 2787 1349 2809 quam
1368 2780 1424 2803 Cain
1446 2779 1529 2803 obtulit
1547 2780 1595 2802 Deo
1613 2780 1662 2809 (cfr.
1681 2781 1738 2803 Gen.
1756 2780 1782 2807 4,
1801 2781 1821 2802 3.
1839 2780 1930 2808 seqq.);
1957 2781 1979 2801 ct
2001 2784 2053 2800 mox
2076 2777 2126 2799 allo-

1279 2823 1347 2848 gatur
1364 2820 1421 2842 Gen.
1439 2820 1465 2846 8,
1483 2820 1521 2842 -21,

1343 2858 1362 2871 ¹⁰
1379 2859 1425 2882 Ctr.
1447 2859 1557 2887 August,
1578 2859 1606 2881 X.
1625 2860 1654 2882 de
1670 2859 1720 2882 Civ.
1738 2858 1791 2886 Dei,
1809 2865 1830 2881 c.
1846 2858 1893 2881 3-7.
1910 2860 1931 2880 et
1948 2864 1967 2880 c.
1989 2857 2023 2879 19.
2040 2862 2089 2884 seq.

1342 2897 1360 2911 ¹¹
1379 2898 1509 2927 Respicitur
1526 2899 1561 2921 Ps.
1579 2898 1621 2926 49,
1640 2899 1681 2921 14:
1699 2894 1793 2921 immola
1810 2898 1858 2920 Deo
1876 2897 2013 2920 sacrificium
2037 2895 2125 2922 landis3

1279 2941 1301 2960 ct
1318 2945 1341 2961 v.
1358 2939 1403 2961 23:
1423 2939 1565 2961 Sacrificium
1591 2938 1665 2960 laudis
1689 2937 1849 2960 honorificabit
1865 2943 1910 2959 me.
1926 2949 1957 2953 —
1974 2935 2034 2958 Vide
2051 2936 2125 2962 Plato,

1280 2978 1309 3000 de
1326 2978 1439 3006 Legibus,
1458 2978 1543 3005 dialog.
1565 2978 1607 3005 10,
1624 2977 1663 2999 ubi
1689 2977 1757 3000 otiam
1782 2982 1871 3007 poenae
1896 2977 2025 2998 statuuntur
2043 2975 2069 2996 iis
2086 2975 2125 3002 qui
