2285 3398
230 1460 259 1479 Ad
272 1458 347 1483 opposi-

265 1485 311 1501 tum.

219 1507 277 1529 Argg.
287 1511 309 1525 ex
319 1511 351 1524 au-

239 1530 334 1548 ctoritate.

352 125 405 154 134

350 203 449 232 etenim
470 202 563 236 senui,
578 205 603 230 et
616 211 673 230 non
694 202 755 230 vicli
775 202 888 230 iustum
902 201 1087 235 derelictum;
1101 204 1128 230 et
1142 201 1191 229 ite—

350 257 427 278 rum:
458 248 667 284 Quaerentibus
695 256 817 285 reynum
839 247 893 276 Dei
912 251 938 276 et
962 248 1105 281 iustitiam
1129 247 1191 275 eius

350 296 448 325 omnia
466 295 609 332 promittit
624 295 750 332 apponi;
765 297 791 323 et
806 295 859 323 iam
874 303 939 326 cum
954 295 1002 324 Dei
1017 295 1070 323 sint
1084 294 1190 327 omnia,

350 342 460 371 habenti
481 342 568 370 Deum
590 341 657 370 nihil
678 342 780 376 deerit,
801 342 823 371 si
846 342 902 371 Deo
916 342 974 379 ipse
988 350 1042 370 non
1055 341 1132 370 desit.
1148 340 1190 368 Sic

350 389 453 418 Danieli
480 389 506 417 in
538 388 648 417 leonum
680 389 740 417 lacu
765 389 843 418 iussu
872 389 949 426 Regis
976 388 1081 417 incluso
1108 395 1190 424 pran-

350 436 425 465 dium
445 436 576 465 divinitus
604 439 787 473 procuratur,
808 439 835 465 et
855 437 927 465 inter
948 436 1019 464 feras
1039 434 1191 463 esurientes

352 483 434 511 homo
454 483 502 512 Dei
525 483 655 520 pascitur.
678 483 720 512 Sic
741 486 768 512 et
789 483 859 512 Elias
880 483 907 511 in
928 482 1007 519 fuga,
1029 481 1118 510 corvis
1140 480 1191 508 mi-

350 529 545 564 nistrantibus,
566 534 593 559 et
614 530 773 559 volucribus
793 530 885 559 cibum
899 528 1124 566 apportantibus,
1139 535 1190 556 nu<

351 576 442 605 tritur.
475 576 498 604 Ο
526 577 663 606 humanae
690 577 808 605 malitiae
836 575 993 605 detestanda
1024 574 1189 603 erudelitas!

350 623 432 652 Ferae
452 627 585 660 parcunt,
607 632 671 652 aves
686 627 816 661 pascunt,
838 626 864 652 et
885 622 1009 651 homines
1027 621 1191 650 insidiantur

350 673 377 699 et
398 671 562 700 saeviunt».
589 688 625 692 -
650 671 691 699 Ex
712 670 755 699 his
776 670 917 699 manifeste
938 668 1091 705 colligitur,
1119 667 1193 705 quod

351 725 406 746 non
427 720 468 746 est
489 718 659 754 periculum,
682 717 728 746 sed
750 716 903 753 refugium,
929 714 1028 752 spretis
1048 714 1193 747 omnihus,

352 764 471 793 totaliter
493 772 521 793 se
542 764 667 793 dedicare
688 763 721 791 ad
742 763 829 791 Deum
851 762 1003 791 colendum.

993 124 1214 160 QUAESTIONES
1235 122 1433 151 DISPUTATAE

1326 200 1368 227 10.
1392 199 1429 227 Ad
1450 199 1517 227 illud
1542 199 1615 236 quod
1636 200 1733 228 ultimo
1753 201 1897 235 obiicitur,
1918 202 1991 238 quod
2018 202 2086 238 peti-

1246 254 1308 274 mus
1329 254 1426 282 panem
1447 249 1573 274 nostrum
1599 246 1789 282 quotidianum
1810 247 1838 276 in
1858 248 1979 276 oratione
1999 248 2085 276 domi-

1246 292 1325 326 nica;
1345 292 1507 326 dicendum,
1529 292 1603 329 quod
1623 292 1675 321 hoc
1696 293 1787 329 potius
1808 293 1871 322 facit
1885 294 1918 322 ad
1932 295 2085 331 oppositum

1247 347 1329 376 quam
1350 339 1384 367 ad
1404 339 1584 376 propositum.
1607 340 1648 367 Ex
1669 347 1725 376 quo
1746 339 1818 368 enim
1833 340 1953 376 quotidie
1968 341 2087 376 petimus

1246 394 1344 423 panem
1365 385 1516 421 diurnum,
1546 394 1595 414 nec
1616 386 1736 423 petimus
1756 386 1829 423 quod
1851 386 2002 420 habemus;
2030 395 2087 415 ma-

1246 432 1377 461 nifestum
1398 435 1454 466 est,
1476 432 1549 470 quod
1570 432 1742 470 evangelicae
1762 432 1935 469 perfectionis
1956 436 1997 461 est
2020 441 2088 469 quo-

1248 479 1349 508 tidiano
1370 480 1444 508 victu
1465 487 1524 508 esse
1546 482 1713 508 contentum.
1736 479 1814 515 Quod
1835 479 1900 516 quia
1922 487 1975 507 non
2000 482 2088 515 potest

1248 526 1334 554 videri
1355 526 1485 563 perfectio
1506 527 1533 555 in
1555 526 1684 555 cordibus
1711 534 1874 560 avarorum,
1903 526 2035 554 Dominus
2055 526 2089 554 ad

1248 573 1300 601 hoc
1321 581 1375 601 non
1396 573 1485 601 solum
1513 573 1624 601 induxit
1645 572 1774 601 consiliis
1793 573 1968 609 sapientiae,
1991 580 2088 601 verum

1248 620 1330 649 etiam
1351 619 1486 656 exemplis
1506 623 1632 648 naturae
1652 622 1679 648 et
1700 619 1829 648 oraculis
1848 620 1980 656 qratiae,
2002 622 2033 647 ut
2051 619 2090 647 sic

1248 668 1344 696 saltem
1365 675 1414 704 per
1435 667 1502 695 illud
1524 668 1627 704 triplex
1642 666 1828 696 testimonium
1843 667 2012 703 paupertatis
2026 674 2090 695 con-

1249 713 1341 742 silium
1362 714 1479 742 firmiter
1500 714 1694 751 comprobetur
1716 713 1787 742 sicut
1810 713 1894 742 totius
1918 713 2091 750 perfectionis

1250 760 1420 798 evangelicae
1441 760 1604 789 altissimum
1626 764 1653 789 et
1674 760 1770 789 stabile
1790 760 2006 789 fundamentum.

1113 908 1292 937 ARTlCL'LUS
1314 908 1342 936 ll.

918 1021 958 1049 De
975 1022 1148 1057 paupertate
1168 1019 1264 1057 quoad
1284 1018 1494 1047 mendicitatem
1508 1019 1525 1046 ¹.

434 1169 638 1206 Consequenter
670 1172 711 1197 est
742 1168 865 1205 quaestio
895 1168 928 1197 de
955 1167 1144 1201 mendicitate,
1172 1169 1199 1195 et

355 1215 514 1253 quaeritur,
526 1218 621 1243 utrum
633 1215 789 1243 mendicare
801 1222 851 1251 pro
862 1214 970 1243 Christo
985 1214 1019 1242 sit
1033 1213 1198 1242 christianae

355 1262 545 1300 perfectionis;
567 1265 593 1290 et
614 1270 680 1290 voco
700 1261 866 1290 mendicare
894 1261 1092 1297 eleemosynam
1113 1268 1198 1297 quae—

356 1318 418 1339 rere
438 1317 487 1338 seu
507 1309 540 1338 de
561 1308 725 1346 quotidianis
745 1308 924 1344 eleemosynis
945 1307 1045 1336 vivere.
1072 1308 1102 1335 Et
1123 1307 1197 1344 quod

357 1365 427 1390 non,
448 1356 574 1385 videtur:

438 1404 461 1431 1.
485 1403 573 1431 Primo
587 1402 749 1441 auctoritate
764 1402 861 1431 Psalmi
873 1402 884 1419 2
897 1413 902 1430 :
924 1402 1026 1430 Timete
1042 1401 1198 1430 Dominum

359 1459 454 1479 omnes
475 1450 576 1479 Sancti
595 1450 671 1484 eius,
692 1450 831 1488 quoniam
845 1458 902 1477 non
923 1452 964 1477 est
983 1448 1083 1486 inopia
1098 1448 1197 1477 timen-

360 1497 435 1526 tibus
455 1506 540 1526 eum:
571 1505 636 1533 ergo
664 1504 718 1524 non
743 1498 815 1525 stant
843 1496 925 1524 simul
951 1503 1011 1524 esse
1035 1495 1143 1532 inopem
1171 1498 1198 1524 et

358 1544 457 1573 timere
478 1544 574 1572 Deum.

437 1592 462 1620 Ξ.
485 1591 566 1625 Item,
592 1589 754 1619 Psahnus³-:
781 1589 845 1618 Non
870 1589 933 1618 vidi
959 1589 1070 1618 iustam
1098 1587 1198 1617 dereli-

360 1641 436 1667 etum
456 1647 506 1667 nec
527 1647 621 1666 semen
647 1638 710 1666 eius
736 1645 878 1675 quaerens
902 1645 1028 1674 panem:
1056 1644 1122 1673 ergo
1150 1635 1197 1672 qui

360 1693 456 1722 panem
478 1685 586 1722 quaerit
606 1693 660 1713 non
681 1687 722 1713 est
742 1684 832 1713 iustus
853 1692 903 1712 nec
923 1691 1016 1712 semen
1036 1683 1110 1712 iusti.

438 1732 463 1761 3.
496 1732 577 1766 Item,
610 1732 772 1760 Psalmus4:
804 1730 946 1759 Nutantes
978 1729 1200 1767 transferantur

359 1778 414 1815 fita
437 1770 499 1807 eius
518 1782 543 1807 ec
567 1779 745 1812 mendicem,-
773 1778 819 1807 sed
847 1778 931 1812 nihii,
959 1777 1033 1814 quod
1060 1776 1201 1805 Psalmista

361 1826 388 1854 in
409 1826 457 1854 Dei
479 1826 578 1863 spiritu
604 1826 719 1862 loquens
740 1825 908 1862 imprecatur
929 1824 957 1853 in
981 1831 1111 1861 poenam,
1139 1831 1199 1860 spe-

362 1876 416 1901 ctat
436 1872 469 1901 ad
491 1873 684 1909 perfectionem
706 1872 889 1909 evangelicam
910 1879 959 1900 seu
983 1870 1131 1907 perfectam
1159 1870 1200 1899 iu-

363 1919 479 1953 stitiam3
501 1919 654 1947 mendicare
675 1921 716 1947 est
736 1918 911 1947 huiusmodi:
934 1926 999 1954 ergo
1019 1920 1069 1946 eto.

1332 1165 1358 1194 lt.
1374 1165 1455 1200 ltem,
1471 1165 1650 1194 Ecclesiastici
1665 1165 1907 1203 quadragesimo-5:
1923 1165 1982 1193 Fili
1993 1165 2047 1199 mi,
2063 1164 2094 1192 in

1253 1213 1314 1242 vita
1328 1216 1380 1241 tua
1394 1222 1428 1241 ne
1442 1213 1591 1250 indiyeas‚·
1604 1212 1707 1241 melius
1721 1215 1761 1241 est
1773 1212 1850 1241 enim
1864 1212 1941 1240 mori
1951 1220 2040 1250 quani
2052 1211 2095 1239 in-

1252 1260 1364 1298 diyere:
1376 1268 1442 1297 ergo
1452 1260 1552 1289 melius
1561 1263 1602 1289 est
1613 1267 1672 1289 esse
1683 1262 1825 1288 mortuum
1836 1266 1919 1296 quam
1929 1258 2094 1287 mendicum.

1332 1308 1357 1335 5.
1379 1307 1462 1341 Item,
1483 1308 1599 1336 Actuum
1620 1306 1792 1344 vigesimo⁶1
1814 1305 1933 1334 Beatias
1947 1308 1987 1334 est
2000 1304 2096 1342 mayis

1253 1354 1325 1382 dare
1345 1362 1434 1392 quam
1456 1354 1601 1391 accipere,-
1623 1353 1670 1382 sed
1690 1353 1755 1382 dare
1776 1353 1975 1388 eleemosynam
1989 1360 2044 1380 non
2058 1351 2096 1379 fa-

1252 1401 1289 1430 cit
1309 1401 1448 1429 hominem
1470 1398 1614 1437 pervenire
1629 1400 1662 1428 ad
1676 1399 1872 1437 perfectionem
1892 1398 2094 1435 evangelicam:

1252 1456 1318 1485 ergo
1337 1447 1425 1476 multo
1445 1447 1537 1475 minus
1558 1455 1607 1475 nec
1628 1447 1760 1483 accipere.

1332 1495 1357 1523 6.
1379 1495 1461 1529 Item,
1483 1495 1570 1523 Lucae
1591 1493 1791 1522 duodecimo⁷z
1820 1493 1932 1522 Vendite
1946 1500 2020 1531 quae
2030 1500 2096 1529 pos-

1254 1542 1373 1575 sidetis;
1387 1542 1496 1570 Glossa:
1517 1553 1530 1566 «
1545 1543 1589 1575 ut,
1604 1540 1732 1570 omnihus
1746 1548 1798 1577 pro
1811 1540 1868 1569 Deo
1882 1539 1965 1568 semel
1986 1539 2096 1576 spretis,

1253 1592 1348 1626 postea
1367 1589 1460 1622 labore
1480 1596 1615 1617 manuum
1645 1587 1794 1625 operemini
1824 1587 1897 1616 unde
1921 1586 2034 1621 vivatis,
2056 1586 2099 1615 vel

1254 1636 1454 1673 eleemosynam
1475 1635 1579 1664 faciatis
1592 1646 1619 1663 »:
1642 1635 1734 1664 vivere
1761 1634 1846 1672 igitur
1873 1634 1906 1662 de
1928 1633 2040 1670 proprio
2059 1633 2098 1661 la-

1254 1682 1321 1711 bore
1342 1685 1369 1711 et
1389 1682 1588 1718 eleemosynam
1609 1681 1698 1710 facere
1723 1683 1827 1718 spectat
1854 1680 1887 1708 ad
1915 1679 2097 1716 evangelicam

1255 1729 1469 1766 perfectionem:
1491 1737 1557 1766 ergo
1580 1729 1736 1765 oppositum
1763 1728 1838 1762 eius,
1867 1727 1968 1756 scilicet
1994 1726 2098 1755 mendi-

1255 1784 1318 1805 care
1339 1779 1366 1804 et
1386 1775 1419 1804 de
1440 1775 1528 1804 alieno
1548 1774 1642 1803 labore
1663 1774 1771 1808 vivere,
1793 1777 1834 1803 est
1852 1773 2020 1802 contrarium
2035 1781 2097 1810 per-

1255 1823 1363 1852 fectioni
1385 1822 1563 1860 evangelicae.

1335 1871 1360 1897 7.
1383 1869 1465 1903 ltem,
1487 1870 1593 1906 primae
1619 1869 1653 1898 ad
1681 1869 1934 1898 Thessalonicenses
1958 1867 2097 1905 quarto⁸:

1257 1916 1374 1945 Nullius
1395 1916 1509 1955 aliquid
1529 1917 1713 1950 desideretis;
1734 1916 1842 1945 Glossa:
1872 1928 1885 1941 «
1901 1915 2017 1944 Nullius
2044 1914 2097 1943 ali-

429 2092 437 2104 ¹
456 2093 478 2115 ln
496 2094 537 2115 hac
555 2094 687 2122 quaestione
704 2095 736 2115 usi
755 2101 835 2116 sumus
848 2094 915 2116 codd.
928 2093 1027 2116 ADl-:K
1038 2094 1065 2116 M.
1076 2094 1161 2116 Eadem
1174 2094 1203 2115 in-

364 2132 454 2154 venitur
463 2132 530 2154 etiam
541 2132 562 2154 in
572 2133 623 2155 cod.
632 2134 647 2154 L
655 2150 660 2159 ,
673 2134 713 2155 sed
725 2134 746 2155 in
757 2135 828 2155 forma
838 2133 906 2155 valde
918 2133 1008 2155 diversa
1016 2150 1021 2159 ,
1037 2133 1090 2161 quia
1098 2150 1104 2159 ,
1116 2135 1140 2155 ut
1151 2132 1204 2155 dici-

365 2174 401 2194 tur
418 2171 439 2193 in
458 2172 503 2193 fine
520 2172 635 2199 eiusdem,
653 2175 709 2194 esta
721 2173 823 2201 quodam
836 2172 918 2195 clerico
929 2173 1063 2202 reportata,
1075 2176 1097 2194 et
1108 2172 1203 2201 quidem

369 2219 379 2230 κ
390 2210 466 2232 minus
483 2211 619 2233 sufficienter
629 2220 649 2233 n.
662 2212 717 2233 Nam
730 2212 759 2233 ad
770 2212 868 2234 eandem
885 2212 1012 2239 respexisse
1023 2211 1115 2233 videtur
1127 2212 1149 2233 S.
1161 2212 1203 2233 Do-

365 2252 413 2272 ctor
425 2250 446 2271 in
459 2250 570 2277 principio
586 2250 743 2279 replicationis
760 2251 789 2273 ad
806 2250 946 2273 obiectiones
962 2250 1038 2273 denuo
1051 2251 1132 2277 factas,
1144 2257 1204 2279 quae

366 2289 496 2312 immediate
512 2291 565 2317 post
581 2290 639 2311 hanc
656 2290 812 2318 quaestionem
829 2290 940 2318 sequitur.
957 2289 1034 2312 Verba
1051 2290 1122 2317 ipsius
1139 2292 1202 2312 sunt:

370 2328 551 2356 «respondendo
569 2328 660 2350 cuidam
678 2329 803 2356 quaestioni
821 2328 900 2351 minus
916 2328 1056 2358 sufficienter
1073 2331 1126 2356 post
1137 2329 1204 2351 colle-

366 2370 415 2391 ctae
432 2368 453 2389 in
471 2367 565 2394 scholis,
583 2368 645 2389 salva
664 2367 734 2394 gratia
752 2366 909 2390 collectoris».
930 2367 1080 2390 Nihilominus
1101 2368 1204 2395 specimi-

367 2407 401 2429 nis
418 2407 488 2434 gratia
506 2407 626 2434 posuimus
638 2406 659 2428 in
672 2406 730 2427 notis
742 2407 807 2433 plura
819 2401 954 2434 argumenta
966 2412 1008 2434 pro
1021 2409 1117 2435 utraque
1129 2410 1204 2434 parte,

367 2446 425 2468 sicut
450 2444 584 2467 exhibentur
610 2444 641 2473 (in
659 2445 761 2466 fundam.
783 2445 919 2473 plerumque
941 2445 1008 2467 valde
1030 2444 1203 2475 insufficienter)

368 2485 389 2506 in
408 2484 487 2506 codice
503 2484 528 2506 L.
544 2485 609 2506 Plura
627 2484 656 2505 de
673 2485 716 2505 hoc
734 2484 839 2506 dis-untur
857 2485 877 2505 in
896 2484 1066 2511 prolegomenis
1083 2485 1174 2506 nostris.

431 2521 439 2534 ²
452 2523 534 2544 Psalm.
547 2523 587 2548 33,
600 2522 636 2544 40.
647 2534 678 2538 —
690 2522 741 2544 Post
752 2522 886 2545 timentibus
898 2529 951 2545 eum
963 2523 979 2545 L
992 2523 1066 2545 addit:
1078 2522 1119 2546 sed
1130 2521 1205 2545 omnis

368 2560 490 2584 mendicus
507 2562 541 2583 est
557 2560 636 2590 inops:
654 2566 710 2589 eryo
726 2559 807 2583 nullus
824 2560 944 2584 mendicus
961 2563 996 2584 est
1007 2552 1094 2584 'timens
1116 2561 1205 2589 Deum,-

368 2600 409 2623 sed
426 2600 495 2623 timor
509 2599 551 2622 Dei
561 2601 595 2622 est
605 2599 632 2622 de
641 2599 782 2628 perfectione
793 2599 912 2628 reliqiom's
924 2600 1080 2623 christianae.-
1096 2605 1152 2629 eryo
1164 2601 1205 2623 etc.

430 2637 439 2650 Β
457 2639 538 2661 Psalm.
557 2639 598 2665 36,
616 2638 653 2660 25.
668 2649 699 2654 —
715 2638 731 2659 L
749 2644 797 2665 arg.
814 2639 913 2666 complet
934 2640 1021 2661 addens
1045 2643 1097 2667 post
1118 2644 1206 2668 panem

371 2678 438 2699 naec:
456 2677 496 2700 sed
512 2677 587 2699 omnis
604 2675 724 2699 mendicus
742 2676 834 2705 quaerit
847 2682 947 2705 panem.-
965 2684 1021 2707 erqo
1042 2677 1124 2700 nullas
1144 2683 1206 2700 men-

371 2715 435 2739 dicus
453 2716 543 2744 iustum
560 2715 601 2738 sed
618 2714 713 2738 miseria
725 2716 759 2737 est
765 2716 794 2743 (J)
807 2714 834 2737 de
842 2715 983 2744 perfectione
994 2716 1137 2740 christiana:
1149 2722 1206 2745 erqo

370 2753 502 2777 mendicare
519 2760 565 2777 non
583 2755 616 2777 est
633 2753 660 2776 de
674 2753 816 2783 perfectione
832 2753 942 2776 eiusdem.

431 2792 440 2804 ¹²
458 2793 539 2815 psalm.
561 2794 613 2819 108,
635 2793 672 2814 10:
691 2792 820 2814 vitantes...
846 2793 975 2814 mendicent
999 2796 1021 2815 et
1043 2794 1160 2816 eiiciantur
1177 2794 1206 2815 de

372 2831 548 2853 habimtionilms
570 2833 624 2854 suis.
645 2832 707 2853 —L
726 2831 882 2859 prosequitur:
905 2831 941 2854 hio
964 2832 1079 2861 Propheta
1101 2832 1207 2862 loquitur

369 2875 413 2899 per
430 2869 542 2898 Spiritum
560 2872 683 2893 sanctum:
701 2876 757 2899 erqo
774 2869 876 2899 Spiritus
893 2872 988 2893 sanctus
1007 2870 1125 2894 maledicit
1145 2877 1207 2893 men-

374 2908 488 2936 dicantes,
501 2911 522 2931 et
534 2909 565 2931 ica
577 2909 711 2932 mendicare
722 2915 769 2932 non
781 2910 815 2932 est
824 2914 882 2938 opus
891 2909 1040 2938 perfectionis
1057 2910 1207 2934 chrirliuww.

1322 2091 1331 2104 ⁵
1348 2093 1414 2115 Vers.
1431 2093 1472 2114 29:
1490 2093 1542 2119 Fili,
1560 2093 1580 2114 in
1599 2095 1704 2119 tempore
1721 2091 1781 2113 vitae
1803 2094 1855 2113 tuae
1872 2097 1924 2113 ne...
1942 2090 2053 2118 indigere.
2069 2102 2100 2106 —

1259 2132 1276 2154 L
1292 2131 1422 2159 subiungit:
1440 2131 1482 2154 sed
1498 2131 1600 2158 constal,
1617 2129 1679 2160 quod
1701 2129 1805 2159 loquitur
1828 2129 1942 2153 Salomon
1960 2135 2005 2158 per
2027 2127 2100 2158 Spiri-

1259 2172 1310 2194 tum
1320 2173 1443 2194 sanctum.-
1462 2176 1518 2199 eryo
1535 2170 1639 2199 Spiritus
1651 2170 1748 2192 sauctus
1760 2168 1846 2191 inhibet
1856 2167 2010 2191 ‘mendicantis'
2027 2161 2102 2196 (men-¹

1260 2209 1411 2237 dicantihus),
1428 2215 1485 2238 erqo
1502 2210 1544 2232 etc.

1320 2246 1330 2260 ⁵
1348 2249 1412 2270 Vers.
1430 2248 1471 2270 35:
1497 2248 1611 2270 Beatius...
1635 2248 1747 2276 accipere.
1770 2259 1801 2262 —
1818 2247 1833 2268 L
1852 2246 2009 2274 prosequitur:
2027 2247 2049 2268 et
2064 2245 2096 2268 ita

1259 2287 1317 2310 dare
1333 2289 1367 2310 est
1380 2286 1543 2317 perfectione.-
1561 2292 1617 2316 erqo
1634 2286 1752 2316 accipere,
1769 2285 1818 2308 eius
1840 2285 1985 2314 oppositum,
2002 2290 2050 2308 non
2066 2285 2101 2307 est

1256 2326 1421 2357 perfectionis;
1438 2325 1479 2349 sed
1489 2325 1622 2349 mendicare
1634 2327 1668 2348 est
1679 2324 1782 2354 accipere
1794 2323 1830 2347 rel
1842 2323 1899 2346 velle
1911 2324 2029 2353 accipere:
2042 2329 2098 2353 erqo

1260 2366 1393 2389 mendicare
1410 2372 1457 2388 non
1474 2367 1507 2389 est
1520 2365 1682 2395 perfectionis,
1700 2364 1770 2387 immo
1778 2363 1858 2393 potius
1870 2363 2058 2392 imperfectionis.
2068 2375 2100 2379 —

1260 2406 1283 2427 ln
1301 2405 1448 2427 conclusione
1466 2411 1492 2426 ex
1509 2405 1528 2426 D
1537 2405 1553 2426 E
1566 2404 1686 2432 posuimus
1697 2402 1771 2426 multo
1783 2402 1862 2424 minus
1875 2408 1916 2429 pro
1928 2401 2002 2424 mullo
2014 2401 2099 2431 magis.

1322 2442 1330 2455 ⁷
1348 2444 1414 2465 Vei-s.
1431 2444 1469 2465 33.
1484 2455 1516 2460 --
1532 2444 1624 2470 Glossa,
1641 2448 1701 2471 quae
1718 2444 1752 2464 est
1767 2441 1891 2464 ordinaria
1908 2441 1970 2469 apud
1992 2440 2099 2463 §trabum

1260 2486 1282 2505 et
1298 2484 1426 2510 Lyranum,
1443 2485 1477 2505 est
1493 2483 1621 2515 seeundum
1640 2482 1724 2506 Bedam
1737 2480 1769 2509 (in
1781 2481 1841 2502 hunc
1858 2481 1923 2509 loc.):
1941 2480 1979 2507 Ut,
1991 2479 2101 2502 omnibus

1260 2523 1342 2544 vestris
1360 2522 1398 2551 [ita
1415 2522 1483 2544 etiam
1500 2522 1529 2549 L,
1546 2522 1585 2550 qui
1603 2522 1708 2545 ominem
1725 2526 1790 2547 argg.
1803 2519 1838 2541 liic
1851 2519 1959 2548 invertit}
1974 2519 2044 2541 semel
2057 2524 2100 2546 pro

1261 2562 1358 2584 Domino
1376 2562 1457 2589 spretis
1474 2565 1516 2584 etc.
1532 2574 1564 2578 -
1579 2562 1632 2583 Post
1648 2560 1719 2582 verba
1735 2560 1827 2582 Glossae
1845 2559 1991 2587 prosequitur
2007 2559 2036 2580 L:
2047 2563 2099 2587 per-

1260 2601 1365 2630 fectionis·
1376 2601 1449 2630 igitur
1461 2600 1603 2624 christianae
1615 2601 1649 2623 est
1660 2599 1739 2622 omnia
1750 2598 1848 2622 vendere
1859 2599 1880 2621 et
1888 2599 1970 2627 postea
1981 2596 2013 2620 ad
2027 2603 2098 2620 suum

1261 2639 1348 2662 victum
1366 2639 1488 2662 laborare.-
1506 2645 1554 2662 non
1570 2644 1627 2668 erqo
1644 2637 1784 2661 maican.

1323 2676 1332 2689 ⁸
1350 2678 1414 2700 vers.
1434 2679 1469 2700 ¹2.
1485 2690 1516 2694 —
1532 2678 1612 2699 Glossa
1632 2679 1665 2698 est
1681 2675 1805 2700 ordinaria
1821 2676 1883 2703 apud
1902 2675 2009 2697 §trabum
2026 2678 2048 2696 et
2059 2675 2100 2702 Ly-

1261 2723 1356 2738 ranum:
1373 2717 1437 2744 Opus
1455 2716 1572 2744 agendum
1589 2719 1636 2742 est,
1653 2721 1700 2738 non
1717 2714 1857 2737 otiandum...
1875 2717 1897 2736 et
1918 2721 1963 2736 non
1987 2714 2099 2736 desidera-

1261 2755 1313 2777 bitis
1330 2762 1378 2777 rem
1396 2756 1500 2782 ulterius,
1518 2755 1603 2777 nedum
1620 2754 1705 2782 rogetis
1722 2756 1764 2776 etc.
1780 2766 1811 2770 --
1827 2754 1879 2775 Post
1890 2754 1993 2775 Glossnm
2006 2753 2060 2780 legit
2071 2752 2098 2774 L:

1263 2793 1303 2817 sed
1319 2794 1395 2817 omnis
1412 2793 1532 2817 mendicus
1550 2794 1623 2822 royat
1635 2793 1683 2816 sive
1697 2792 1767 2822 petit:
1780 2798 1836 2821 erqo
1848 2791 1923 2815 omnis
1935 2791 2055 2814 mendicus
2066 2791 2100 2820 sa-

1263 2833 1292 2855 cit
1309 2834 1392 2855 contra
1408 2831 1562 2862 Apostolum,·
1579 2831 1620 2854 sed
1635 2831 1677 2861 qui
1692 2831 1748 2857 facit
1763 2832 1845 2854 contra
1859 2830 1995 2860 Apostolum
2009 2836 2054 2852 non
2067 2830 2099 2852 est

1263 2871 1287 2894 in
1301 2871 1442 2901 perfectione
1459 2871 1587 2894 christiana

2101 347 2214 367 Notandum.
2220 363 2228 366 ,
2265 371 2267 374 Ι
