2285 3398
320 112 374 139 (50⁰2

567 150 620 172 RES

319 189 422 218 operatio
439 191 461 211 et
477 188 534 211 ordo
555 189 566 211 Ι
583 189 627 210 299
646 195 657 210 a
672 201 699 204 —
711 188 830 217 quomodo
849 188 878 210 in-

318 231 375 251 irent
388 228 410 250 in
422 228 521 250 animam
535 234 576 256 per
588 227 793 255 apprehensionem
805 227 850 249 300
863 227 878 249 b

365 268 517 290 strtcriruu
527 279 558 284 —
569 269 603 289 est
614 267 710 294 duplex,
728 266 750 288 id
763 268 797 289 est
814 266 878 295 quod

319 308 372 330 dicit
389 310 518 335 respectum
536 306 565 329 ad
583 306 644 328 aliud
661 305 782 328 diversum
799 311 878 337 seeun-

318 347 372 368 dum
390 346 524 372 essentiam,
541 348 563 368 et
584 345 647 374 quod
669 344 724 367 dicit
746 347 877 372 respectum

317 386 345 408 ad
363 385 449 414 aliquid
461 384 505 407 sibi
522 383 721 407 consubstantiale
734 383 775 411 Qo
786 384 815 406 77
829 390 840 406 a
855 383 879 406 4*

317 438 347 442 -
360 426 468 453 primum,
480 427 559 453 utpote
567 424 684 446 includens
693 423 879 452 dependendam,

319 465 373 487 dicit
394 465 508 487 defectum
526 470 538 486 a
560 463 704 491 simplicitate
721 469 824 489 summa;
848 469 880 485 se-

320 505 435 531 cundum,
452 510 504 526 cum
526 504 609 525 nullam
629 502 728 525 includat.
750 502 880 530 dependen-

320 544 384 570 tiam,
397 543 482 566 nullum
501 543 592 565 includit
605 549 616 564 a
630 548 719 564 summa
736 542 880 570 simplicitate

319 583 430 605 defectum
448 582 478 605 ib.

365 623 495 645 assensum
518 634 548 638 —-
570 622 599 644 ad
623 622 657 644 sui
680 622 878 644 conservationem

319 662 405 691 indiget
431 668 501 690 opere
527 662 638 688 manuali,
666 662 739 688 cirili,
768 661 879 689 spirituali

319 702 360 730 OD
377 702 416 724 461
438 708 449 724 a
462 714 492 719 —-
504 702 598 731 quando
611 701 719 730 princeps
736 702 825 728 praeest
838 706 879 727 per

317 742 498 768 successionem,
516 741 574 763 male
596 741 691 768 regitur,
712 742 803 762 econtra
821 739 879 761 bene

317 782 409 809 regitur,
419 787 471 804 cum
483 783 571 808 praeest
585 786 625 807 per
637 779 770 801 electionem
784 778 855 800 H1357'7
867 784 878 799 a

568 1014 619 1036 SAR

367 1056 483 1077 SAaaATuM
500 1066 531 1070 -
553 1052 700 1075 sanctificatio
725 1052 769 1074 diei
791 1051 880 1073 sabbati

320 1095 457 1123 praecipitur
469 1094 491 1116 in
505 1093 569 1115 tertio
581 1092 684 1119 decalogi
703 1093 825 1119 praecepto
842 1090 881 1113 ΒΡ

321 1135 365 1157 520
382 1140 394 1156 a
406 1146 435 1149 —
448 1132 550 1155 consistit
562 1132 582 1154 in
592 1131 679 1154 sincera
695 1131 816 1152 dilectione
829 1130 880 1155 Dei,

320 1175 432 1202 quatenus
449 1175 483 1194 est
499 1177 589 1194 summe
603 1170 676 1193 bonus
694 1168 721 1192 ἑὸ.
740 1182 769 1185 μ
782 1169 810 1191 ad
824 1171 880 1190 hanc

320 1212 462 1235 dilectionem
485 1211 632 1233 obtinendam
656 1209 778 1238 requiritur
802 1208 878 1230 divina

320 1251 416 1278 vacatio,
433 1250 513 1273 Christi
532 1250 625 1271 imitatio
635 1252 656 1271 et
668 1248 763 1270 cessatio
775 1247 804 1269 ab
817 1247 878 1269 omni

320 1297 389 1319 opere
406 1290 482 1312 servili
500 1289 539 1310 521
563 1288 577 1310 h

367 1330 479 1351 S,iCERDOS
495 1340 525 1344 —
542 1327 610 1350 debet
634 1328 715 1349 offerre
741 1326 877 1348 sacrificium

321 1369 342 1390 in
361 1374 456 1396 persona
475 1367 628 1389 iinixersitatis
645 1369 666 1387 ct
683 1372 728 1387 non
747 1365 767 1387 in
781 1371 878 1393 persona

320 1409 354 1429 sui
372 1407 442 1429 solius
459 1406 496 1429 SS
512 1406 552 1428 551
574 1412 585 1427 a

366 1448 512 1469 chnsuexn
531 1458 559 1461 κ-
577 1445 606 1467 ab
630 1445 691 1466 initio
710 1446 800 1466 ulerunt
817 1443 879 1465 insti-

321 1489 364 1509 tuta
391 1486 418 1508 ad
445 1485 544 1508 hominis
564 1485 718 1509 curationem,
737 1490 765 1505 ne
783 1483 880 1505 morbus

320 1530 420 1547 curreret
445 1526 492 1547 sine
518 1524 620 1546 remedio
644 1524 661 1546 B
684 1523 728 1545 266
746 1529 757 1544 a
777 1535 804 1537 —
823 1522 880 1550 legis

321 1567 413 1586 naturae
438 1563 623 1592 pt'aesctcrebant
653 1565 739 1584 tantum
771 1560 880 1583 unito-am

320 1603 406 1631 gratiae
419 1603 439 1625 in
452 1601 616 1628 oblationibus,
632 1600 835 1626 decimationibus,
848 1606 880 1621 sa-

319 1642 409 1664 crificiis
426 1641 454 1664 ib.
474 1653 502 1656 —
520 1641 576 1668 legis
593 1640 691 1667 scriptae
708 1639 805 1666 gratiani
823 1638 880 1667 fiatt-

319 1680 405 1704 rabant
429 1680 616 1705 circumcisione,
641 1678 781 1706 expiatione,
798 1677 880 1699 sacriti-

318 1721 406 1742 ciorum
432 1719 576 1741 distinctione
602 1717 631 1740 ib.
657 1729 686 1732 —-
711 1716 769 1744 legis
794 1716 881 1744 gratiae

319 1765 405 1788 corpus
418 1758 504 1786 gratiae
524 1757 652 1785 producunt
670 1759 692 1777 et
704 1755 819 1783 praedicta
830 1761 881 1777 eva-

320 1801 395 1825 cuant,
405 1799 483 1825 utpote
492 1796 588 1824 potiora,
595 1795 730 1822 efficaciora,
737 1794 840 1822 digniora
852 1793 881 1816 ih.

367 1849 396 1852 —
414 1836 454 1858 ista
474 1837 564 1857 fuerunt
585 1834 683 1856 instituta
701 1840 713 1855 a
730 1833 820 1856 Cin-isto
837 1833 881 1856 sub

320 1875 391 1903 signis
408 1873 560 1899 sensibilibus,
572 1879 632 1902 quae
649 1880 674 1895 ex
687 1873 833 1895 similitudine
845 1879 880 1895 na-

321 1914 385 1936 turali
404 1913 500 1941 gratiam
524 1914 733 1940 repraesentarent,
750 1918 776 1934 ex
794 1912 881 1934 institu-

322 1953 381 1975 tione
398 1952 552 1980 significarent
576 1955 598 1974 ct
622 1951 781 1974 benedictione
797 1951 880 1979 produ-

322 1994 398 2014 cerent
410 1991 455 2013 265
472 1997 483 2013 a
501 2003 531 2007 —
549 1991 614 2018 itcm,
632 1991 732 2013 instituta
750 1992 840 2013 fuerunt
857 1994 881 2013 ut

322 2033 478 2058 competerent
492 2029 572 2052 morbo
585 2030 718 2058 superbiae,
731 2030 879 2058 ignorantiae,

321 2070 422 2092 accidiae
433 2075 474 2097 per
487 2069 665 2092 humiliationem
686 2069 706 2091 in
723 2070 879 2097 susceptione,

321 2109 472 2131 cruditionem
483 2109 503 2130 in
513 2108 689 2136 significatione,
698 2108 879 2130 exercitationem

322 2148 343 2170 in
360 2147 566 2173 direi'siticatione3
584 2150 608 2169 ut
624 2147 656 2169 sic
673 2149 829 2175 competerent
843 2148 879 2169 ho-

323 2187 376 2209 rnini
395 2187 532 2214 aegrotanti,
550 2186 627 2215 quiex
639 2186 672 2208 eis
689 2186 764 2208 haurit
783 2186 879 2213 gratiam

321 2225 456 2252 curationis,
474 2225 612 2253 aegritudini
629 2227 651 2247 et
668 2224 782 2247 occasioni
802 2231 880 2252 aegro-

325 2265 386 2288 tandi
404 2264 432 2287 ib.
450 2271 462 2286 a
480 2264 495 2286 b

368 2316 397 2321 —
414 2304 512 2326 instituta
532 2305 623 2326 fuerunt
639 2310 651 2326 a
668 2303 756 2326 Christo
769 2304 790 2326 in
802 2303 880 2326 verbis

321 2346 343 2365 et
359 2344 476 2366 elementis
493 2343 521 2365 ad
545 2343 682 2365 evidentiam
709 2343 881 2370 significationis

321 2385 343 2405 et
359 2383 387 2405 ad
405 2382 529 2405 efficaciam
552 2381 736 2404 sanctificationis
753 2382 797 2404 268
815 2388 827 2403 a
851 2394 879 2397 —

320 2422 435 2451 quaedam
459 2421 562 2443 Cin-istus
587 2421 683 2443 instituit
703 2427 744 2449 per
761 2421 880 2443 confirma-

321 2461 404 2483 tionem
421 2463 443 2483 et
460 2460 693 2487 consummationem,
711 2460 825 2489 quaedam
839 2466 880 2488 per

321 2499 502 2527 insinuationem,
512 2499 626 2527 quaedam
637 2505 693 2520 vcro
703 2502 801 2527 utroque
811 2499 880 2522 modo

321 2541 343 2560 et
359 2539 426 2561 etiam
445 2538 466 2560 in
487 2545 511 2560 se
529 2538 578 2565 ipso
596 2543 621 2559 ea
639 2537 787 2565 suscipiendo
804 2537 832 2560 ib.
850 2550 880 2555 —

324 2577 421 2599 instituta
448 2580 500 2599 sunt
516 2579 603 2604 septem
620 2582 730 2603 numero,
748 2579 772 2598 ut
788 2583 880 2604 respon-

323 2616 402 2638 derent
427 2615 513 2642 gratiae
535 2615 661 2643 septiformi
683 2614 726 2636 267
746 2621 757 2636 a
777 2628 804 2631 —
821 2616 879 2638 ordi-

320 2657 372 2676 nata
389 2656 442 2676 sunt
463 2654 491 2675 ad
515 2654 638 2681 perfectam
664 2653 763 2675 hominis
785 2654 879 2676 curatio-

321 2699 373 2715 nem
391 2699 432 2720 per
456 2692 612 2720 expulsionem
638 2691 772 2714 morborum
798 2693 879 2721 cnlpae

321 2735 343 2754 et
360 2737 455 2759 poenae,
473 2737 514 2759 per
536 2731 699 2753 restitutionem
717 2731 818 2753 sanitatis
835 2732 879 2754 ani-

322 2777 373 2793 mae
390 2770 412 2792 in
430 2776 476 2802 usul
485 2770 594 2792 virtutum
609 2770 787 2797 theologicarum
799 2772 821 2791 et
833 2776 878 2792 car-

320 2810 442 2835 dinalium,
460 2812 482 2831 et
498 2815 539 2837 per
555 2809 658 2831 eiusdem
673 2809 878 2835 conservationem,

319 2849 444 2875 muniendo
462 2848 569 2870 intrantes
586 2849 618 2870 ad
633 2849 715 2874 vitam,
736 2848 759 2870 in
776 2854 802 2869 ea
820 2850 877 2870 stan-

316 2890 352 2914 ¹tes
369 2891 390 2909 et
407 2893 433 2909 ex
458 2893 483 2909 ea
510 2887 646 2914 inigrantes;
663 2893 701 2909 eos
720 2887 843 2909 relevando
864 2893 875 2909 a

1011 110 1109 139 INDEX
1132 111 1375 140 ALPHABETICUS.

958 200 989 204 —
1012 188 1167 212 Romanorum
1195 189 1250 212 bene
1282 188 1408 217 gubernata
1441 192 1474 211 est

910 227 1021 255 quamdiu
1035 227 1077 255 ipsi
1090 228 1204 257 principes
1213 229 1341 256 elegerunt;
1354 234 1406 250 cum
1419 234 1474 250 vero

912 266 940 288 ad
959 267 1130 289 successionem
1147 267 1303 295 devenerunt,
1320 267 1382 289 male
1398 266 1427 290 ib.

960 306 1116 328 Rssunnncno
1135 318 1165 323 —
1184 313 1308 335 corporum
1338 308 1413 328 futura
1441 310 1475 329 est

912 347 1008 373 propter
1024 344 1197 368 retributionem
1210 346 1318 373 iustitiae,
1331 348 1424 373 propter
1442 352 1475 368 re·

913 384 1071 406 formationem
1082 385 1179 413 gratiae,
1188 388 1282 413 propter
1291 384 1473 407 constitutionem

913 427 1008 445 naturae
1027 423 1044 446 B
1061 424 1105 445 286
1125 423 1138 445 b
1150 436 1180 441 —
1191 425 1319 446 secundum
1336 423 1473 451 exigentiam

914 462 1001 486 ordinis
1012 462 1105 485 divinae
1123 463 1219 485 iustitiae
1231 463 1273 485 erit
1289 463 1435 489 universalis,
1447 462 1474 485 si-

914 502 1039 529 multanea,
1058 502 1184 531 inaequalis
1201 501 1229 524 ib.
1242 515 1272 519 -
1284 502 1411 525 secundum
1431 502 1474 524 exi-

913 542 1012 569 gentiam
1025 541 1231 564 consummationis
1242 542 1327 569 gratiae
1343 541 1419 570 quoad
1436 541 1474 563 bo-

913 587 954 603 nos
971 581 1009 603 flet
1027 581 1048 603 in
1066 581 1160 608 optimis
1176 580 1345 603 conditionibus
1367 587 1407 608 per
1424 587 1474 602 con-

914 621 1050 643 formitatem
1068 626 1121 642 eum
1143 620 1232 642 Christo
1249 619 1279 642 ib.
1300 620 1344 642 287
1362 627 1373 641 a
1394 632 1421 635 -
1442 626 1474 642 se-

912 660 1015 682 cundum
1033 659 1169 687 exigentiam
1193 659 1338 686 perfectionis
1361 660 1474 681 humanae

913 701 1007 721 naturae
1019 698 1060 720 erit
1072 697 1203 721 necessario
1216 704 1269 720 cum
1287 698 1402 726 partibus,
1414 704 1475 726 qnae

914 738 998 760 faciunt
1014 737 1044 759 ad
1069 738 1172 765 corporis
1198 736 1361 763 substantiam,
1378 737 1405 759 de
1422 743 1474 759 con-

913 783 974 806 qruo
992 783 1044 799 cum
1063 776 1178 804 partibus,
1195 782 1255 804 qnae
1278 776 1361 798 faciunt
1379 776 1407 798 ad
1424 776 1473 798 eius

1178 908 1209 955 S

914 1057 967 1073 casn
981 1051 1069 1072 mortali
1090 1051 1125 1074 rel
1143 1050 1223 1072 veniali
1246 1053 1268 1072 et
1284 1056 1323 1072 eos
1341 1049 1475 1072 renotando

914 1090 936 1112 in
954 1096 1002 1113 esse
1014 1090 1124 1118 spirituali
1142 1092 1164 1111 et
1181 1090 1203 1112 in
1221 1095 1269 1112 esse
1286 1089 1381 1111 naturali
1398 1088 1426 1111 ib.
1445 1088 1459 1110 b

960 1142 991 1146 —
1003 1136 1082 1152 eorum
1096 1129 1236 1157 dispensatio
1245 1129 1380 1156 regulariter
1388 1130 1475 1156 spectat

914 1169 942 1190 ad
953 1170 1026 1191 solum
1037 1175 1110 1196 genus
1121 1170 1247 1191 humanum
1258 1168 1303 1190 269
1313 1174 1324 1189 a
1334 1168 1395 1189 —in
1404 1166 1474 1189 omni-

915 1207 958 1229 bus
975 1208 1098 1237 requiritur
1124 1208 1216 1230 intentio
1236 1207 1258 1229 in
1275 1207 1435 1234 dispensante,
1454 1206 1473 1227 in

913 1247 1028 1276 aliquibus
1045 1247 1112 1269 ctiam
1130 1247 1188 1269 ordo
1204 1246 1351 1269 sacerdotalis
1367 1246 1402 1268 vel
1419 1251 1474 1273 pon-

914 1286 1001 1308 tificalis
1018 1286 1045 1309 ib.
1058 1299 1088 1302 —-
1104 1286 1231 1308 secundum
1250 1286 1367 1308 veritatem
1385 1285 1474 1312 dispen-

913 1326 956 1348 sari
976 1329 1071 1354 possunt
1095 1326 1162 1347 etiam
1188 1325 1217 1347 ab
1243 1325 1375 1350 haereticis,
1397 1330 1474 1346 secun<

913 1365 968 1387 dum
986 1365 1104 1387 veritatem
1130 1367 1152 1387 et
1174 1365 1291 1386 utilitatem
1313 1366 1399 1386 tantum
1417 1364 1474 1385 intra

914 1404 1037 1426 Ecclesiam
1056 1403 1085 1426 ib.
1103 1403 1117 1425 b
1134 1416 1164 1420 —
1183 1410 1243 1432 quae
1268 1403 1392 1431 respiciunt
1417 1409 1474 1424 mor-

914 1443 956 1465 bos
974 1443 1048 1465 iterari
1066 1446 1173 1470 possunt,
1185 1449 1245 1472 quae
1261 1442 1388 1470 respiciunt
1404 1444 1475 1463 status

914 1481 1068 1504 hierarchicos
1086 1488 1129 1504 non
1148 1485 1200 1504 sunt
1222 1481 1331 1503 iterabilia
1349 1480 1379 1503 ob
1396 1482 1475 1502 chara-

914 1524 1008 1547 cterem,
1025 1527 1096 1549 quem
1115 1521 1249 1549 imprimunt
1266 1521 1310 1543 270
1329 1520 1343 1542 b

961 1573 991 1577 —
1014 1560 1043 1582 de
1068 1560 1163 1587 singulis
1187 1560 1207 1582 iu
1230 1560 1306 1588 specie
1328 1560 1382 1582 vide
1399 1559 1475 1589 Bapti-

913 1606 993 1626 smus,
1009 1598 1174 1629 Confirmatio,
1187 1598 1345 1626 Eitcltaristm,
1359 1598 1474 1621 poeniten-

914 1638 959 1664 tia,
973 1638 1087 1660 Eatrema
1101 1637 1194 1664 Unctio,
1210 1637 1282 1664 Ordo,
1294 1637 1474 1660 Matrimonium

962 1678 1101 1700 §.tenu-ictum
1118 1689 1149 1693 —
1166 1677 1239 1699 laudis
1256 1677 1353 1699 dictatur
1378 1682 1391 1698 a
1413 1679 1475 1698 natu-

915 1716 956 1738 rali
973 1716 1108 1738 iudicatorio
1127 1715 1149 1738 H
1163 1716 1208 1737 356
1226 1715 1241 1737 b
1265 1727 1295 1731 —
1321 1715 1342 1737 in
1365 1716 1407 1737 hoc
1424 1721 1474 1736 con-

915 1758 1034 1777 senserunt
1051 1755 1118 1777 etiam
1137 1755 1186 1776 ieri
1204 1754 1331 1782 philosophi
1351 1754 1394 1775 357
1413 1760 1424 1775 a

963 1796 1064 1817 Santonon
1081 1807 1112 1811 —
1130 1795 1232 1822 possedit
1248 1799 1340 1816 omnem
1358 1793 1473 1815 scientiam

915 1834 1096 1862 philosophicam
1114 1834 1155 1856 DD
1173 1833 1217 1855 475
1234 1839 1245 1854 a
1265 1833 1279 1855 b

961 1874 1030 1896 Saltus
1046 1885 1076 1890 —
1093 1873 1159 1896 dilata
1185 1876 1231 1898 est,
1249 1874 1273 1894 ut
1293 1872 1473 1896 desideraretur,

914 1913 1067 1936 custodiretur
1084 1916 1106 1935 et
1117 1915 1232 1934 amaretur
1249 1911 1272 1934 H
1286 1911 1331 1933 395
1349 1911 1363 1933 b
1380 1923 1410 1927 —
1427 1911 1473 1933 duo

913 1953 942 1975 ad
968 1953 1063 1975 salutem
1089 1955 1139 1974 sunt
1166 1951 1305 1978 necessaria,
1328 1951 1412 1973 scilicet
1434 1957 1474 1973 no-

914 1992 960 2014 titia
987 1991 1088 2014 veritatis
1114 1994 1136 2013 ct
1162 1990 1291 2013 exercitatio
1318 1990 1408 2012 xirtutis
1434 1990 1474 2012 DD

914 2031 958 2054 457
976 2038 987 2053 n

961 2070 1059 2092 SAMl‘SON
1078 2083 1106 2085 —
1130 2070 1247 2098 capillatus
1274 2069 1409 2092 fortissimus
1434 2069 1473 2091 suit

913 2108 955 2130 DD
973 2108 1016 2130 459
1035 2107 1050 2129 b
1067 2120 1096 2124 —
1113 2108 1219 2130 fortitudo
1231 2108 1279 2130 eius
1291 2111 1339 2130 crat
1351 2108 1372 2130 in
1385 2110 1472 2135 septem

913 2147 999 2175 capillis
1016 2146 1045 2169 ib,
1063 2159 1094 2163 —
1111 2147 1133 2169 hi
1151 2150 1238 2175 septem
1254 2147 1327 2175 capilli
1345 2147 1473 2174 significant

914 2186 1071 2214 septiformem
1082 2186 1179 2214 Spiritus
1191 2187 1213 2208 5.
1225 2186 1322 2213 gratiam
1335 2185 1362 2207 ih.
1375 2198 1405 2202 —
1418 2186 1472 2213 tigu-

913 2228 947 2247 rat
964 2225 1050 2247 donum
1069 2225 1205 2247 fortitudinis
1223 2225 1266 2246 480
1285 2224 1299 2246 b

960 2265 1080 2286 Sasernas
1096 2276 1127 2280 —
1143 2264 1270 2286 secundum
1288 2264 1421 2291 Dionysium
1439 2267 1472 2286 est

914 2303 943 2325 ab
968 2303 1030 2326 omni
1055 2303 1198 2326 immunditia
1224 2302 1305 2331 libera,
1330 2304 1428 2330 perfecta
1451 2306 1472 2325 et

914 2343 1006 2365 omnino
1024 2342 1169 2365 immaculata
1186 2342 1297 2364 munditia
1315 2342 1337 2364 H
1353 2342 1396 2364 337
1414 2348 1425 2363 a
1442 2354 1472 2358 —

914 2383 970 2404 haee
987 2382 1099 2404 munditia
1123 2384 1157 2404 est
1182 2381 1283 2409 proxima
1301 2381 1420 2408 dispositio
1442 2381 1472 2402 ad

914 2421 1048 2449 sapientiam
1067 2420 1095 2443 ib.
1113 2434 1141 2436 —
1158 2420 1226 2443 habet
1251 2423 1350 2449 quatuor
1372 2419 1472 2448 proprie-

914 2462 970 2482 tates
988 2459 1031 2481 423
1049 2459 1064 2481 b
1082 2472 1110 2475 -
1128 2460 1231 2482 simulata
1249 2466 1288 2482 scu
1308 2460 1361 2482 falsa
1379 2465 1422 2481 non
1439 2462 1472 2481 est

913 2498 1030 2525 sanctitas,
1047 2499 1088 2521 sed
1106 2499 1181 2526 potius
1199 2499 1305 2527 iniquitas
1323 2498 1367 2520 469
1385 2497 1399 2519 b

960 2538 1079 2560 ΞΛΡιΕκτΕε
1090 2550 1120 2554 -
1132 2538 1198 2565 pauci
1216 2541 1269 2560 sunt
1286 2544 1340 2560 vere
1357 2537 1471 2565 sapientes

913 2579 935 2599 et
952 2582 1024 2604 quare
1042 2576 1083 2603 QD
1100 2577 1128 2599 26
1146 2584 1158 2599 a

960 2616 1073 2637 simam
1101 2627 1132 2631 —
1159 2616 1242 2644 duplex
1259 2619 1307 2638 est:
1331 2616 1426 2638 increata
1449 2618 1471 2637 et

913 2657 986 2676 creata
1006 2653 1047 2681 ΟΒ
1064 2655 1093 2676 29
1111 2654 1125 2676 b

958 2705 988 2709 —
1001 2693 1096 2715 increata
1109 2694 1192 2716 nullius
1203 2696 1320 2716 creaturae
1336 2696 1409 2722 potest
1420 2700 1470 2715 esse

912 2732 1065 2759 informativa,
1082 2732 1122 2754 sed
1140 2735 1226 2755 tantum
1244 2733 1394 2761 exemplativa
1411 2731 1441 2755 ib.
1457 2738 1469 2754 a

912 2770 937 2792 3·
953 2782 983 2787 --
1000 2771 1054 2793 nulli
1076 2774 1150 2799 potest
1174 2772 1277 2794 accidere
1294 2771 1324 2794 ib.
1341 2771 1365 2793 4*
1382 2784 1412 2788 —
1429 2777 1470 2799 per

911 2809 945 2831 sui
956 2810 1077 2832 essentiam
1087 2813 1121 2832 est
1129 2810 1237 2833 omnibus
1248 2810 1398 2833 intellectibus
1408 2816 1470 2838 prae-

911 2848 1037 2870 sentissima
1049 2848 1077 2871 ib.
1091 2848 1105 2871 b
1122 2849 1147 2871 9·
1163 2861 1192 2866 ·—
1204 2852 1238 2871 est
1249 2850 1284 2872 lux
1296 2852 1399 2876 aeterna,
1410 2855 1469 2878 quae

910 2887 939 2909 ad
957 2887 1112 2915 sapientialem
1130 2889 1283 2915 cognitionem
1301 2895 1325 2910 se
1342 2887 1410 2910 habet
1421 2891 1470 2910 tan-

1749 151 1807 173 ROM

1507 189 1634 212 decentiam
1653 192 1674 211 et
1699 195 1751 211 cum
1774 189 1917 211 ordinatione
1942 190 1969 212 ad
1995 191 2066 213 int-or<

1507 228 1638 256 ruptionem
1656 231 1792 257 perpetuam
1811 228 1851 255 ῆι,
1869 229 1922 251 vide
1935 229 2039 259 Corpora

1554 268 1680 290 lli-:vztsrio
1693 280 1720 283 —
1738 270 1772 290 est
1789 269 1888 296 perfecta
1906 268 1924 291 B
1942 268 1986 290 240
2004 275 2016 290 a
2036 281 2066 284 —

1508 313 1548 334 per
1560 307 1671 334 triplicem
1683 307 1802 333 visionem,
1815 313 1897 335 nempe
1911 308 2065 335 corporalem,

1508 345 1680 373 imaginativam
1693 348 1715 368 et
1727 346 1905 373 intellectualem,
1917 346 1939 368 in
1951 347 2067 374 prophetis

1508 385 1549 407 fuit
1560 385 1663 407 medium
1675 385 1872 413 contemplationis
1884 385 1986 407 veritatis
1997 386 2042 407 260
2054 392 2066 406 a

1555 424 1697 447 szsnzurnx
1709 437 1739 441 —
1749 424 1867 447 exhibetur
1884 424 2019 452 parentibus
2035 425 2066 446 ei<

1507 462 1690 491 obtemperando
1709 463 1750 491 OD
1768 464 1811 486 479
1829 470 1841 485 a

1554 503 1679 525 anronici
1701 515 1730 519 —
1750 506 1784 525 est
1801 503 1923 530 irradiatio,
1941 509 1985 532 qua
2004 508 2068 525 mens

1508 541 1629 564 illustratur
1645 542 1675 564 ad
1698 542 1884 570 persuadendum
1904 542 1925 564 H
1946 541 1989 564 353
2008 549 2020 563 a
2037 554 2067 558 -

1508 580 1576 602 habet
1592 581 1670 608 triplex
1689 587 1762 609 genus
1778 587 1861 603 causae
1878 580 1906 604 ib.

1555 620 1659 642 Romus
1670 632 1700 637 —
1713 622 1838 642 monachus
1850 627 1877 643 an
1887 620 1982 647 laudari,
1992 620 2027 642 tel
2038 620 2069 641 x'i-

1508 659 1608 687 inperari
1625 658 1705 681 debeat
1724 659 1753 681 de
1770 665 1806 686 co,
1824 660 1886 688 quod
1905 660 1929 681 B*
1946 659 2068 681 Benedicti)

1508 697 1529 720 in
1546 704 1617 726 specu
1635 697 1707 720 tribus
1723 698 1788 720 annIs
1810 699 1884 720 latenti
1908 699 1968 720 ritae
1994 704 2069 720 neces-

1507 737 1565 759 saria
1589 737 1721 759 ministrarit
1742 737 1784 765 QD
1809 738 1850 760 152
1871 744 1896 764 a,
1923 737 1976 759 ride
2000 737 2067 759 Beue-

1507 775 1582 798 dirtos
1600 776 1658 802 (S.).

1763 1011 1813 1033 SA?

1509 1056 1579 1078 quam
1597 1050 1735 1078 principium
1754 1056 1861 1077 movens,
1880 1050 1935 1072 ratio
1953 1050 2067 1078 dirigens,

1509 1089 1559 1111 finis
1576 1089 1679 1117 quietans
1696 1089 1725 1112 z'b.

1556 1141 1584 1143 —
1601 1131 1645 1150 est·
1659 1130 1813 1156 cognoscitiva
1839 1135 1915 1151 rerum
1938 1129 2068 1156 cognitione

1508 1167 1674 1194 simplicissima
1699 1169 1718 1191 B
1739 1169 1783 1190 246
1800 1175 1811 1190 a
1830 1168 1844 1190 b
1862 1181 1893 1185 —
1908 1171 1942 1191 est
1959 1168 2016 1190 ratio
2034 1174 2068 1190 co<

1508 1207 1634 1234 gnoscendi
1652 1206 1680 1229 z'h.
1698 1207 1712 1229 b
1730 1220 1759 1223 --
1777 1211 1799 1229 ut
1818 1208 1973 1235 cognoscitiva
1991 1213 2067 1229 rerum

1508 1245 1650 1273 possibilium
1667 1247 1792 1274 appellatur
1809 1247 1857 1273 lux,
1879 1250 1904 1269 ut
1926 1246 2067 1269 existentium

1507 1283 1633 1312 appellatur
1650 1286 1719 1312 visio,
1738 1289 1761 1308 ut
1778 1286 1890 1308 bonorum
1909 1292 2013 1314 operum,
2029 1291 2068 1313 ap-

1508 1323 1626 1351 probatio,
1644 1328 1667 1347 ut
1685 1326 1821 1353 futurorum,
1831 1325 1991 1353 praescientia;
2005 1327 2027 1346 ut
2039 1324 2068 1346 ab

1510 1364 1558 1391 ipso
1571 1364 1617 1386 Deo
1631 1364 1800 1392 faciendorum,
1812 1365 1944 1392 dispositio;
1963 1367 1987 1386 ut
2006 1369 2068 1391 prae-

1509 1403 1666 1430 miandorum,
1684 1405 1870 1432 praedestinatio,
1888 1407 1911 1426 ut
1930 1403 2069 1426 damnando-

1509 1449 1573 1470 rum,
1598 1443 1729 1471 reprobatio
1751 1443 1780 1466 ib.
1803 1456 1833 1460 —
1855 1447 1879 1466 ut
1904 1443 1960 1465 ratio
1986 1448 2068 1470 cogno-

1508 1482 1585 1504 scendi
1598 1482 1673 1504 omnia
1686 1483 1811 1511 appellatur
1821 1483 1867 1509 lux,
1880 1485 1904 1505 ut
1915 1481 2067 1510 cognoscendi

1508 1521 1557 1543 visa
1585 1524 1607 1543 et
1633 1521 1773 1549 approbata,
1799 1522 1935 1550 speculum;
1963 1521 2068 1549 praevisa

1508 1562 1530 1581 et
1555 1560 1677 1588 disposita,
1702 1559 1829 1589 exemplam
1855 1560 2021 1588 praedestinata
2047 1562 2068 1581 et

1508 1599 1637 1627 reprobata,
1647 1599 1703 1622 liber
1716 1600 1775 1622 vitae
1787 1599 1815 1622 ib.
1827 1612 1857 1617 -—
1867 1600 1980 1628 Sapientia
1988 1617 1993 1626 ,
2007 1599 2068 1622 unde

1508 1638 1605 1664 oriatur,
1623 1641 1645 1660 et
1661 1645 1721 1667 quae
1737 1639 1765 1661 sit
1782 1639 1831 1661 eius
1848 1639 1931 1661 domus
1948 1638 1971 1661 ΙΙ
1993 1638 2037 1660 336
2055 1644 2067 1660 a

1507 1687 1538 1692 -
1565 1677 1697 1699 aedificatur
1727 1680 1814 1705 septem
1844 1678 1956 1700 columnis
1984 1676 2012 1700 ib.
2038 1688 2068 1693 -

1509 1718 1572 1742 porta
1590 1716 1713 1743 sapientiae
1730 1718 1764 1738 cst
1780 1717 1960 1744 concupiscentia
1973 1718 1995 1738 et
2011 1715 2067 1738 desi-

1507 1753 1597 1775 derium
1615 1754 1664 1776 eius
1681 1753 1710 1777 ib.
1723 1767 1753 1771 —
1770 1755 1819 1777 eius
1837 1756 1907 1777 forma
1927 1758 1960 1778 est
1977 1754 2067 1777 mirabi-

1508 1793 1534 1814 lis
1552 1793 1595 1814 337
1614 1792 1628 1814 h
1644 1804 1675 1809 —
1695 1796 1729 1815 est
1754 1794 1886 1821 uniformis,
1912 1793 2067 1821 multiformis,

1508 1832 1662 1857 omniformis,
1680 1832 1816 1854 nulliformis
1833 1832 1861 1855 ib.
1876 1835 1898 1855 et
1915 1833 1959 1855 338
1977 1839 1988 1854 a
2006 1832 2021 1855 b
2033 1840 2067 1862 sq.

1507 1882 1537 1886 —-
1555 1871 1575 1892 in
1594 1871 1679 1898 regulis
1695 1871 1825 1893 divinarum
1841 1872 1916 1899 legum
1934 1874 1967 1894 est
1983 1872 2067 1894 immu-

1508 1909 1581 1932 tabilis
1599 1910 1641 1932 337
1657 1910 1670 1932 b
1682 1923 1711 1927 —
1723 1911 1815 1932 resultat
1826 1916 1852 1932 cx
1865 1910 1940 1932 multis
1955 1911 2067 1938 mysteriis

1508 1950 1528 1971 S.
1551 1950 1680 1977 Scripturae
1705 1950 1749 1972 339
1767 1949 1782 1971 b
1799 1961 1830 1966 -—
1846 1952 1880 1971 est
1896 1949 1995 1977 cognitio
2016 1955 2067 1971 cau-

1506 1995 1583 2011 sarum
1602 1989 1760 2011 altissimarum
1770 1991 1792 2011 et
1801 1995 1842 2016 per
1850 1994 1931 2010 causas
1948 1988 2067 2010 altissimas

1508 2030 1552 2051 35ss
1570 2035 1581 2051 a
1602 2041 1629 2044 —
1647 2028 1715 2050 habet
1732 2028 1847 2056 duplicem
1873 2027 1972 2050 radicem
1991 2027 2036 2049 395
2054 2033 2066 2048 a

1507 2082 1536 2084 —-
1554 2068 1621 2090 habet
1637 2071 1735 2097 quatuor
1753 2068 1839 2090 fructus
1854 2069 1875 2089 et
1887 2069 1985 2095 quatuor
2003 2069 2066 2088 actus

1508 2108 1551 2130 417
1571 2108 1584 2130 lJ
1601 2120 1631 2124 —
1648 2110 1795 2135 comparatur
1819 2107 1858 2129 soli
1882 2109 1903 2128 et
1923 2105 2012 2128 mulieri
2029 2105 2066 2127 bo-

1507 2154 1548 2170 nae
1567 2147 1610 2170 425
1628 2147 1643 2169 b
1662 2147 1704 2169 426
1722 2153 1734 2169 a
1751 2159 1781 2163 —
1800 2149 1834 2168 est
1851 2146 1949 2174 duplex:
1967 2151 2019 2167 xera
2043 2147 2065 2167 et

1508 2188 1574 2210 falsu:
1593 2187 1632 2209 ista
1650 2187 1795 2214 evacuanda,
1808 2186 1841 2208 illa
1855 2185 1983 2214 appctendn
1995 2186 2029 2206 est
2046 2187 2067 2206 et

1506 2227 1620 2254 diligenda
1638 2227 1680 2249 DI)
1697 2226 1740 2248 499
1758 2225 1773 2248 b
1997 2255 1999 2258 ι

1552 2278 1583 2282 -
1600 2264 1718 2295 Sapientia.
1735 2265 1842 2292 (Donum
1859 2264 1963 2294 Spiritus
1976 2263 2012 2290 S.)
2029 2270 2065 2285 vc-

1506 2305 1538 2326 nit
1555 2304 1676 2327 desursum
1695 2311 1706 2326 a
1730 2305 1794 2326 Patre
1819 2304 1930 2326 luminum
1957 2306 2063 2332 tauquam

1506 2344 1541 2366 lux
1558 2344 1586 2366 ad
1608 2346 1709 2366 nostram
1727 2343 1850 2371 potentiam
1868 2343 2008 2370 cognitivam
2021 2342 2065 2363 illu-

1506 2382 1652 2408 minandam,
1669 2383 1698 2404 ad
1716 2386 1815 2404 nostram
1841 2381 1965 2410 potentiam
1983 2381 2064 2403 affecti-

1506 2427 1559 2443 vam
1576 2421 1740 2444 laetificandam
1758 2424 1780 2443 et
1796 2421 1825 2443 ad
1847 2423 1946 2443 nostram
1964 2420 2063 2448 operati-

1505 2466 1558 2482 vaui
1584 2460 1778 2482 corroborandam
1801 2460 1841 2483 DJ)
1858 2459 1901 2481 500
1919 2466 1930 2481 a
1950 2459 1964 2481 b
1981 2472 2009 2475 —
2028 2465 2061 2480 acv

1505 2499 1581 2521 diticat
1598 2500 1693 2522 domum
1711 2499 1762 2525 Dei,
1781 2499 1801 2521 in
1819 2505 1863 2527 qua
1881 2498 1963 2521 excidit
1975 2501 2061 2526 septeni

1505 2539 1636 2566 columnas,
1664 2544 1723 2567 quac
1750 2538 1848 2560 dilucide
1873 2540 2018 2565 exponuntur
2043 2539 2063 2558 et

1504 2577 1643 2604 explicantur
1660 2577 1700 2599 501
1722 2584 1733 2599 a
1752 2576 1767 2598 b
1784 2582 1818 2604 sq.

1550 2628 1580 2632 —
1597 2619 1670 2638 creata
1688 2619 1722 2638 est
1738 2615 1855 2644 quoddam
1873 2615 1949 2637 lumen
1966 2621 2006 2637 seu
2032 2615 2062 2636 in-

1504 2654 1594 2676 fluentia
1614 2655 1669 2677 lucis
1685 2658 1797 2680 aeternae,
1814 2654 1876 2682 quod
1899 2653 1966 2675 datur
1986 2654 2061 2675 intelli-

1504 2694 1594 2721 gentiae
1620 2697 1721 2720 creatae,
1738 2696 1845 2722 tanquam
1872 2692 1957 2721 aliquid
1974 2692 1993 2714 ei
2012 2698 2062 2719 pro-

1503 2732 1656 2760 portionabile
1680 2735 1703 2755 et
1719 2733 1845 2758 inhaerens,
1867 2731 1894 2753 ad
1915 2737 1965 2753 eam
1984 2730 2063 2752 habili-

1504 2771 1595 2793 tandani
1614 2771 1643 2794 ad
1660 2772 1794 2799 sapientiam
1813 2771 1933 2792 increatam
1948 2769 1989 2796 OD
2005 2770 2034 2791 29
2046 2768 2060 2790 b

1549 2823 1579 2827 —
1597 2813 1672 2833 utrum
1689 2813 1712 2833 et
1728 2811 1768 2832 ista
1787 2810 1853 2832 tuerit
1869 2809 1891 2831 in
1908 2809 1983 2830 anima
2000 2807 2061 2830 Chri-

1503 2849 1543 2877 sti,
1561 2850 1614 2872 vide
1631 2849 1738 2872 Christus

1551 2890 1700 2911 Stirffiumnm
1713 2900 1743 2905 -
1755 2888 1908 2915 speculamina
1917 2904 1922 2914 ‚
1939 2886 2060 2912 desideria,
