2285 3398
985 259 1093 287 SERMO
1115 260 1154 287 tv.
1879 268 1931 294 567

920 426 1100 474 SERMO
1136 428 1194 474 IV

774 541 912 575 Christus
937 552 1018 575 unus
1044 543 1179 576 omnium
1207 545 1357 589 magister.

200 661 374 688 SuntMAan.
397 675 433 679 —
448 659 635 687 Introductio.
658 660 773 697 Triplex
791 661 907 697 gradus
928 660 1098 697 cognitionis
1119 662 1332 691 certitudinalis
1347 668 1371 692 et
1387 668 1488 699 rectae,
1504 674 1629 702 quorum
1647 667 1779 696 Christus
1794 672 1832 696 est
1847 669 1932 706 prin-

278 710 388 747 cipium
409 714 434 738 et
453 718 546 738 causa
567 714 600 739 ut
619 711 686 745 via,
708 711 816 740 veritas
836 715 861 740 et
881 711 959 745 vita,
980 721 1101 741 numero
1125 714 1148 741 1.
1172 730 1206 733 —
1230 714 1294 743 Pars
1316 714 1332 742 l.
1355 715 1393 744 De
1415 715 1500 752 ipsius
1522 717 1621 746 Christi
1645 719 1743 755 triplici
1768 720 1931 757 magisterio.
1951 756 1956 760 1

278 762 398 795 Primo,
422 759 555 789 Christus
575 764 607 789 ut
629 762 672 790 via
692 766 734 790 est
753 763 893 800 magister
913 763 1084 800 cognitionis
1102 772 1155 801 per
1176 764 1261 801 fidem
1276 766 1452 804 acquisitae,
1467 767 1579 804 duplici
1598 769 1703 797 scilieet
1723 770 1792 798 via:
1811 780 1866 808 per
1879 772 1932 800 ad-

277 815 392 841 ventum
413 812 444 840 in
465 816 602 847 mentem,
624 812 805 850 infundendo
827 813 922 842 lumen
942 814 1146 850 revelationis,·
1175 824 1228 852 per
1259 816 1414 845 adventum
1442 817 1473 846 in
1493 826 1627 853 carnem,
1646 821 1809 856 praebendo
1830 821 1934 858 sirma-

277 867 404 892 mentnm
426 863 629 898 auctoritatis,
651 864 709 893 2-4.
733 881 770 885 -
791 864 867 893 Hinc
890 863 1023 893 Christus
1044 869 1084 894 est
1104 865 1331 903 fundamentum
1351 868 1438 896 totius
1456 868 1526 905 fidei
1545 871 1705 899 secundum
1726 876 1882 911 utrumque
1896 877 1932 902 te-

277 917 466 948 stamentum,
490 915 514 942 ὃ.
539 931 574 935 --
597 915 744 949 Secundo,
768 915 902 944 Christus
923 920 956 944 ut
977 916 1077 945 veritas
1097 920 1138 945 est
1157 918 1297 955 magister
1317 919 1489 955 cognitionis
1503 921 1666 949 rationalis,
1685 923 1730 951 Ad
1744 924 1932 960 cognitionem

276 965 450 994 scientialein
472 966 665 1003 requirantur
686 966 764 995 duo.-
786 967 894 995 veritas
915 967 1106 997 immutabilis
1126 977 1160 997 ex
1190 973 1274 1005 parte
1303 969 1428 1004 scibilis,
1448 971 1587 1000 certitudo
1609 971 1774 1009 infallibilis
1795 983 1829 1002 er
1847 979 1932 1012 parte

276 1017 407 1050 seientiS,
431 1017 455 1045 6.
478 1034 517 1037 -
538 1017 577 1045 De
595 1018 709 1054 primo,
732 1019 757 1045 7.
780 1018 806 1045 8.
829 1035 867 1039 —
890 1018 928 1047 De
945 1019 1086 1053 secundo,
1110 1020 1135 1047 9.
1161 1020 1203 1047 10.
1226 1037 1264 1040 —
1292 1021 1401 1055 Tertio,
1436 1020 1568 1050 Christus
1599 1027 1632 1051 ut
1659 1024 1713 1052 vita
1733 1028 1774 1052 est
1793 1026 1931 1063 magister

277 1067 448 1105 cognitionis
469 1068 713 1105 contemplativae.
736 1067 848 1105 Duplex
869 1069 1038 1098 eaeercitium
1059 1073 1084 1098 et
1103 1074 1224 1107 pastus,
1249 1072 1291 1099 11.
1314 1088 1353 1092 —
1374 1071 1413 1100 De
1430 1073 1529 1109 primo
1550 1074 1684 1102 exercitio
1705 1078 1731 1103 et
1748 1079 1854 1112 pastu,
1873 1077 1932 1105 sice

277 1118 310 1147 de
337 1118 423 1147 Verbo
444 1118 589 1153 increato,
616 1121 657 1148 12.
681 1135 716 1140 —
741 1119 779 1147 De
798 1120 940 1153 secundo,
961 1121 1020 1148 sice
1041 1121 1074 1149 de
1102 1121 1188 1150 Verbo
1210 1122 1380 1157 incarnato,
1406 1123 1449 1152 13.
1465 1140 1503 1144 —
1518 1124 1558 1152 De
1580 1128 1720 1163 atroque;
1735 1126 1840 1162 auplex
1854 1127 1930 1161 vita,

276 1170 381 1207 duplex
401 1178 513 1203 sensas,
535 1170 640 1207 duplam
663 1170 811 1208 ingressus
831 1169 991 1198 secundum
1012 1179 1164 1211 ascensum
1185 1176 1210 1200 et
1227 1173 1410 1207 descensum,
1425 1173 1531 1210 duplex
1552 1175 1750 1212 contemplatio
1772 1176 1840 1206 libri
1859 1178 1931 1206 scri-

273 1221 318 1258 pti
337 1221 417 1249 intus
437 1224 463 1249 et
481 1220 573 1259 foris,
599 1222 641 1250 14.
665 1238 701 1242 —
725 1222 787 1250 Duo
808 1220 987 1250 corollaria:
1006 1221 1121 1258 primo,
1143 1231 1199 1260 quo
1220 1223 1321 1251 ordine
1338 1224 1529 1260 perveniatur
1549 1225 1589 1253 ad
1609 1226 1805 1262 sapientiam;
1827 1228 1931 1265 tripleae

274 1272 389 1310 gradus
400 1282 410 1305 ;
431 1272 628 1309 incipiendum
650 1281 669 1301 a
689 1272 754 1309 side,
773 1273 815 1300 15.
830 1288 870 1293 -—
884 1272 1031 1306 Secundo,
1053 1281 1108 1310 quo
1129 1276 1248 1301 auctore
1268 1277 1293 1301 et
1313 1274 1446 1313 doctore,·
1468 1275 1527 1312 ipse
1547 1280 1587 1304 est
1610 1275 1752 1311 Christus,
1768 1279 1819 1315 qui
1836 1287 1931 1316 coope-

275 1327 362 1351 ratur
381 1326 496 1351 nostrae
510 1323 712 1360 intelligentiae
725 1331 782 1351 non
796 1323 890 1351 solum
909 1323 1040 1360 generali
1053 1331 1215 1358 concursu,
1231 1332 1281 1352 nec
1295 1328 1391 1353 tamen
1405 1326 1524 1362 proprie
1543 1328 1782 1364 supernaturali,
1800 1330 1850 1358 sed
1863 1338 1931 1368 quo-

247 1370 250 1373 *
276 1374 345 1402 dam
365 1374 457 1402 medio
478 1374 570 1402 modo.
594 1373 709 1411 Tripleae
730 1374 834 1402 modus
855 1373 1069 1411 conformitatis
1090 1374 1130 1402 ad
1154 1374 1260 1409 Deum,
1279 1376 1321 1404 16.
1338 1392 1376 1396 —-
1390 1376 1554 1406 Secundum
1576 1366 1627 1406 nis
1647 1379 1746 1407 modos
1766 1384 1807 1408 est
1828 1381 1931 1418 triplex

274 1424 376 1453 divina
397 1425 568 1462 cooperatio,
594 1426 636 1453 17.
656 1441 691 1445 —
710 1424 793 1453 Sana
813 1424 966 1462 explicatio
987 1425 1067 1453 verbi
1088 1426 1265 1463 Augustini,
1287 1427 1363 1465 quod
1386 1428 1460 1456 Deus
1481 1428 1562 1457 nobis
1581 1429 1619 1457 sit
1640 1430 1717 1459 ratio
1739 1430 1930 1469 intelligendi,

278 1476 320 1504 18.
343 1492 379 1496 —
404 1476 442 1504 De
462 1475 583 1504 scientia
604 1479 628 1504 et
648 1476 793 1513 sapientia
815 1476 991 1513 Augustini,
1013 1476 1107 1514 Moysi
1126 1480 1150 1505 et
1172 1477 1269 1506 Pauli.
1295 1478 1333 1506 De
1356 1477 1468 1507 Christo
1490 1480 1549 1507 solo
1566 1480 1730 1518 principali
1750 1482 1892 1520 magistro
1906 1486 1931 1512 et

274 1527 395 1561 doctore,
414 1527 456 1555 19.
473 1543 509 1547 —
525 1527 589 1556 Pars
603 1527 632 1555 ll.
648 1527 686 1556 De
707 1527 804 1556 officiis
824 1535 890 1564 erga
910 1527 1067 1561 Christum,
1082 1527 1261 1564 principalem
1281 1528 1460 1565 magistrum,
1476 1531 1654 1567 praestandis.
1670 1532 1773 1561 Primo
1787 1537 1826 1561 est
1843 1532 1929 1563 Itono-

274 1578 398 1612 randas,
419 1582 443 1606 et
464 1576 515 1606 ltoc
536 1578 699 1615 dupliciter,
722 1579 766 1607 ΞΟ.
783 1595 820 1598 —
835 1578 979 1613 Secundo,
1002 1578 1167 1607 audiendus
1188 1579 1228 1607 ad
1249 1578 1462 1616 intelligendum
1481 1584 1507 1609 et
1524 1580 1728 1617 obediendum,
1744 1585 1789 1612 21.
1806 1600 1842 1605 —
1864 1585 1929 1613 Ter-

274 1629 328 1663 tio,
350 1629 591 1666 interrogandus,
613 1638 671 1657 non
692 1630 821 1663 curiose,
843 1630 891 1657 sed
911 1629 1054 1662 studiose,
1077 1630 1121 1657 2-2.
1144 1646 1182 1649 —
1205 1629 1435 1667 Interrogandus
1448 1635 1489 1660 est
1501 1632 1582 1661 cirea
1597 1633 1672 1662 tria:
1687 1634 1768 1663 circa
1781 1636 1929 1664 veritatem

272 1680 424 1714 scientiae,
445 1680 627 1708 sanctitatem
648 1680 834 1717 disciplinae,
856 1680 1009 1708 caritatem
1031 1679 1251 1714 benevolentiae,
1274 1680 1318 1709 23.
1336 1698 1373 1701 —
1387 1682 1463 1711 Hinc
1478 1683 1564 1712 etiam
1579 1684 1706 1713 doctores
1727 1686 1929 1716 ministeriales

271 1740 358 1760 suam
378 1731 541 1760 doctrinam
564 1730 604 1759 ad
623 1731 720 1759 eadem
744 1731 803 1759 tria
823 1730 920 1759 debent
941 1730 1099 1758 ordinare:
1124 1730 1224 1767 primo
1252 1731 1349 1759 debent
1370 1732 1514 1762 intendere
1533 1734 1668 1764 scientiae
1693 1737 1824 1766 veritatis
1843 1737 1949 1775 sitlei‚'

272 1782 317 1811 ⁹224.
339 1799 378 1802 —
399 1782 545 1815 Secundo,
566 1781 738 1818 disciplinae
768 1781 932 1810 sanctitatis
963 1780 1073 1814 animi,
1100 1782 1144 1809 25.
1168 1797 1205 1801 —-
1235 1782 1343 1816 Tertio,
1366 1782 1569 1813 benevolentiae
1589 1786 1724 1815 caritatis
1746 1787 1797 1816 Dei
1816 1792 1841 1816 et
1857 1797 1927 1826 pro-

271 1833 352 1861 azimi.
375 1833 450 1861 Hinc
471 1832 568 1861 debent
588 1832 765 1860 concordare
786 1832 817 1860 in
837 1831 900 1860 suis
920 1831 1086 1865 sententiiS,
1108 1840 1166 1860 non
1185 1831 1252 1868 ficri
1268 1832 1369 1869 plures
1389 1835 1527 1872 magistri
1543 1844 1597 1873 per
1617 1836 1777 1866 schismata
1788 1849 1798 1872 ,·
1818 1839 1927 1869 dissen-

271 1884 314 1913 sio
334 1884 543 1912 sententiarum
564 1883 660 1911 oritur
681 1891 700 1911 a
718 1883 935 1920 praesumtione
955 1886 980 1910 et
997 1882 1079 1919 parit
1101 1881 1316 1919 confusionem,
1338 1885 1383 1913 ΞΘ.
1407 1886 1452 1913 ⁶27.
1475 1902 1511 1906 —
1534 1887 1688 1925 Epilogus,
1710 1890 1755 1917 ⁶28.

274 2008 297 2035 1.
325 2007 404 2035 Utnts
431 2010 471 2034 est
501 2005 640 2043 magister
670 2008 769 2039 cester,
794 2004 936 2039 Christus,
964 2006 1029 2034 Mat-

54 2058 174 2078 1ntroducfio-
192 2054 264 2083 thaei
287 2054 416 2091 vigesimo
432 2053 511 2081 tertio
523 2054 540 2080 ¹.
558 2053 584 2080 ln
600 2052 684 2081 verbo
705 2052 756 2081 isto
777 2052 941 2086 declaratur,
956 2052 1029 2089 quod

1085 2005 1159 2043 quod
1169 2005 1233 2035 dicit
1245 2006 1320 2045 Hugo
1331 2007 1364 2036 de
1375 2008 1557 2038 Sacramentis
1565 2010 1591 2038 ⁵:
1605 2023 1618 2035 «
1628 2011 1670 2040 lsti
1682 2015 1747 2040 sunt
1758 2015 1813 2042 tres
1823 2014 1925 2051 gradus

1085 2053 1264 2088 promotionis
1285 2053 1363 2089 fidei,
1378 2054 1480 2091 quihus
1498 2055 1565 2085 fides
1585 2064 1711 2086 crescens
1725 2058 1758 2086 ad
1772 2059 1924 2095 perfectum

58 2479 103 2497 Tres
112 2479 180 2501 gradus

45 2504 108 2529 rect-see
118 2508 179 2526 cogni-

46 2527 108 2544 tionis.

192 2104 233 2130 est
260 2101 360 2129 fontale
388 2100 553 2137 principium
583 2099 789 2128 illuminationis
816 2099 1028 2136 cognoscitiyae,

192 2148 318 2176 Christus
349 2147 492 2181 videlicet,
523 2146 573 2185 qui
600 2155 665 2174 cum
693 2146 731 2175 sit
757 2146 890 2184 splendor
918 2146 1029 2184 gloriae

189 2198 329 2231 paternae
350 2197 373 2222 et
393 2193 493 2231 figura
514 2193 693 2222 substantiae
709 2193 780 2227 eius,
794 2198 916 2231 portans
930 2194 1027 2222 omnia

190 2239 274 2268 verbo
301 2240 418 2268 virtutis
444 2248 525 2273 snae,
548 2240 618 2268 sicut
638 2240 739 2269 dicitur
759 2240 792 2268 ad
814 2240 948 2269 Hebraeos
972 2241 1028 2277 pri—

190 2287 272 2321 m023
295 2287 351 2323 ipse
372 2289 428 2321 cst,
449 2287 495 2323 qui
522 2290 562 2315 est
583 2287 659 2324 origo
684 2287 777 2315 omnis
796 2287 964 2323 sapientiae,
986 2295 1027 2316 se—

191 2333 312 2362 cundum
334 2334 400 2362 illud
423 2334 599 2362 licclcsiastici
624 2334 750 2370 primo³z
772 2334 849 2362 Fons
869 2334 1027 2371 sapientiae

196 2380 318 2408 Verbum
335 2380 385 2408 Dei
405 2380 435 2408 in
456 2380 580 2408 eaecelsis
596 2380 654 2416 lpse
667 2380 793 2408 Christus
806 2383 847 2408 est
860 2383 952 2409 autem
968 2380 1027 2409 sons

190 2427 284 2455 omnis
299 2427 469 2464 cognitionis
484 2430 584 2454 rectae.
601 2426 659 2462 lpse
673 2426 743 2454 enim
760 2430 800 2455 est
813 2426 872 2460 via,
884 2427 992 2455 veritas
1002 2431 1028 2455 et

189 2473 264 2508 vita,
283 2474 388 2502 loannis
408 2473 513 2502 decimo
533 2476 632 2510 quarto
643 2473 662 2500 ⁴¹.
676 2489 712 2493 —
724 2473 836 2510 Triplex
850 2481 968 2510 namque
986 2475 1028 2502 est

189 2520 291 2557 gradus
311 2519 471 2557 cognitionis
492 2518 689 2548 certitudinalis
709 2523 736 2548 et
756 2523 861 2554 rectae,
876 2520 1027 2549 secundum

252 2688 259 2701 ¹
278 2689 343 2711 Vers.
364 2689 398 2711 10.
416 2689 528 2716 Vulgata:
545 2689 650 2716 Magister
667 2692 742 2712 vester
759 2696 818 2712 unus
834 2693 879 2718 est,
896 2689 1006 2718 Christus.

250 2726 259 2740 ²
277 2728 342 2750 Vers.
356 2729 377 2750 3.
390 2728 503 2755 Vulgata:
515 2727 557 2756 Qui
574 2733 628 2749 cum
645 2728 673 2750 sit
689 2728 796 2755 splendor
813 2729 898 2756 gloriae
914 2731 936 2750 et
951 2728 1024 2756 ligura

188 2766 328 2790 substantiae
344 2767 393 2789 eius
410 2770 550 2795 portansque
566 2767 642 2789 omnia
659 2766 731 2789 verbo
748 2768 838 2790 virtutis
854 2774 916 2790 suae.

250 2805 259 2818 Β
277 2806 342 2828 Vers.
359 2806 380 2828 5.

250 2844 260 2856 ⁴
278 2846 342 2867 Vcrs.
359 2846 380 2867 6.
395 2857 426 2861 —
439 2844 485 2868 Csr.
502 2845 531 2867 de
549 2846 591 2867 lioc
608 2844 715 2867 ltexacm.
731 2846 803 2867 collat.
821 2846 842 2868 i.
860 2852 880 2867 n.
900 2846 935 2867 11.
951 2851 1023 2874 seqq„

188 2884 262 2907 collat.
279 2884 300 2905 3.
317 2890 340 2906 n.
357 2885 394 2906 12.
411 2890 476 2912 seqq.
492 2887 515 2906 et
531 2884 615 2911 passim
634 2883 656 2905 in
673 2886 719 2906 toto
736 2885 856 2912 opusculo.

250 2921 260 2934 ⁶
276 2922 344 2945 Libro
361 2923 376 2945 l.
393 2929 416 2950 p.
433 2923 462 2945 Χ.
478 2928 499 2945 c.
516 2923 538 2945 4.

250 2960 260 2973 ⁶
276 2962 324 2983 Hoc
340 2961 468 2984 secundum
485 2960 615 2983 membrum
633 2961 751 2984 divisionis
767 2962 832 2984 deest.
848 2963 870 2984 in
887 2962 938 2985 cod.

250 2998 258 3011 '¹
277 2999 362 3022 Similia
379 2999 447 3022 nabet
464 3000 613 3028 seraphicus,
631 3000 663 3022 lll.
678 3001 738 3022 Scnt.
755 3000 778 3022 d.
796 3001 832 3022 35.
848 3007 869 3023 a.
890 3002 908 3023 l.
925 3008 947 3030 q.
962 3001 983 3023 3.
1001 3001 1023 3023 in

189 3039 274 3061 conch:
295 3048 305 3058 «
318 3037 421 3066 Coguitio
439 3038 468 3060 de
484 3039 531 3061 Deo
547 3038 591 3061 sub
608 3039 694 3061 ratione
706 3039 754 3061 veri
766 3042 841 3067 potest
851 3039 930 3061 haberi
942 3045 1023 3062 secun-

1086 2099 1171 2127 tendit
1192 2100 1234 2128 vel
1255 2101 1426 2131 conscendit:
1448 2102 1570 2140 primus,
1591 2111 1641 2141 per
1659 2104 1786 2141 pietatem
1808 2106 1922 2144 eligere;

1085 2146 1237 2182 secundus,
1259 2156 1309 2184 per
1324 2149 1456 2178 rationem
1477 2150 1645 2187 approbare;
1661 2152 1774 2188 teram,
1789 2161 1838 2190 per
1852 2154 1923 2183 veri-

1085 2196 1167 2223 tatem
1188 2196 1396 2232 apprehendere
1410 2208 1436 2225 ».
1459 2198 1615 2228 Secundum
1637 2199 1688 2229 hoc
1706 2204 1835 2237 apparet,
1850 2202 1923 2239 quod
1938 2217 2066 2237 nmmum„

1085 2241 1186 2277 triplex
1209 2245 1249 2270 est
1270 2242 1368 2271 modus
1392 2245 1587 2280 cognoscendi,
1609 2255 1729 2283 quorum
1750 2248 1857 2285 primus
1882 2252 1924 2278 est

1084 2295 1133 2323 per
1152 2288 1350 2316 credulitatmn
1368 2289 1436 2326 piae
1456 2292 1641 2326 assensionis,
1657 2294 1794 2323 secundus
1807 2303 1857 2332 per
1871 2304 1922 2333 ap-

1080 2333 1280 2370 probationem
1301 2338 1394 2363 rcctae
1415 2336 1579 2372 rationisss,
1601 2340 1699 2368 tertius
1721 2348 1786 2369 vero
1799 2349 1849 2377 per
1863 2342 1921 2370 cla-

1084 2380 1198 2408 ritatem
1219 2382 1346 2410 mundae
1366 2384 1619 2420 contemplationis.
1642 2386 1750 2416 Primus
1764 2391 1866 2424 spectat
1886 2389 1920 2418 ad

1083 2427 1206 2455 habitum
1228 2428 1355 2463 virtutis,
1377 2437 1447 2466 quae
1468 2434 1509 2459 est
1529 2431 1596 2460 fides
1608 2443 1614 2467 ;
1636 2433 1773 2462 secundus
1791 2434 1824 2462 ad
1844 2435 1920 2464 habi-

1083 2476 1142 2502 tum
1167 2474 1252 2509 doni,
1273 2475 1347 2512 quod
1367 2479 1408 2505 est
1429 2477 1600 2513 intellectus;
1623 2479 1721 2508 tertius
1741 2480 1775 2508 ad
1796 2481 1919 2510 habitum

1083 2520 1284 2556 beatitudinis,
1307 2531 1377 2560 quae
1397 2527 1438 2552 est
1458 2524 1592 2553 munditia
1612 2525 1702 2555 cordis
1712 2526 1731 2554 ⁷.
1753 2526 1820 2556 Cum
1835 2528 1919 2565 igitur

1081 2689 1136 2712 dum
1155 2691 1265 2719 triplicem
1290 2694 1398 2716 modum:
1421 2700 1467 2716 uno
1484 2695 1553 2718 modo
1578 2695 1674 2718 liabetur
1696 2697 1795 2725 cognitio
1821 2698 1860 2720 Dei
1876 2704 1917 2726 per

1081 2728 1207 2756 simplicem
1225 2737 1359 2759 assensuum
1376 2733 1419 2755 alio
1436 2734 1506 2756 modo
1523 2740 1564 2762 per
1581 2735 1674 2758 rationis
1685 2736 1916 2763 adminiculun1;ter-

1081 2768 1112 2790 tio
1130 2769 1198 2791 modo
1220 2776 1261 2797 per
1277 2770 1403 2799 simplicem
1427 2773 1561 2795 contuitum.
1578 2774 1678 2796 Primum
1696 2776 1730 2796 est
1746 2774 1833 2796 virtutis
1850 2774 1914 2801 fidei,

1081 2807 1146 2829 cuius
1162 2811 1196 2830 est
1212 2810 1332 2838 assentire,
1357 2812 1483 2834 secundum
1508 2815 1542 2835 est
1558 2813 1610 2835 doni
1635 2813 1771 2840 intellectus,
1797 2814 1861 2835 cuius
1882 2816 1915 2835 est

1081 2846 1164 2868 credita
1182 2853 1223 2874 per
1245 2849 1355 2872 rationem
1378 2851 1512 2878 intelligere,
1530 2852 1619 2874 tertium
1642 2855 1675 2874 est
1692 2852 1835 2874 beatitudinis
1852 2858 1914 2874 mun-

1080 2884 1149 2907 ditiae
1165 2885 1253 2915 cordis,
1269 2888 1335 2911 cuius
1356 2892 1389 2911 est
1405 2890 1478 2912 Deum
1501 2890 1580 2913 xiderc
1592 2899 1613 2913 ».
1631 2891 1662 2913 De
1684 2892 1727 2913 hac
1743 2891 1822 2918 triplici
1839 2891 1913 2918 cogni·

1080 2923 1139 2945 tione
1150 2924 1232 2947 diffuse
1242 2928 1264 2947 et
1273 2926 1343 2949 modo
1355 2928 1447 2950 omnino
1459 2929 1526 2951 simili
1538 2935 1582 2951 non
1594 2932 1679 2951 tantum
1692 2930 1768 2958 quoad
1780 2929 1912 2955 doctrinam,

1079 2963 1119 2985 sed
1137 2963 1204 2986 etiam
1221 2965 1297 2992 quoad
1315 2965 1386 2988 verba
1407 2968 1483 2995 agitur
1499 2973 1567 2995 supra
1585 2968 1614 2990 de
1631 2968 1699 2990 Donis
1717 2968 1812 2995 Spiritus
1830 2968 1851 2989 S.
1868 2968 1912 2989 col-

1079 3002 1115 3024 lat.
1128 3002 1149 3024 4.
1160 3009 1182 3024 n.
1194 3002 1257 3025 2-24.
1268 3002 1300 3026 lbi
1312 3008 1391 3027 auctor
1402 3008 1567 3028 commemorat
1583 3006 1650 3028 etiam
1667 3010 1771 3035 quartam
1783 3006 1897 3028 scientiam
1905 3024 1910 3034 ,

1078 3041 1163 3064 scilicet
1178 3041 1320 3071 gloriosam,
1337 3050 1396 3072 quae
1414 3048 1447 3067 est
1464 3045 1485 3067 in
1503 3045 1582 3072 patria.
