2285 3398
210 270 258 295 Quid
272 269 331 296 provi-

236 294 306 313 deutra.

268 551 330 571 Ratio.

205 740 238 759 Est
248 740 300 758 reeta
314 740 332 757 et

214 772 219 774 >
231 763 304 783 efficax.

223 974 257 993 Est
268 973 333 997 regula

212 997 332 1017 rectitudinis

212 1023 231 1040 et
243 1021 295 1045 urigo
306 1021 333 1040 es-

211 1045 295 1065 ficaciae.

348 138 403 166 218

423 216 454 244 Et
474 216 539 252 quia
560 215 611 244 ista
632 215 774 249 voluntas,
797 215 901 244 ratione
922 215 1061 253 regulata,
1087 215 1189 244 dicitur

343 263 543 301 prot·i(lentia;
565 262 628 291 hinc
659 265 715 296 est,
737 262 811 299 quod
841 262 948 297 omnia,
969 270 1041 300 quae
1072 262 1098 291 in
1127 261 1189 290 uni-

345 318 425 339 verso
446 310 532 343 liunt,
553 312 675 346 aguntur
689 312 717 337 et
738 312 874 346 reguntur
888 309 980 338 divina
1001 308 1188 346 providentia,

346 365 416 394 quae
437 365 486 393 per
507 356 599 385 onmia
619 358 660 385 est
678 356 941 393 irreprehensibilis,
962 356 1027 394 quia
1048 355 1116 384 nihil
1137 354 1188 383 nisi

345 404 415 432 iuste
433 402 593 440 praecipit,
621 401 769 439 prohibet,
802 402 844 431 vel
865 403 1006 436 consulit;
1038 401 1107 430 nihil
1127 400 1189 438 aqit

346 450 396 478 nisi
418 450 502 483 bene,
524 449 593 477 nihil
611 449 752 486 permittit
772 448 881 478 iniuste.

422 496 600 533 Intelligentia
630 498 723 525 autem
751 499 778 525 et
799 496 868 525 ratio
890 496 1094 533 praedictorum
1122 494 1190 522 haee

344 547 392 573 est.
415 543 537 571 Primum
558 543 740 580 principium,
763 552 826 572 cum
847 543 883 572 sit
903 550 1010 572 summe
1032 541 1135 575 nobile,
1163 543 1191 569 et

343 590 518 619 voluntatem
540 590 622 619 habet
643 593 670 619 et
690 590 780 619 nobili
800 591 883 619 modo
906 590 995 619 habet.
1015 588 1084 617 Cum
1106 587 1190 625 igitur

344 637 471 666 voluntas
490 637 524 665 de
545 645 573 666 se
594 636 667 665 dicat
688 637 771 670 illud,
793 637 945 666 secundum
960 636 1034 673 quod
1055 635 1082 663 in
1104 642 1191 671 dyen-

345 683 421 712 tibus
442 692 461 712 a
478 684 628 721 proposito
643 684 650 698 ¹
678 683 829 713 attenditur
851 683 947 721 regula
971 681 1144 711 rectitudinis
1165 683 1192 709 et

345 731 466 759 efficacia
486 730 667 768 operationis;
690 738 801 759 necesse
831 734 888 765 est,
910 730 984 767 quod
1015 729 1143 757 voluntas
1164 728 1192 756 in

345 778 401 807 Deo
423 778 457 807 sit
472 778 635 806 rectissima
655 781 683 806 et
701 777 921 815 efficacissima:
936 777 997 805 ideo
1018 775 1192 809 rectissima,

344 826 410 863 quia
430 825 502 854 idem
524 828 565 854 est
586 825 613 853 in
635 825 691 853 Deo
712 825 839 853 voluntas
864 828 891 853 et
911 824 1026 857 veritas3
1048 823 1109 852 ideo
1136 822 1193 860 effi-

346 871 517 905 cacissima,
539 871 604 908 quia
630 871 701 899 idem
726 878 842 907 prorsus
863 870 890 898 in
916 870 972 899 Deo
993 872 1035 899 est
1058 869 1193 898 votzmtus

345 922 372 948 et
392 919 488 948 virtus
509 918 566 947 sive
588 921 716 955 potestas
730 912 810 945 —Et
830 917 896 954 quia
917 925 972 945 non
992 919 1082 954 potest
1102 916 1194 945 divina

346 966 473 995 voluntas
494 973 590 995 carere
612 965 743 999 veritate,
765 965 826 993 ideo
841 973 895 993 non
917 966 1023 993 tantum
1045 966 1086 993 est
1100 967 1192 999 reeta,

345 1022 443 1044 verum
468 1013 551 1042 etiam
576 1012 680 1050 reyula
704 1012 895 1041 rectitudinis.
918 1011 988 1049 Quia
1019 1020 1085 1041 vero
1117 1012 1193 1041 nullo

346 1062 427 1091 modo
448 1064 537 1100 potest
558 1069 653 1090 carere
674 1061 796 1095 virtute,
819 1060 878 1089 ideo
899 1069 954 1089 non
970 1063 1077 1089 tantum
1098 1063 1139 1089 est
1153 1059 1194 1098 ef-

345 1109 440 1146 ficar,
463 1117 560 1138 verum
582 1109 663 1137 etiam
685 1108 752 1146 sons
772 1111 797 1136 et
818 1108 900 1146 origyo
927 1108 1014 1137 totius
1035 1107 1194 1146 efficaciam

305 1172 306 1175 =
347 1157 384 1185 ita
405 1159 436 1185 ut
456 1156 525 1185 nihil
546 1156 604 1185 sine
626 1156 671 1184 illa
699 1156 784 1192 possit
804 1155 888 1189 effici,
910 1155 979 1189 nihil
1003 1158 1099 1184 contra
1120 1154 1195 1183 illam

208 1445 237 1464 De
243 1444 305 1472 *tribus
314 1443 339 1471 si-

217 1473 257 1492 gius
263 1472 336 1493 prum-5.

348 1198 433 1240 possit
453 1203 529 1237 fieri,
551 1203 620 1232 nihil
640 1203 722 1232 etiam
744 1203 790 1237 sit,
812 1211 828 1231 a
848 1211 903 1240 quo
924 1203 1013 1231 valeat
1037 1201 1173 1239 impediri.

427 1251 458 1278 Et
473 1250 539 1287 quia
552 1250 716 1278 rectissima
730 1252 783 1284 est,
802 1250 896 1278 nullus
910 1252 999 1286 potest
1013 1246 1073 1278 esse
1087 1251 1194 1282 rectus,

350 1297 401 1326 nisi
423 1296 611 1325 conformetur
625 1296 649 1325 ei
662 1297 688 1330 ²;
710 1296 803 1325 nullus
824 1298 917 1325 autem
938 1300 1027 1333 potest
1041 1296 1065 1325 ei
1087 1296 1195 1325 consor-

350 1344 433 1378 mari,
448 1344 499 1373 nisi
521 1344 648 1372 voluntas
664 1343 708 1371 illa
730 1343 881 1372 innotescat
895 1343 960 1372 sibi:
983 1344 1106 1380 oportuit
1120 1351 1195 1380 erge,

350 1392 521 1420 voluntatem
542 1391 663 1419 divinam
678 1394 709 1419 ut
729 1390 853 1427 regulam
869 1390 1040 1419 rectitudinis
1061 1389 1196 1430 notificari

350 1439 437 1469 nobis.
461 1438 603 1468 Rectitudo
623 1440 716 1466 autem
737 1437 871 1474 quaedam
892 1440 933 1466 est
954 1437 1145 1471 moecenatis,
1170 1439 1198 1465 et

350 1488 417 1517 haec
447 1487 536 1516 estin
567 1485 689 1514 faciendo
710 1485 814 1513 bonum
844 1484 1031 1513 necessarium
1057 1487 1084 1512 et
1115 1484 1197 1512 decli-

350 1534 440 1564 nando
465 1533 606 1568 malu1n³;
629 1532 764 1570 quaedam
792 1534 833 1560 est
850 1530 1053 1569 perfeetionis,
1082 1534 1110 1560 et
1131 1531 1198 1559 haec

350 1585 391 1611 est
422 1582 449 1610 in
481 1579 703 1618 supererogando
734 1579 808 1608 ultra
834 1578 977 1613 debitum3
998 1582 1025 1607 et
1046 1577 1199 1606 secundum

351 1630 403 1658 hoc
433 1628 578 1657 innotescit
608 1627 686 1655 nobis
717 1634 767 1664 per
802 1626 905 1663 triplex
936 1625 1064 1663 signum,
1096 1624 1200 1654 scilicet

347 1676 594 1715 praeceptionem,
616 1674 841 1712 prohibitionem
871 1676 898 1703 et
918 1673 1094 1706 consilinum
1125 1671 1199 1709 quod

351 1723 462 1761 quidem
497 1722 632 1759 significat
661 1721 784 1750 divinum
819 1721 1022 1758 beneplacitum
1056 1723 1200 1757 acceptare

351 1774 483 1808 tanquam
503 1769 625 1803 iustum;
648 1769 722 1806 quod
743 1769 774 1797 tit
795 1768 947 1797 secundum
968 1767 1093 1797 divinum
1111 1775 1199 1804 prae-

352 1820 477 1854 ceptum,
499 1816 573 1854 quod
600 1816 754 1845 declinatur
780 1815 933 1851 secundum
960 1815 1081 1844 divinam
1098 1813 1199 1852 prelii-

353 1864 485 1893 bz'tionent
514 1867 541 1892 et
570 1863 736 1900 adimpletur
767 1862 921 1892 secundum
951 1861 1076 1891 divinum
1107 1861 1200 1890 eonsi-

353 1912 433 1940 lium.
456 1911 537 1948 Signa
557 1919 623 1939 vero
645 1911 712 1939 haec
734 1910 884 1947 infallibilia
909 1909 987 1946 signa
1007 1911 1073 1938 sunt
1092 1908 1200 1938 divinae

353 1958 518 1992 voluntatis,
540 1961 572 1986 ut
592 1960 633 1986 est
654 1957 751 1994 regula
772 1956 952 1985 rectitudinis.

432 2006 553 2039 Rursus,
575 2004 641 2042 quia
661 2003 863 2042 efficacissima
884 2004 1038 2039 esu-nullo
1059 2003 1140 2033 modo
1154 2011 1199 2041 po-

420 2588 428 2601 ¹
447 2589 479 2611 De
496 2590 538 2611 hae
556 2588 655 2610 dictione
672 2588 714 2610 etr.
732 2589 786 2609 tom.
804 2587 820 2609 1.
836 2592 891 2615 pag.
908 2579 1037 2613 7=l4‚‚nota
1055 2585 1077 2607 3.

420 2626 429 2639 ²
446 2627 492 2650 Cl‘r.
510 2627 525 2649 l.
543 2627 605 2649 Sent.
621 2627 643 2649 d.
662 2626 699 2648 48.
710 2638 741 2642 —
754 2625 865 2654 Superius
882 2624 933 2647 voci
950 2623 1065 2655 efficaciae
1079 2623 1124 2646 1311
1141 2628 1205 2651 prae-

358 2666 450 2689 mittunt
465 2665 599 2696 efficientiae
615 2665 652 2688 vel
669 2664 704 2695 [ll
722 2663 773 2694 el]‚
791 2664 829 2687 ubi
848 2664 867 2687 M
884 2664 968 2687 omittit
983 2663 1063 2687 totius.

420 2704 429 2718 ³
447 2705 576 2734 Respicitur
593 2705 629 2727 Ps.
646 2705 688 2732 36,
706 2704 750 2726 27:
768 2704 861 2726 Declina
878 2710 891 2726 a
908 2704 968 2726 malo
986 2706 1008 2726 et
1025 2705 1060 2726 sac
1077 2702 1173 2725 bonum.

420 2743 430 2756 ‘²
447 2745 507 2767 Vide
524 2745 547 2766 ll.
566 2745 627 2766 Sent.
651 2744 674 2766 (l.
691 2743 728 2765 37.
745 2749 766 2765 a.
785 2743 805 2765 t.
827 2750 851 2772 q.
875 2743 895 2765 l.
918 2746 940 2765 ct
961 2749 982 2765 a.
1000 2743 1022 2765 2.
1044 2749 1068 2772 q.
1086 2742 1204 2764 ·l.—Pro

358 2786 470 2814 operante
486 2784 540 2807 edd.
558 2786 580 2806 et
596 2783 664 2812 pauci
682 2783 751 2805 codd.
767 2783 914 2812 cooperante.

403 2830 406 2832 ’
421 2822 430 2835 ⁶
447 2816 556 2851 August,
575 2823 620 2845 Vll.
640 2823 669 2845 do
685 2822 734 2845 Civ.
751 2822 805 2848 Dei,
817 2828 836 2844 c.
855 2822 896 2843 30:
915 2821 951 2843 Sic
968 2821 1045 2850 itaque
1062 2821 1206 2843 administrat

359 2863 450 2890 omnia,
467 2868 527 2891 quae
544 2862 642 2890 creavit,
658 2864 682 2884 ut
698 2861 767 2889 etiam
785 2860 833 2889 ipsa
851 2860 957 2889 proprios
975 2866 1081 2883 exercere
1097 2863 1119 2882 ct
1136 2866 1206 2887 agere

360 2904 436 2925 motus
453 2901 518 2924 sinat.
535 2913 566 2918 —
582 2903 625 2924 Pro
641 2901 743 2928 creavit,
761 2900 825 2929 quod
841 2900 919 2928 plures
936 2900 1006 2922 codd.
1022 2900 1143 2922 omittunt.
1158 2899 1206 2918 '³⁸11-

360 2947 397 2964 res
413 2941 449 2964 alii
468 2940 535 2970 (inter
552 2947 611 2970 quos
628 2940 698 2962 BLM
710 2937 734 2968 S)
751 2940 824 2963 creat.

985 137 1193 173 BREVILOQUH
1216 136 1295 164 PARS
1317 134 1334 163 1.
1357 134 1384 162 C.
1408 134 1448 162 lx.

1246 216 1298 242 test
1324 212 1425 250 aliquis
1452 212 1556 249 aliquid
1583 212 1704 251 efficere,
1732 214 1784 243 nisi
1815 214 1874 251 ipsa
1905 218 2036 252 operante
2064 216 2091 243 et

1245 259 1428 293 coefficiente3
1451 258 1545 287 nullus
1566 258 1684 295 deficere
1704 260 1748 288 vel
1774 268 1888 297 peccare
1909 264 2011 298 potest,
2039 260 2091 290 nisi

1245 307 1304 343 ipsa
1323 306 1396 334 iuste
1426 305 1570 334 deserente
1580 305 1601 333 4.
1633 305 1665 334 Et
1695 306 1848 335 secundum
1868 307 1921 336 hoc
1951 307 2006 336 duo
2027 310 2092 336 sunt
2104 312 2217 341 oza-unm

1245 353 1306 381 eius
1323 352 1412 389 signa,
1434 352 1537 381 scilicet
1554 351 1694 389 impletio,
1716 352 1790 389 quod
1810 355 1852 381 est
1872 353 1982 390 signum
1995 354 2093 383 volun·
2128 342 2194 361 mm

1246 399 1309 428 tatis
1336 402 1369 428 ut
1398 399 1554 434 efficientis,
1576 402 1604 428 et
1628 399 1798 436 permissio,
1820 399 1895 436 quod
1922 403 1963 429 est
1984 400 2093 437 signum

1246 446 1395 475 voluntatis
1416 446 1488 475 iuste
1502 445 1662 475 deserentis.
1685 446 1758 475 Iuste
1775 448 1869 475 autem
1889 446 2007 481 deserit,
2029 447 2094 484 quia

1246 493 1352 522 iustum
1372 496 1429 528 est,
1451 496 1483 522 ut
1497 493 1536 522 sic
1556 493 1730 522 administret
1750 500 1807 527 res,
1823 501 1893 530 quas
1913 492 2048 527 condidit,
2063 496 2095 522 ut

1247 548 1301 569 non
1330 540 1460 577 infringat
1484 540 1570 578 leges,
1592 548 1661 577 quas
1682 539 1798 574 indidit;
1824 542 1851 568 et
1872 539 1910 568 sic
1932 542 2095 577 cooperetur

1252 598 1266 611 «
1281 587 1378 621 rebus,
1400 595 1469 625 quas
1491 587 1607 621 creavit,
1629 590 1660 616 ut
1681 594 1727 615 eas
1748 594 1830 624 agere
1855 586 1983 624 proprios
2003 589 2096 616 motus

1248 633 1341 662 sinat⁵
1356 644 1386 662 »:
1409 636 1436 663 et
1460 634 1533 669 ideo,
1555 634 1577 663 si
1602 634 1722 663 liberum
1751 633 1900 662 arbitrium
1927 633 1961 662 ad
1986 636 2096 662 utrum-

1248 688 1303 717 que
1324 680 1450 709 vertibile
1471 681 1505 710 de
1526 681 1585 719 lege
1606 684 1722 710 naturae
1743 680 1771 709 in
1792 680 1898 709 malum
1919 680 2037 710 dimittat
2052 688 2096 709 ca-

1248 727 1327 761 dere,
1349 727 1401 755 hoc
1422 735 1477 756 non
1495 728 1637 765 permittit
1657 728 1709 757 nisi
1730 728 1810 756 iuste.

1328 775 1447 809 Rursus,
1469 775 1491 803 si
1512 783 1562 812 per
1583 775 1699 812 gratiam
1720 774 1880 812 praeveniat
1901 776 1928 803 et
1949 777 2096 810 sustentet,
2110 782 2149 809 ,na
2164 782 2238 809 Justitia
2272 783 2274 803 l

1249 822 1318 850 nulli
1353 822 1483 850 iniuriam
1514 822 1577 851 facit
1594 833 1600 856 ;
1636 822 1696 851 ideo
1727 830 1782 851 non
1817 821 1872 859 agit
1906 821 2012 850 iniuste
2045 829 2096 851 nec
2108 806 2240 853 {ltnssssliffi
2271 816 2274 850 ἰ

1250 869 1367 898 omnino
1382 869 1456 897 iuste
1476 869 1627 898 secundum
1650 867 1818 907 exigentiam
1838 868 2015 904 meritorum,
2031 869 2097 906 quia
2109 853 2239 896 512n25m⁰¹³³'
2271 858 2274 881 ‘¹'

1249 917 1348 946 merita
1375 916 1409 945 ad
1435 916 1487 945 hoc
1518 924 1572 945 non
1600 916 1757 951 sufficiunt3
1787 915 1834 945 sed
1864 916 1961 953 gyratis
1991 919 2015 944 et
2042 916 2097 944 mi-

1249 964 1435 993 sericorditer
1460 967 1488 992 et
1518 964 1646 1001 quodam
1666 964 1750 992 inodo
1782 963 1872 997 inste,
1894 966 2030 1000 quantum
2057 966 2099 992 est

1250 1020 1286 1041 ex
1308 1011 1484 1040 condecentia
1504 1011 1633 1040 bonitatis
1654 1019 1728 1041 suae.
1750 1011 1820 1040 Cum
1847 1018 1914 1048 ergo
1934 1010 2045 1039 damnat
2071 1012 2099 1039 et

1251 1059 1390 1096 reprobat,
1405 1061 1537 1095 operatur
1558 1058 1711 1087 seeundum
1726 1057 1889 1091 iustitiam;
1907 1057 2018 1094 quando
2032 1065 2098 1087 vero

1250 1105 1451 1144 praedestinat,
1474 1105 1627 1134 secundum
1645 1105 1825 1143 qratiam-et
1845 1104 2097 1140 misericordiam,

1251 1161 1322 1191 quae
1343 1161 1398 1181 non
1419 1152 1544 1181 excludit
1564 1152 1696 1181 iustitiam
1708 1152 1727 1180 ⁰.
1750 1152 1820 1189 Quia
1841 1160 1908 1189 ergo
1928 1160 2035 1186 omnes,
2057 1160 2099 1181 se-

1251 1200 1374 1229 cundum
1396 1199 1470 1237 quod
1497 1199 1530 1228 de
1550 1207 1640 1228 massa
1666 1199 1828 1236 perditionis
1849 1201 1943 1234 erant,
1964 1199 2099 1228 debebant

1251 1247 1389 1281 damnari;
1411 1246 1471 1275 ideo
1486 1246 1581 1283 plures
1602 1245 1788 1282 reprobantur
1803 1254 1887 1283 quam
1908 1246 2053 1283 eligantur,
2069 1248 2100 1275 ut

1252 1294 1426 1328 ostendatur,
1446 1293 1520 1331 quod
1533 1292 1658 1321 saloatio
1679 1295 1721 1322 est
1735 1293 1887 1322 secundum
1908 1293 2024 1331 gratiam
2039 1301 2100 1330 spe-

1252 1342 1364 1375 cialem,
1387 1341 1434 1370 sed
1463 1340 1614 1369 damnatio
1637 1340 1789 1369 secundum
1818 1340 1950 1369 iustitiam
1978 1349 2101 1369 commu-

1253 1397 1324 1417 nem.
1340 1388 1437 1417 Nullus
1452 1395 1517 1425 ergo
1532 1390 1621 1424 potest
1642 1386 1774 1424 conqueri
1794 1386 1827 1416 de
1841 1386 1934 1415 divina
1947 1387 2101 1422 voluntate,

1253 1436 1319 1473 quia
1339 1435 1431 1464 onmia
1451 1435 1506 1472 agit
1527 1434 1694 1468 rectissime,
1717 1434 1801 1462 immo
1822 1434 1849 1463 in
1871 1433 2000 1462 omnibus
2020 1433 2102 1463 debe-

1254 1491 1317 1511 mus
1349 1483 1450 1519 gratias
1471 1490 1552 1519 agere
1583 1485 1610 1510 et
1631 1482 1815 1511 honorificare
1847 1481 1970 1519 regimen
1994 1481 2102 1511 divinae

1254 1529 1450 1565 providentiae.
1463 1545 1499 1549 —
1516 1529 1542 1557 Si
1564 1529 1627 1566 quis
1647 1531 1739 1557 autem
1761 1532 1893 1566 quaerat,
1908 1536 1996 1566 quare
2016 1528 2103 1566 magis
2115 1539 2205 1566 Quaestio
2216 1539 2245 1559 in-

1255 1575 1303 1604 uni
1324 1575 1461 1612 peccatori
1482 1583 1585 1604 munus
1611 1575 1715 1612 gratiae
1742 1575 1877 1613 largiatur
1902 1584 1987 1613 quam
2007 1575 2102 1610 alteri,
2139 1563 2212 1583 ⁰¹⁶⁰⁰⁸¹

1255 1622 1300 1651 hic
1320 1625 1429 1659 oportet
1450 1621 1587 1650 silentium
1616 1621 1757 1658 imponere
1781 1623 1919 1651 humanae
1944 1622 2101 1660 loquacitati

1255 1673 1283 1699 et
1303 1670 1460 1698 exclamare
1481 1676 1545 1697 cum
1559 1666 1685 1705 apostolo
1697 1669 1723 1696 ⁷:
1748 1669 1770 1698 O
1784 1669 1906 1698 altitudo
1928 1670 2103 1699 divitiarum

1255 1717 1416 1755 sapientiae
1442 1719 1468 1745 et
1494 1715 1630 1744 scientiae
1655 1715 1721 1750 Dei,
1743 1724 1831 1754 quam
1860 1716 2103 1754 incomprehensi-

1257 1764 1327 1794 bilia
1346 1766 1417 1792 eunt
1436 1762 1549 1792 iudicia
1570 1763 1648 1797 eius,
1669 1765 1696 1791 et
1715 1762 1926 1800 investiyabttes
1946 1764 2011 1792 viae
2031 1764 2102 1792 eius.

1258 1812 1331 1849 Quis
1350 1811 1427 1840 enim
1448 1810 1579 1848 eogynouit
1599 1818 1718 1838 sensum
1732 1809 1865 1844 Domini,
1888 1813 1942 1838 aut
1962 1810 2027 1848 quis
2042 1810 2104 1840 eius

1256 1858 1447 1889 consiliarius
1467 1856 1544 1895 fuit,
1566 1861 1620 1886 aut
1640 1857 1706 1895 qui-5
1724 1856 1811 1894 prior
1832 1857 1910 1886 dedit
1929 1856 1986 1891 illi,
2015 1861 2041 1886 et
2060 1866 2105 1886 re-

1257 1907 1403 1936 tribuetur
1423 1905 1470 1934 ei?
1493 1905 1640 1942 Quoniam
1660 1913 1695 1933 ex
1716 1904 1778 1942 ipso
1799 1908 1824 1933 et
1841 1913 1895 1942 per
1910 1904 2008 1942 ipsum
2028 1908 2054 1934 et
2073 1906 2105 1934 in

1257 1955 1319 1993 ipso
1341 1958 1411 1983 sunt
1431 1953 1540 1983 onmia.
1562 1952 1625 1991 Ipsi
1647 1952 1745 1991 ‘qloria
1766 1952 1797 1981 2⁴72
1827 1952 1947 1981 saecuta
1977 1953 2105 1983 saeculo-

1258 2012 1335 2032 rum.
1360 2003 1460 2031 Amen.

1323 2582 1334 2595 ὅ
1350 2583 1396 2606 Cir.
1413 2585 1526 2613 Anselm.‚
1538 2585 1640 2613 Proslog.
1653 2590 1673 2607 c.
1685 2584 1720 2606 9-1
1728 2584 1736 2606 rl
1747 2600 1753 2611 ,
1765 2589 1793 2605 ex
1804 2588 1851 2611 quo
1864 2582 1979 2611 quaedam
1989 2582 2106 2605 attulimus

1263 2625 1318 2645 tom.
1337 2615 1375 2646 iv'.
1394 2630 1449 2651 pag.
1466 2624 1524 2651 964,
1537 2626 1590 2647 nola
1608 2625 1630 2647 3.
1643 2635 1675 2640 —
1686 2623 1796 2650 August,
1808 2621 1923 2644 Enchirid.
1937 2626 1956 2643 c.
1974 2621 2010 2643 99.
2029 2627 2052 2643 n.
2064 2622 2107 2644 25:

1263 2663 1315 2684 Sola
1333 2662 1394 2684 onim
1413 2663 1484 2690 gratia
1501 2664 1634 2692 redemptos
1651 2661 1760 2686 discernit
1776 2667 1789 2683 a
1806 2660 1913 2689 perditis,
1925 2666 1985 2688 quos
1996 2660 2020 2683 z'n
2032 2667 2107 2684 unam

1259 2700 1401 2731 perditionis
1418 2704 1571 2726 concreverat
1586 2708 1692 2726 massam
1708 2701 1738 2725 ab
1754 2699 1844 2728 origine
1866 2700 1934 2722 ducta
1957 2705 2026 2722 causa
2047 2706 2107 2723 com-

1263 2741 1346 2763 munis.
1362 2753 1394 2757 —
1410 2741 1468 2763 Ante
1491 2741 1622 2765 secundum
1646 2741 1751 2772 qratiam
1767 2739 1838 2762 BLH
1853 2741 1961 2767 repetunt
1985 2741 2107 2769 operatur.

1262 2780 1385 2808 Aliquanto
1403 2780 1497 2802 interius
1514 2787 1556 2808 pro
1573 2780 1599 2804 in
1611 2780 1721 2804 omnibus
1733 2781 1749 2803 B
1761 2780 1789 2804 de
1800 2778 1908 2803 omnibus
1921 2778 1944 2807 (l.
1957 2778 2015 2801 Petr.
2028 2779 2054 2806 4,
2070 2779 2075 2801 1
2086 2779 2106 2801 l:

1262 2819 1290 2841 Ut
1308 2820 1329 2841 in
1347 2819 1455 2842 omnibus
1473 2820 1636 2842 honorificetur
1652 2820 1732 2849 Deus).

1325 2857 1333 2870 ⁷
1352 2859 1419 2881 Rom.
1440 2859 1461 2880 il
1473 2876 1479 2886 ,
1497 2859 1575 2881 33-36.
1593 2858 1638 2881 Csr.
1656 2859 1671 2881 1.
1689 2858 1791 2889 Sene-d.
1808 2857 1844 2880 411.
1860 2863 1881 2879 a.
1894 2857 1915 2879 l.
1927 2863 1950 2885 q.
1963 2857 2026 2879 2.-
2038 2857 2108 2880 Paulo

1263 2898 1371 2926 superius
1388 2889 1431 2926 pro
1448 2904 1537 2921 neurius
1554 2897 1647 2928 §iuliae
1663 2899 1742 2927 plures
1759 2898 1827 2921 codd.
1844 2899 1866 2919 et
1882 2897 1896 2919 2
1913 2895 1992 2919 minus
2013 2895 2104 2926 qratia,

1264 2937 1314 2959 Vut.
1332 2939 1354 2959 ct
1375 2937 1428 2964 1‚.3
1445 2937 1558 2967 qratiam.

2268 2604 2278 3315 /div>
