2285 3398
210 296 279 322 Contra
290 294 345 314 simo-

250 324 307 338 1113111-

353 161 409 190 460

352 240 441 275 Certe,
455 240 521 278 quia
535 241 621 278 gratis
635 231 751 277 accepit,
769 240 827 268 ideo
842 238 927 275 gratis
942 239 1136 269 communicat.
1152 240 1199 268 So-

352 287 396 319 lus
417 288 501 317 miser
526 288 609 317 homo
630 290 688 321 est,
717 287 764 324 qui
787 286 880 315 vendit
907 286 1023 323 gratiam
1045 287 1095 316 sibi
1118 287 1199 316 colla-

353 338 416 367 tam.
449 335 524 365 Unde
555 335 668 364 intravit
699 334 788 371 primo
818 333 870 362 ista
901 332 1043 362 venditio?
1074 334 1154 365 Certe
1184 343 1200 364 a

353 383 463 415 Simone
484 391 575 420 mago,
591 382 634 411 cui
656 381 727 410 dixit
745 381 890 418 Apostolus
911 381 1046 409 Petrus1:
1069 382 1200 411 Pecunia

353 434 405 459 tua
427 434 519 459 tecum
539 429 577 457 sit
597 428 628 456 in
646 427 846 465 perditionem.
870 427 973 457 Vertex
995 429 1200 465 Apostolorum,

354 478 450 507 beatus
479 477 575 505 Petrus
601 475 681 504 dicit:
709 475 913 514 Unusquisque
938 479 971 504 ut
996 476 1105 513 accepit
1129 485 1200 514 yra-

355 524 437 559 tiam,
453 524 484 552 in
498 523 675 552 alterutrum
691 522 902 557 ministrantes,
916 523 993 551 sieut
1008 522 1075 551 boni
1088 523 1201 561 dispen-

353 576 463 601 satores
485 569 677 608 multiformis
689 570 807 608 yrattae
829 570 889 599 Dei.
906 570 1053 607 Dionysius
1071 571 1201 600 determi-

354 622 400 648 nat
420 619 499 648 nobis
513 626 596 647 usum
611 618 716 655 gratiae
737 618 765 648 in
783 618 906 655 angelica
927 618 1084 647 hierarchia
1098 622 1125 648 et
1142 627 1202 648 cae-

354 667 412 697 lesti
425 666 436 683 ²
457 668 485 694 et
503 665 584 700 dicit,
606 665 681 703 quod
695 666 717 695 si
739 665 898 702 superiores
916 665 1008 703 Angeli
1031 666 1203 695 continerent

354 721 382 742 se
403 715 430 742 et
451 721 506 742 non
527 712 761 741 vellentinssuere
782 712 809 741 in
825 712 969 741 inferiores
990 710 1118 749 Angelos,
1137 716 1203 742 tunc

354 760 404 797 ipsi
426 759 588 789 clauderent
609 759 659 788 sibi
682 759 753 788 viam
775 759 934 789 influentiae
956 759 1012 788 Dei.
1035 759 1060 788 Si
1083 759 1203 794 bonum,

354 807 427 844 quod
449 807 535 836 habes
555 815 571 835 a
592 807 663 841 Deo,
691 806 810 844 denegas
830 807 875 835 alii
905 810 932 836 et
956 807 1031 836 vides
1052 815 1203 844 pauperem

926 159 969 191 DE
990 159 1089 190 DONlS
1111 161 1256 190 SPlRlTUS
1279 161 1303 189 S.
1326 160 1488 190 COLLATIO
1510 161 1527 190 1.

1255 242 1297 269 est
1318 239 1344 267 in
1367 239 1463 276 culpa,
1479 248 1590 268 necesse
1611 243 1665 274 est,
1681 241 1755 277 quod
1776 241 1916 271 subiaceat
1940 251 2050 280 poenae.
2066 260 2105 264 —

1256 288 1400 316 Peccatum
1423 287 1546 315 subiacet
1573 287 1708 316 vindictae
1728 287 1852 321 divinae;
1873 293 1982 325 oportet
2009 290 2103 327 igitur,

1256 334 1330 371 quod
1345 341 1433 370 poena
1447 334 1481 362 sit
1495 336 1620 368 aeterna,
1635 334 1701 372 quia
1715 335 1816 363 oll'ensa
1832 338 1873 363 est
1888 335 2002 364 infinita.
2017 337 2104 366 Tanta
2116 344 2222 387 pg'gffingfl

1256 381 1329 410 enim
1347 383 1389 409 est
1410 381 1528 415 ostensa,
1549 384 1671 418 quantus
1692 384 1733 410 est
1753 381 1798 410 ille
1812 381 1859 419 qui
1875 382 2040 418 offenditur3
2057 384 2104 413 sed

1257 428 1330 456 Deus
1345 431 1386 456 est
1401 427 1561 462 immensus,
1576 431 1603 457 et
1618 429 1745 458 maiestas
1760 432 1801 457 est
1815 428 1934 458 infinita:
1946 437 2012 466 ergo
2026 432 2053 459 et
2066 430 2106 459 of-

1257 475 1333 504 fensa
1347 477 1389 503 est
1403 474 1522 503 infinita:
1537 483 1603 513 ergo
1617 478 1645 505 et
1658 483 1746 513 poena
1760 468 1930 511 est'infinita,
1945 485 2000 505 non
2015 477 2105 506 inten-

1257 522 1330 555 sive,
1353 521 1400 550 sed
1421 522 1595 559 processioe;
1617 523 1682 560 quia
1703 522 1871 560 impossibile
1896 526 1951 558 est,
1973 524 2105 553 virtutem

1258 572 1377 598 creatam
1399 569 1516 598 activam
1538 570 1671 599 infinitam
1694 578 1753 599 esse
1764 570 1784 597 ⁵.
1807 570 1921 600 Necesse
1942 574 1983 600 est
2004 571 2106 609 igitur,

1259 616 1333 654 quod
1348 616 1438 645 virtus
1458 619 1571 646 aeterna
1584 622 1730 655 operetur;
1753 619 1799 648 sed
1819 618 1892 647 Deus
1913 618 2038 647 infinitus
2052 622 2105 647 est:
2139 625 2248 650 Requiritur

2120 649 2178 668 virtus
2187 650 2248 668 inlini-

1260 672 1326 700 ergo
1354 663 1374 692 si
1397 663 1455 700 ipse
1476 667 1564 693 mutet
1585 665 1719 700 animam,
1741 669 1865 703 oportet,
1887 665 1961 703 quod
1986 666 2039 694 hoc
2059 665 2107 694 fiat
2119 674 2145 691 ta.

1260 719 1309 748 per
1330 711 1451 748 aliquam
1472 711 1644 741 influentiam
1665 713 1777 750 gratiae.
1801 713 1884 747 item,
1906 712 2032 750 gehenna
2052 720 2106 741 non

1259 758 1408 787 dimittitur
1436 758 1486 787 nisi
1514 767 1563 796 per
1584 760 1708 796 gratiam.
1731 760 1826 789 Videte
1847 760 1948 797 igitur,
1970 759 2107 797 quomodo

1260 806 1348 844 gratia
1370 806 1467 835 liberat
1488 814 1504 834 a
1525 806 1658 836 servitute
1674 808 1778 844 peccati
1799 810 1827 836 et
1846 806 1947 836 diaboli
1958 806 1978 835 ⁷.

354 855 381 883 in
405 854 459 883 vita
479 856 529 883 aut
542 854 570 883 in
585 854 698 889 merito;
714 863 769 883 non
791 862 820 883 es
840 854 940 891 dignus
959 854 1015 883 vita
1035 857 1162 889 aeterna,
1177 858 1205 884 et

356 902 411 931 vita
428 904 477 931 tua
491 905 533 931 est
546 902 665 939 pessima
679 904 706 931 et
720 902 834 939 porcina
845 902 865 930 ³.
878 918 914 922 —
926 901 1043 931 Difficile
1057 904 1114 936 est,
1130 902 1203 939 quod

357 950 439 981 homo
460 950 496 979 sit
515 949 618 986 fidelis,
640 949 736 978 virilis
758 953 784 979 et
806 949 935 978 liberalis
942 960 952 983 ,·
974 949 1034 979 ideo
1055 949 1134 978 multi
1160 958 1203 979 er-

1342 854 1385 882 15.
1408 854 1551 883 Secundus
1572 854 1680 883 fructus
1700 855 1804 892 gratiae
1825 858 1867 884 est
1884 854 2034 892 plenitudo
2062 854 2107 883 iu·
2144 862 2247 890 secundus.

1260 902 1372 937 stitiae,
1395 910 1466 939 quae
1488 901 1611 930 consistit
1632 902 1659 930 in
1680 902 1745 937 hoc,
1767 902 1842 940 quod
1863 903 1947 931 homo
1968 903 2003 932 sit
2016 886 2213 931 iustus2t¹1⁴³ti¹iss²fd⁰
2222 891 2250 904 ¹⁰¹

1261 949 1292 978 in
1312 958 1341 978 se
1363 952 1390 978 et
1417 949 1508 986 quoad
1538 949 1631 978 Deum
1658 952 1685 979 et
1712 949 1802 987 quoad
1825 950 2014 987 proximum,
2036 950 2107 979 scili-
2119 957 2240 981 Esttripiex.

213 1068 259 1087 Pars
271 1068 300 1086 lll.
312 1067 340 1086 De

225 1093 286 1118 fructu
302 1096 342 1115 gra-

224 1118 269 1134 uae.

219 1148 252 1166 Est
265 1146 339 1171 triplex.

356 1000 418 1027 rant
438 997 512 1027 circa
532 1006 621 1026 usum
641 997 754 1035 gratiae.

436 1045 478 1074 13.
501 1045 552 1074 Sed
574 1045 637 1082 quis
658 1048 699 1073 est
719 1043 838 1082 fractus
852 1045 975 1074 omnium
998 1045 1136 1074 istorum?
1151 1044 1202 1081 Qui

354 1093 460 1130 plantat
487 1092 595 1122 vineam
623 1093 728 1130 plantat
759 1100 818 1121 eain
847 1095 961 1130 propter
982 1092 1114 1121 fructum.
1143 1092 1203 1120 Tri-

354 1140 419 1178 plex
438 1143 531 1169 autem
552 1143 594 1169 est
615 1140 724 1169 fructus
745 1139 864 1177 gratiae,
883 1139 930 1177 qui
950 1148 1093 1177 nunquam
1114 1142 1204 1177 potest

354 1187 488 1225 reperiri,
510 1187 561 1216 nisi
592 1187 619 1216 in
651 1195 683 1216 eo
704 1187 752 1225 qui
780 1190 821 1216 est
842 1187 869 1215 in
901 1187 997 1224 gratia.
1027 1187 1135 1215 Primus
1163 1189 1204 1215 est

357 1234 488 1263 remissio
516 1235 634 1272 culpae,
657 1234 796 1263 secundus
826 1237 867 1263 est
886 1233 1036 1271 plenitudo
1057 1233 1203 1267 iustitiae,

355 1285 382 1310 et
404 1281 502 1310 tertius
522 1285 564 1310 est
581 1281 764 1319 perpetuatio
784 1282 861 1310 vitae
882 1280 989 1309 beatae.

439 1329 481 1357 lli.
504 1329 629 1363 Primus,
650 1329 726 1362 dico,
748 1328 857 1358 fructus
878 1328 982 1365 gratiae
1010 1330 1052 1357 est
1072 1327 1204 1356 remissio

1261 1000 1303 1026 cet
1325 996 1399 1034 quod
1421 996 1503 1025 honio
1525 996 1592 1025 vitet
1613 997 1716 1026 malum
1738 1000 1764 1026 et
1785 1000 1917 1034 operetur
1942 997 2054 1026 bonum.
2077 997 2109 1025 Et

1260 1043 1421 1082 quomodo?
1452 1044 1523 1073 Dicit
1553 1044 1697 1081 Apostolus
1728 1044 1762 1073 ad
1793 1043 1927 1073 Titumssz
1959 1044 2110 1082 Apparuit

1259 1092 1362 1130 qratia
1384 1091 1436 1120 Dei
1457 1091 1621 1120 Saleatoris
1649 1092 1743 1121 nostri
1763 1091 1898 1120 omnibus
1926 1090 2108 1126 hominibus,

1260 1139 1396 1168 erudiens
1416 1148 1485 1173 nos,
1508 1143 1540 1167 ut
1561 1139 1735 1177 abneyantes
1757 1139 1933 1176 impietatem
1954 1142 1978 1168 et
2008 1147 2109 1168 saecu-

1261 1186 1341 1215 laria
1362 1186 1517 1221 desideria,
1532 1186 1637 1221 sobrie,
1653 1187 1726 1215 iuste
1746 1190 1771 1215 et
1788 1187 1837 1224 pie
1857 1186 1994 1215 vivamus
2012 1186 2043 1214 in
2057 1184 2109 1215 hoe

1260 1233 1386 1267 saeculo,
1401 1238 1595 1270 exspectantes
1610 1234 1724 1263 beatam
1744 1243 1823 1272 spem
1838 1238 1863 1263 et
1878 1234 2036 1263 adventum
2049 1233 2109 1271 ylo-

1261 1281 1325 1309 riae
1345 1280 1449 1317 mayr-tt
1464 1281 1522 1309 Dei.
1536 1297 1572 1301 —
1586 1281 1735 1318 Apparuit
1747 1282 1849 1319 qratia
1865 1282 1918 1310 Dei
1934 1281 2029 1310 nostri
2042 1281 2109 1310 Iesu

1263 1326 1373 1356 Christi
1385 1330 1436 1356 etc.
1453 1327 1522 1356 Haec
1543 1331 1584 1355 est
1605 1328 1705 1364 gratia,
1721 1336 1792 1365 quae
1814 1328 1906 1357 omnia
1924 1329 1996 1357 mala
2013 1329 2109 1366 expel-

214 1383 294 1410 rnyuqs,
314 1388 342 1402 re·
356 1373 465 1416 eulpae.
489 1375 564 1404 Unde
578 1375 723 1412 Apostolus
737 1375 771 1404 ad
789 1375 961 1403 Romanos&
984 1374 1141 1411 Justifieati
1151 1383 1205 1411 per
1261 1374 1292 1402 lit
1312 1377 1340 1403 et
1359 1374 1451 1403 omnia
1472 1374 1543 1402 bona
1567 1374 1679 1403 tribuit:
1701 1382 1767 1411 ergo
1788 1375 1815 1403 in
1841 1376 1930 1412 gratia
1958 1379 1999 1404 est
2017 1375 2109 1413 pleni-

225 1412 290 1455 ῗαῗῗό
304 1407 343 1426 ω’
355 1424 459 1461 fidem,
478 1431 581 1460 paoem
603 1421 763 1451 habeamus
784 1422 825 1450 ad
846 1422 939 1450 Deum
963 1430 1017 1459 per
1045 1421 1206 1450 Dominum
1262 1422 1331 1450 tudo
1352 1421 1487 1450 iustitiae.
1512 1422 1587 1450 Unde
1608 1422 1635 1450 in
1658 1422 1868 1451 Ecclesiastico⁰
1886 1422 1952 1451 dicit
1973 1422 2110 1460 Sapientia

357 1473 492 1499 nostrum
520 1470 616 1498 Iesum
647 1467 811 1503 Christum,
829 1477 884 1506 per
905 1477 989 1506 quem
1013 1471 1038 1496 et
1066 1467 1205 1496 habemus

358 1526 507 1547 accessum
535 1526 589 1554 per
616 1516 703 1553 fidem
732 1516 763 1544 in
788 1515 923 1553 qratiam
954 1515 1058 1550 istam,
1087 1515 1118 1544 in
1146 1523 1206 1554 qua

356 1568 472 1593 stamus
493 1567 517 1593 et
537 1564 706 1602 ⁸qloriamur
728 1563 759 1591 in
779 1571 828 1600 spe
847 1562 960 1600 gyloriae
983 1561 1115 1599 filiorum
1144 1562 1203 1591 Dei.

357 1612 433 1642 Sicut
462 1612 522 1641 vult
550 1611 745 1648 Philosophus,
774 1618 828 1639 non
857 1612 983 1638 mutatur
1013 1609 1076 1647 quis
1104 1609 1137 1639 de
1166 1609 1205 1638 vi—

358 1660 475 1689 tiositate
495 1659 529 1688 ad
551 1659 668 1687 virtutes
688 1658 740 1687 nisi
761 1665 811 1695 per
837 1656 1065 1686 assuefactionem
1086 1657 1120 1686 ad
1141 1665 1205 1686 con-

359 1707 477 1737 trarium
505 1706 649 1740 habitum;
672 1706 710 1734 ita
731 1713 785 1734 non
806 1704 964 1733 remittetur
995 1704 1077 1741 culpa
1105 1705 1132 1733 in
1160 1713 1205 1734 ae-

359 1757 470 1783 ternum
499 1753 551 1782 nisi
576 1761 626 1790 per
650 1753 775 1790 gratiam.
799 1752 924 1781 Potestne
951 1759 1053 1780 avarus
1085 1752 1112 1780 in
1138 1752 1204 1781 libe-

358 1801 493 1831 ralitatem
514 1800 644 1829 devenire
672 1800 724 1828 nisi
745 1808 795 1836 per
823 1799 988 1828 exercitium
1014 1799 1205 1829 liberalitatis?

360 1848 542 1885 Philosophus
573 1846 728 1876 considerat
759 1846 876 1879 vitium,
912 1846 938 1874 in
970 1849 1106 1883 quantum
1140 1847 1206 1876 dicit

358 1895 609 1924 ‹leordinationem
630 1893 784 1932 quandam;
799 1893 910 1930 quando
925 1893 1013 1922 habeo
1027 1894 1150 1922 notitiam
1172 1894 1206 1923 de

362 1943 432 1976 Deo,
454 1941 546 1970 iudico
566 1942 600 1970 de
621 1943 748 1978 peccato,
770 1940 843 1977 quod
865 1942 906 1969 est
927 1939 1035 1978 offensa
1056 1941 1110 1969 Dei
1117 1951 1126 1974 ‚·
1141 1949 1205 1969 nain

359 1996 412 2025 per
423 1988 619 2026 privationem
640 1987 709 2025 lepis
736 1987 826 2015 Deum
851 1985 1049 2020 inhonoras⁵;
1064 1987 1136 2016 unde
1158 1996 1205 2016 ne-

361 2043 435 2064 cesse
446 2038 496 2068 est,
509 2034 583 2072 quod
597 2034 739 2063 subiaceas
750 2033 885 2063 vindictae
896 2034 952 2063 Dei.
965 2034 1016 2071 Qui
1033 2034 1205 2064 inordinatus

424 2225 430 2238 ¹
449 2227 497 2249 Act.
516 2227 542 2254 8,
560 2227 597 2249 20.
614 2239 645 2243 —
662 2226 714 2255 Seq.
732 2227 796 2248 locus
813 2228 848 2248 est
864 2226 878 2248 l.
896 2226 955 2248 Petr.
973 2226 998 2253 ι1,
1017 2227 1053 2249 10.

423 2265 432 2278 ²
449 2265 505 2294 Cap.
522 2267 544 2288 3.
561 2267 574 2295 ‘5
592 2267 618 2294 2,
636 2265 675 2288 ubi
701 2266 830 2288 secundum
856 2265 963 2288 abbatem
989 2266 1158 2289 Vei-celiensem
1185 2267 1205 2289 in

361 2305 514 2328 describendo
526 2312 597 2334 scopo
609 2305 750 2328 hierarchiae
762 2305 856 2328 dicitur:
869 2305 898 2327 lta
911 2305 974 2334 quod
986 2307 1118 2334 superiores
1132 2307 1205 2334 ipsam

361 2345 485 2368 claritatem
504 2345 632 2375 [divinam]
651 2345 698 2368 suis
714 2344 861 2367 inferioribus
887 2345 980 2372 copiose
1005 2351 1058 2368 cum
1083 2346 1207 2374 splendore

362 2385 469 2413 influant,
481 2384 610 2407 secundum
622 2384 685 2413 quod
701 2386 735 2406 est
751 2384 783 2406 cis
800 2383 912 2406 divinitus
929 2384 1085 2407 constitutum.
1102 2385 1206 2408 illicitum

362 2427 395 2447 est
420 2425 483 2447 enirn
508 2426 530 2446 et
551 2423 722 2452 superioribus,
739 2423 779 2453 qui
801 2423 935 2452 perficiunt,
952 2426 974 2445 et
990 2423 1148 2452 inferioribus,
1166 2424 1205 2454 qui

354 2463 391 2485 ab
408 2463 496 2486 eisdem
522 2463 684 2492 perficiuntur,
702 2462 788 2491 aliquid
814 2462 904 2490 operari
923 2465 1084 2491 praeterquam
1109 2463 1207 2491 singulis

362 2503 494 2525 ordinatum
512 2506 546 2526 ost
562 2509 575 2525 a
592 2503 652 2530 Deo,
664 2503 769 2531 principe
781 2502 939 2531 pei-sectioiiis;
951 2501 1066 2530 siquidem
1079 2503 1205 2525 necessaria

362 2544 396 2564 est
413 2542 445 2564 eis
461 2542 555 2565 divinae
571 2542 722 2564 ordinationis
739 2541 886 2564 observantia
904 2540 933 2562 ad
950 2541 1006 2567 hoc,
1024 2545 1048 2563 ut
1066 2541 1086 2563 in
1104 2547 1159 2563 suae
1178 2543 1205 2563 se-

362 2580 450 2603 licitatis
467 2584 526 2604 statu
544 2581 667 2610 persistant
683 2583 705 2603 et
722 2580 801 2603 divina
818 2579 918 2602 claritate
941 2579 1002 2607 ipsos
1019 2579 1140 2602 deificante
1157 2586 1206 2607 per-

363 2621 466 2642 truantur
483 2623 505 2643 et
521 2621 551 2643 ad
568 2620 642 2649 ipsam
667 2621 821 2642 reformentur
845 2619 905 2641 iuxta
929 2618 1051 2641 cuiuslibet
1075 2622 1205 2641 sanctarum

363 2659 473 2681 mentium
491 2659 655 2688 capacitatem;
673 2659 737 2688 quod
753 2663 846 2681 summe
863 2657 1002 2680 desiderant.

424 2696 433 2708 ³
450 2698 520 2725 Epist.
537 2699 552 2720 1.
569 2699 631 2721 loan.
655 2699 682 2726 3,
700 2698 744 2721 47:
762 2697 805 2727 Qui
832 2695 937 2719 habuerit
961 2695 1112 2719 substantiam
1138 2696 1206 2719 huius

364 2737 442 2758 mundi
460 2740 482 2759 ct
499 2738 582 2760 iidcrit
599 2739 691 2760 fratrem
709 2744 778 2760 suum
798 2736 958 2759 necessitatem
971 2735 1056 2758 habere
1067 2738 1090 2758 et
1100 2736 1206 2758 clauserit

363 2775 449 2798 viscera
476 2783 516 2799 sua
542 2776 571 2799 ab
595 2783 633 2806 cO,
651 2778 771 2807 quomodo
797 2776 880 2799 caritas
906 2775 946 2798 Dei
963 2778 1040 2798 manet
1056 2776 1082 2805 in·
1096 2777 1143 2798 eo?
1160 2775 1206 2798 cfr.

364 2815 406 2836 lac.
424 2816 449 2843 2,
468 2816 504 2837 15.
522 2821 587 2844 seqq.

425 2852 435 2865 ⁴
451 2853 506 2882 Cap.
519 2854 544 2882 5,
559 2855 579 2876 1.
597 2862 645 2884 seq.
662 2867 693 2872 —
709 2856 743 2878 De
760 2854 872 2878 sententia
890 2854 1014 2877 AristotelIS
1030 2855 1085 2878 vide
1101 2854 1150 2877 eius
1167 2853 1207 2876 lib.

364 2891 393 2913 de
410 2892 550 2915 Praedicam.
567 2900 587 2915 c.
604 2893 631 2916 de
649 2894 779 2924 Oppositis,
798 2893 837 2916 ubi
855 2893 883 2915 ad
906 2893 1080 2922 explicandum,
1102 2893 1166 2923 quod
1183 2893 1206 2925 in

363 2929 502 2959 quibusdam
520 2932 549 2954 de
567 2938 612 2954 uno
630 2933 744 2955 contrario
762 2933 785 2954 in
797 2932 860 2954 aliud
872 2931 966 2954 mutatio
978 2932 1006 2954 sit
1017 2932 1145 2960 possibilis,
1156 2937 1207 2960 pro-

364 2970 456 2996 ponitur
472 2971 603 2998 exemplum
620 2971 649 2993 dc
662 2977 753 3000 prauo,
771 2971 811 3000 qui
829 2970 858 2992 ad
870 2970 976 2993 meliores
988 2971 1158 2994 exercitationes
1170 2970 1207 2993 de-

1262 1469 1401 1497 increata:
1425 1469 1484 1505 Eyo
1505 1472 1599 1496 mater
1619 1468 1741 1505 pulcrae
1769 1469 1929 1497 dilectionis
1949 1472 1974 1497 et
1996 1469 2110 1498 timoris

1261 1519 1286 1543 et
1307 1514 1467 1552 agnitionis
1487 1518 1511 1543 et
1532 1518 1652 1543 saneta-e
1672 1515 1747 1552 spei‚·
1771 1515 1801 1543 in
1821 1523 1865 1544 me
1893 1516 1988 1544 omnis
2007 1516 2110 1553 qratia

1262 1562 1326 1591 viae
1346 1565 1372 1590 et
1393 1562 1541 1596 veritatis;
1564 1562 1594 1590 in
1615 1571 1659 1590 me
1680 1563 1774 1591 omnis
1794 1571 1858 1600 spes
1879 1563 1956 1592 vitae
1970 1567 1994 1592 et
2014 1563 2108 1592 virtu-

1263 1609 1316 1643 tis;
1338 1609 1459 1638 transite
1474 1609 1515 1638 att
1527 1618 1571 1638 me
1589 1618 1702 1644 omnes,
1717 1610 1769 1648 qui
1788 1611 1992 1648 concupiscitis
2006 1620 2063 1646 me,
2085 1615 2111 1640 et

1262 1665 1280 1686 a
1293 1656 1531 1695 yenerationibus
1545 1657 1616 1685 meis
1631 1657 1841 1694 adimplemini.
1854 1658 1943 1687 Vultis
1962 1666 2021 1688 esse
2034 1659 2108 1696 pleni

1262 1704 1352 1742 gratia
1372 1706 1399 1733 et
1420 1704 1546 1732 virtute?
1569 1704 1693 1732 Transite
1714 1704 1747 1732 ad
1768 1712 1825 1738 me,
1848 1704 1950 1734 scilicet
1975 1705 2009 1734 ad
2030 1705 2108 1735 Chri·
2125 1713 2213 1741 Transire
2226 1718 2236 1732 a

1262 1755 1344 1781 stum.
1367 1751 1399 1780 Et
1423 1751 1566 1789 qualiter?
1588 1751 1644 1779 Non
1671 1759 1818 1788 possumus
1849 1752 1900 1781 hoc
1931 1753 2036 1787 facere,
2057 1753 2109 1782 nisi
2118 1737 2251 1785 {iiiiiiucii'mse‘

1262 1807 1347 1836 supra
1368 1807 1418 1828 nos
1439 1798 1587 1827 elevamur
1595 1809 1604 1831 ;
1626 1798 1673 1827 sed
1694 1798 1787 1835 aliqua
1814 1799 1968 1836 impediunt
1988 1808 2054 1835 nos,
2076 1809 2110 1830 ne

1262 1846 1404 1875 elevemur
1425 1854 1511 1883 supra
1531 1853 1595 1874 nos:
1612 1845 1672 1874 ideo
1689 1848 1814 1882 oportet,
1829 1846 1902 1883 quod
1917 1846 2111 1885 insurqamus

1262 1895 1358 1922 contra
1379 1893 1425 1921 illa
1449 1901 1520 1930 quae
1549 1901 1598 1921 nos
1619 1892 1780 1930 impediunt.
1810 1893 1838 1921 ln
1863 1893 1915 1922 ista
1942 1893 2111 1930 plenitudine

1262 1940 1367 1977 gratiae
1388 1949 1441 1969 non
1465 1941 1624 1974 collocatur,
1646 1940 1697 1969 nisi
1719 1940 1766 1978 qui
1788 1940 1914 1978 insurgat
1932 1943 2028 1969 contra
2041 1948 2070 1969 se
2084 1943 2111 1969 et

1262 1988 1386 2017 elevetur
1408 1996 1491 2025 supra
1514 1996 1543 2017 se
1564 1991 1592 2017 et
1618 1988 1712 2025 diligat
1741 1988 1828 2017 Deum
1857 1995 1941 2024 super
1968 1987 2060 2016 omnia
2083 1990 2111 2017 et

1262 2035 1405 2064 inimicum
1435 2035 1506 2064 sicut
1534 2043 1562 2064 se
1588 2036 1678 2073 ipsum
1692 2035 1729 2070 ¹⁰;
1758 2035 1823 2073 quia
1844 2034 1954 2063 nomine
1977 2035 2111 2072 proximi

1264 2227 1360 2254 ductus,
1377 2227 1394 2248 si
1414 2229 1546 2254 perseveret
1562 2229 1584 2248 et
1606 2232 1699 2255 semper
1720 2227 1836 2255 proficiat,
1858 2227 1960 2255 perfecte
1985 2225 2110 2248 mutabitur

1264 2269 1286 2288 ct
1303 2266 1324 2288 in
1342 2266 1482 2288 contrarium
1500 2265 1603 2288 habitum
1621 2266 1760 2288 restituetur.
1776 2265 1823 2288 Csr.
1840 2266 1864 2288 ll.
1883 2265 1955 2288 Ethic.
1967 2270 1987 2287 c,
2000 2265 2021 2287 1.
2033 2270 2109 2293 seqq.,

1264 2304 1303 2330 nbi
1321 2305 1456 2333 ostenditur,
1473 2305 1536 2334 quod
1554 2305 1627 2327 virtus
1638 2304 1810 2335 assuefactione
1821 2305 1982 2333 operationum
1994 2303 2110 2326 honarum

1263 2345 1403 2374 acquiratur.

1326 2382 1335 2396 ⁵
1352 2385 1419 2406 Rom.
1437 2385 1463 2412 2,
1481 2384 1518 2406 23.
1535 2396 1565 2401 —
1584 2384 1683 2411 Vitium,
1706 2384 1834 2406 secundum
1857 2383 1960 2410 Aristot.‚
1977 2382 2024 2405 vn.
2040 2382 2109 2410 Phys.

1263 2425 1314 2446 text.
1336 2424 1370 2446 18.
1388 2424 1417 2449 (c.
1436 2424 1477 2452 3.),
1489 2426 1523 2456 est
1534 2423 1651 2452 corruptio
1668 2426 1690 2446 et
1707 2423 1803 2445 remotio
1820 2422 1965 2452 perfectionis
1981 2421 2110 2444 secundum

1263 2465 1377 2485 naturam.
1394 2463 1457 2485 idem
1475 2464 1498 2485 ll.
1515 2463 1586 2486 Ethic.
1603 2470 1623 2486 c.
1641 2464 1663 2485 6.
1680 2463 1759 2491 docet,
1780 2463 1862 2485 vitium
1885 2462 2009 2485 consistere
2031 2464 2070 2484 aut
2086 2461 2110 2484 in

1263 2508 1369 2531 excessu,
1388 2505 1427 2525 aut
1444 2502 1464 2525 in
1482 2503 1582 2525 defectu.
1599 2515 1629 2519 —
1646 2504 1754 2530 August.⁷
1780 2502 1850 2530 Epist.
1877 2501 1930 2524 110.
1956 2501 2020 2531 (alias
2046 2501 2109 2529 120.)

1263 2547 1283 2563 c.
1301 2543 1323 2563 2.
1339 2548 1362 2563 n.
1380 2541 1405 2563 t:
1424 2542 1467 2570 Qui
1484 2542 1545 2564 enim
1563 2542 1645 2564 iniuste
1662 2548 1687 2564 se
1703 2542 1794 2564 ordinat
1812 2541 1833 2563 in
1851 2541 1952 2569 pcccatis
1976 2541 2034 2563 iuste
2051 2540 2111 2563 ordi-

1263 2583 1329 2603 natur
1347 2580 1368 2603 in
1387 2581 1476 2608 poenis.
1493 2581 1538 2604 Csr.
1555 2587 1626 2609 supra
1643 2588 1698 2610 pag.
1715 2581 1772 2609 335,
1790 2583 1843 2603 nota
1860 2581 1882 2603 2.

1325 2618 1335 2631 ⁶
1352 2619 1397 2642 Cir.
1416 2621 1452 2642 lv.
1470 2621 1532 2643 Sent.
1549 2621 1572 2643 d.
1590 2620 1627 2643 44.
1650 2627 1673 2648 p.
1692 2621 1716 2642 ll.
1733 2626 1754 2642 a.
1772 2620 1792 2642 1,
1810 2626 1832 2648 q.
1851 2619 1872 2641 1.
1886 2617 1994 2641 tundam.
2011 2618 2032 2641 5.
2050 2618 2110 2641 Vide

1263 2659 1331 2681 etiam
1350 2659 1405 2681 ibid.
1422 2659 1445 2681 d.
1462 2660 1499 2682 15.
1516 2666 1540 2688 p.
1556 2661 1571 2682 Ι.
1589 2666 1612 2688 q.
1631 2660 1651 2682 1.
1669 2662 1691 2682 et
1707 2660 1740 2682 111.
1760 2659 1821 2681 Sent.
1838 2658 1861 2681 d.
1879 2658 1916 2680 20.
1933 2664 1957 2687 q.
1974 2658 1996 2680 3.
2013 2664 2062 2686 seq.

1327 2696 1335 2709 ⁷
1354 2698 1412 2720 Vide
1430 2699 1496 2720 Rom.
1514 2699 1541 2725 6,
1559 2699 1596 2721 16,
1613 2704 1679 2727 seqq.

1326 2735 1335 2748 *³
1352 2736 1408 2765 Cap.
1429 2738 1456 2766 2,
1483 2738 1560 2760 11-13.
1577 2750 1608 2754 -
1625 2737 1658 2759 De
1682 2737 1780 2760 iustitiae
1804 2735 1947 2765 plenitudine
1972 2736 2014 2757 cfr.
2037 2740 2108 2763 supra

1264 2782 1318 2804 pag.
1331 2776 1383 2803 121,
1395 2779 1448 2798 nota
1461 2776 1483 2798 3.
1494 2779 1516 2799 et
1529 2779 1583 2799 tom.
1600 2776 1634 2799 Ill.
1650 2782 1705 2804 pag.
1721 2775 1780 2804 728,
1797 2778 1850 2798 nota
1868 2776 1894 2801 2,
1912 2773 1952 2797 ubi
1969 2774 2042 2802 ipsius
2058 2779 2109 2802 par-

1264 2817 1297 2837 tes
1314 2814 1440 2845 integrales
1457 2815 1599 2844 exhibentur,
1616 2816 1665 2839 scil.
1681 2815 1798 2838 declinare
1814 2821 1827 2837 a
1849 2815 1909 2837 malo
1931 2816 1953 2836 et
1975 2815 2050 2836 facere
2066 2813 2108 2836 bo-

1264 2860 1319 2877 num
1337 2854 1381 2883 (Ps.
1399 2855 1440 2882 36,
1458 2854 1513 2883 27.).

1325 2890 1336 2904 ⁹
1352 2892 1408 2920 Cap.
1425 2893 1467 2921 24,
1484 2893 1564 2916 24-26.

1326 2929 1346 2943 ¹⁰
1363 2932 1439 2953 Matth.
1456 2932 1483 2959 5,
1501 2932 1538 2955 43.
1554 2938 1615 2961 seq.:
1632 2932 1745 2959 Audistis,
1769 2931 1824 2960 quia
1848 2931 1936 2954 dictum
1952 2932 1998 2952 est:
2022 2928 2107 2956 Diliges

1264 2970 1395 2998 proximum
1411 2972 1489 2997 tuum,
1507 2973 1529 2992 et
1544 2971 1599 2993 odio
1615 2970 1711 2994 habebis
1728 2970 1846 2992 inimicum
1867 2972 1940 2992 tuum.
1962 2969 2011 2996 Ego
2027 2969 2104 2989 autem
