2285 3398
0 274 3 305 i
31 284 93 304 nomm
107 289 139 302 eos

0 307 3 326 γ’
38 307 68 332 qni
80 307 140 331 impu-

0 337 1 348 1
37 332 91 355 gmnt
107 330 138 348 ab·

38 377 112 396 nomon.

28 1453 60 1473 Vel
76 1459 141 1474 aarum

22 1478 139 1501 petitionem.

41 354 135 373 renuntia·
153 368 158 372 .

590 150 632 178 DE
654 150 876 179 PERFECTIONE
898 149 1098 179 EVANGELICA
1120 149 1254 186 QUAEsT.
1278 150 1305 178 ll.
1329 151 1400 178 ART.
1423 151 1451 179 ll.

230 229 256 258 Si
277 229 340 266 quis
361 237 427 266 ergo
449 229 591 265 impugnat
612 236 705 257 rerum
722 229 913 265 temporalium
928 228 994 256 uni-

153 274 290 304 versalem
305 275 600 308 abrenuntiatimwm,
617 274 758 312 impugnat
771 275 911 303 Christum
927 282 993 311 pau-
1014 305 1016 307 ,

151 330 257 359 perem,
273 322 457 356 crucifixum
473 321 616 358 impugnat
629 322 817 357 evangelicum
834 321 993 355 consilinum

152 371 294 405 impugnat
315 371 424 397 coetum
439 369 630 406 Apostolorum
648 369 797 397 dicentium
811 370 835 397 ¹:
862 370 929 397 Ecce
941 377 995 396 nos

153 414 323 452 reliquimus
343 415 463 449 omnia,·
491 415 634 452 impugnat
661 416 743 444 ctiam
772 415 905 451 Spiritum
934 422 996 442 san-

151 465 242 496 ctum,
263 462 311 499 qui
334 462 384 490 hoc
406 462 522 499 inspirat
550 465 576 490 ct
604 462 726 499 suggerit
754 461 883 489 cordibus
908 461 996 498 perse—

151 511 274 543 ctorum;
303 509 446 545 impugnat
469 512 497 538 et
525 509 615 545 ipsum
648 509 734 537 Deum
758 509 863 536 Patrem
886 508 997 536 univcr-

152 563 262 589 sorum,
282 555 330 592 qui
352 558 393 583 est
414 554 564 593 refuyium
583 563 772 592 pauperum,-
795 555 937 591 impugnat
951 554 997 583 (10-

152 601 235 638 nique
266 610 382 638 regnum
411 603 566 637 caelorum,
595 605 682 631 totum
712 603 889 636 universum,
917 602 998 630 cuius

151 648 302 679 dominium
323 649 438 686 pauperi
460 653 502 678 cst
522 657 699 683 concessum,
727 649 833 678 dicente
862 649 997 677 Domino:

153 695 236 723 Beati
258 704 405 732 pauperes
430 697 556 733 spiritu,
577 696 717 735 quoniam
741 696 873 733 ipsorum
894 700 933 723 «ns-t
954 704 998 723 re-

150 750 243 778 onum
263 742 430 773 caetorum.-
460 746 487 771 et
508 743 568 771 ideo
597 746 693 771 contra
715 743 795 771 talem
817 743 997 771 ins-enititum

152 796 263 817 necesse
284 784 377 817 est'ut
395 794 505 831 puyhnet
526 790 605 818 orbis
627 794 788 818 terrarum

230 835 282 871 Qui
304 839 396 864 autem
418 836 561 873 impugnat
586 837 830 875 eleemosynarum
860 836 999 873 ‹inceptio-

21 889 234 915 valonam-mm,
256 884 283 910 et
304 882 444 911 Christum
467 883 625 920 impugnat,
640 883 687 920 qui
704 882 869 919 stipendium
884 882 999 918 accipie-

4 919 199 962 ‘2{¹,}⁴lss¹n¹2m².‘'t›at
224 937 240 957 a
267 929 432 958 mulieribus
460 930 510 958 sihi
539 930 724 959 servientibus
751 933 777 958 et
805 938 833 958 se
862 928 999 957 invitanti-

153 975 220 1009 bus,
243 976 331 1004 Lucae
352 976 505 1013 septim0²³;
527 980 554 1005 et
579 980 687 1005 coetum
716 976 922 1013 Apostolorum,
950 974 998 1011 (1111

152 1025 179 1051 ct
200 1022 251 1059 ipsi
272 1023 459 1060 eleemosynas
477 1023 662 1060 accipiebant,
678 1031 749 1060 quae
760 1022 945 1059 porwleantur
960 1021 1000 1049 ad

150 1070 235 1107 pedes
255 1079 374 1104 eorum,
399 1072 516 1099 ,1011111111
538 1073 657 1107 quart0;
679 1073 706 1098 ct
729 1072 830 1098 statum
851 1068 999 1096 monacho-

153 1125 232 1151 rum,
248 1117 294 1154 qui
311 1125 395 1153 super
416 1117 602 1153 eleemosynas
624 1116 727 1145 fundati
750 1118 830 1148 sunt;
845 1118 872 1143 ct
887 1114 998 1143 univer-

153 1172 214 1192 sum
227 1164 333 1192 clerum
345 1180 381 1185 —
394 1172 457 1192 nam
471 1166 499 1192 et
513 1164 563 1200 ipsi
575 1163 608 1192 de
620 1163 800 1199 eleemosynis
812 1162 917 1195 vivunt,
928 1169 999 1198 quae

153 1211 228 1239 ultro
235 1210 356 1239 ecclesiis
367 1210 467 1240 Christi
480 1211 593 1239 collatae
605 1213 670 1239 sunt
682 1226 717 1230 —
729 1212 756 1238 et
768 1217 816 1246 per
828 1215 1000 1245 consequens

153 1265 328 1286 communem
350 1266 505 1294 pauperum
520 1260 638 1291 statum,
659 1264 741 1294 qucm
765 1259 854 1284 minen
876 1255 999 1291 Scriptu-

154 1312 200 1333 rae
215 1305 322 1333 divinat·
338 1305 458 1333 indicant
472 1305 528 1333 Dco
542 1305 664 1333 maxime
678 1312 738 1332 esse
752 1305 903 1339 acceptum.

232 1352 283 1388 Qui
306 1360 372 1380 vero
387 1352 532 1389 impugnat
546 1351 678 1380 humilem
693 1350 940 1387 eleemosi]narum
952 1357 1001 1385 pe-

156 1399 279 1428 titionem
303 1398 329 1427 in
351 1399 391 1428 eis
412 1399 459 1436 qui
482 1401 562 1436 egent
582 1400 610 1427 et
631 1397 702 1426 licite
724 1399 839 1434 possunt
860 1396 1000 1432 accipere,

152 1445 297 1482 impugnat
320 1445 479 1479 Christum,
501 1445 548 1482 qui
571 1444 713 1473 humiliter
734 1443 812 1480 petiit
833 1443 999 1479 hospitium,

153 1494 201 1531 qui
223 1493 304 1521 ctiam
326 1494 442 1527 fatetur,
464 1492 516 1521 se⁸
536 1500 596 1521 esse
616 1491 789 1525 meudicum;
812 1490 955 1527 impugnat
974 1492 1002 1517 et

153 1540 294 1574 Paulum,
311 1540 358 1577 qui
375 1539 461 1576 petiit,
476 1539 603 1567 collectas
617 1538 675 1566 fieri
692 1538 864 1575 pauperibus
879 1537 1001 1571 Sanctis,

153 1590 179 1616 et
200 1587 252 1615 hoc
273 1586 307 1615 de
335 1586 476 1615 voluntate
504 1585 594 1620 Petri;
616 1585 761 1622 impugnat
782 1584 932 1613 vimulum
953 1593 1001 1612 ea-

153 1633 269 1667 ruatis,
291 1633 365 1670 quod
392 1633 457 1662 tacit
481 1632 679 1662 communicari
707 1632 739 1661 in
760 1632 874 1660 ratione
895 1631 959 1659 dati
978 1634 1002 1659 et

153 1680 282 1718 accepti,·
302 1680 446 1718 impugnat
467 1679 594 1718 officium
616 1678 826 1713 (immanitatis,
849 1686 898 1715 per
917 1686 1000 1715 quam

153 1727 278 1765 indigens
299 1727 415 1764 exponit
435 1727 625 1756 necessitatem
648 1734 744 1761 suam,
766 1734 800 1754 ne
826 1725 876 1754 sibi
899 1725 934 1753 sit
962 1725 1003 1752 in-

154 1774 311 1808 humanus,
333 1777 360 1803 et
381 1774 466 1802 alium
487 1773 607 1807 excitat,
629 1772 676 1809 qui
698 1775 787 1809 potest
815 1775 842 1800 et
870 1771 945 1805 vult,
971 1773 1003 1799 ut

153 1821 285 1858 proximo
306 1820 341 1849 sit
366 1820 506 1849 humanus
527 1823 554 1848 et
575 1819 656 1856 pius3
678 1822 706 1848 et
727 1819 753 1847 in
776 1819 828 1847 1100
850 1818 943 1847 nullus
964 1817 1003 1845 of-

153 1867 292 1902 tenditur,
314 1867 383 1896 nulli
405 1866 629 1904 praeiudicatur,
650 1865 719 1894 nihil
734 1865 887 1894 inordinate
902 1872 1003 1893 concu-

153 1914 285 1952 piscitur,
307 1914 376 1943 nihil
397 1914 517 1943 indebite
542 1913 685 1947 aufertur,
715 1913 742 1941 in
770 1913 810 1942 eis
838 1912 1002 1949 praecipue,

154 1962 202 1999 qui
224 1970 279 1990 000
300 1964 441 1999 quaerunt
460 1961 580 1995 datum,
602 1960 649 1989 sed
670 1959 834 1997 fructum&

214 2006 285 2045 'Qui
307 2011 400 2037 autem
423 2008 567 2044 impugnat
588 2006 776 2040 otiositatem,
798 2006 1003 2043 cupiditatem,

220 2228 227 2242 ¹
246 2229 323 2252 Matth.
341 2228 383 2256 19,
402 2227 444 2255 27ς
462 2227 515 2250 dein
532 2226 653 2254 respicitur
670 2226 706 2248 Ps.
724 2226 749 2254 9,
771 2227 810 2254 to,
827 2227 909 2249 citatur
926 2227 1003 2249 Matth.

157 2267 184 2296 5,
202 2269 228 2295 3,
246 2270 268 2290 et
284 2267 392 2290 alluditur
410 2266 439 2289 ad
457 2267 512 2295 Sap.
528 2266 555 2293 5,
573 2266 597 2288 21
612 2273 617 2288 ε
635 2266 661 2288 Et
678 2265 792 2294 pugnabit
808 2272 861 2288 cnm
881 2266 918 2288 illo
940 2265 1003 2288 orbis

158 2311 271 2330 terrarum
289 2311 368 2330 contra
385 2308 522 2330 insensatos.

220 2345 229 2358 ²
247 2346 314 2369 Vers.
331 2346 376 2369 36:
393 2345 500 2373 Rogahat
516 2347 594 2367 autem
611 2344 675 2366 illum
692 2343 788 2373 quidam
811 2344 841 2366 (10
862 2344 1003 2371 pharisaeis,

156 2388 182 2409 ut
198 2386 349 2408 manducaret
366 2391 419 2407 eum
437 2384 483 2406 illo.
499 2395 531 2400 -
546 2383 579 2405 De
596 2382 740 2411 mulieribus,
758 2389 818 2412 quae
835 2382 1005 2407 ministrabant

157 2425 180 2448 ei
188 2424 222 2452 ,de
232 2422 387 2454 facultatibus
397 2422 457 2451 suis,
473 2423 514 2444 etr.
524 2422 580 2445 Luc.
592 2422 618 2449 8,
631 2422 652 2445 3.
663 2434 695 2438 —
707 2421 871 2445 substituimus
886 2422 1003 2446 invitanti-

158 2464 201 2488 bus
214 2463 294 2493 [quod
311 2463 363 2486 Vat.
380 2462 449 2485 habet
465 2462 487 2484 in
505 2460 628 2490 margine]
639 2461 690 2483 loco
706 2460 868 2490 imitanttbus;
880 2463 924 2484 hoc
941 2462 1002 2484 euim

157 2510 204 2526 non
221 2503 329 2531 congruit
345 2503 395 2525 loco
412 2502 488 2524 Lucae
504 2501 541 2523 cit.
559 2500 612 2528 Seq,
628 2500 693 2522 locus
710 2503 743 2523 est
759 2500 808 2523 Act.
825 2500 852 2529 t,
863 2501 901 2524 34.
919 2502 955 2524 35.
972 2513 1004 2518 -

158 2543 217 2566 Intra
234 2549 277 2571 pro
289 2547 439 2566 communem
448 2545 584 2570 pauperum
596 2539 614 2561 D
625 2545 673 2561 non
685 2539 744 2561 male
756 2545 849 2563 omnem
858 2546 1004 2570 pauperum.

221 2580 231 2594 ⁸
249 2582 279 2604 lta
296 2581 332 2609 M,
350 2581 373 2603 in
391 2580 440 2602 aliis
458 2578 569 2602 omittitur
586 2576 656 2601 ettam
673 2580 695 2599 et
710 2583 743 2601 se.

222 2619 232 2632 ⁴
249 2619 295 2643 Csr.
311 2625 382 2648 supra
400 2620 467 2642 solut.
484 2618 514 2640 ad
530 2617 553 2640 7.

222 2657 232 2671 ³
248 2659 378 2688 Respieitur
395 2659 473 2681 Matth.
490 2658 533 2686 23,
551 2657 589 2679 23.
604 2668 636 2673 —
651 2656 709 2678 lntra
726 2657 779 2684 post
792 2654 877 2685 populi
892 2655 982 2679 Christi
996 2657 1003 2678 l

162 2697 204 2728 qui
219 2697 344 2728 exmptis,
361 2696 507 2721 documentis
524 2697 546 2719 et
562 2694 665 2719 consiliis
682 2694 827 2718 animarum.
839 2693 941 2717 Subinde
952 2697 1005 2717 ante

161 2736 246 2760 missos
262 2736 315 2759 Vat.
332 2737 388 2759 01150
405 2735 488 2758 omittit
504 2740 560 2758 non.

224 2773 234 2787 ⁸
251 2775 311 2798 Vide
328 2781 398 2803 supra
415 2780 469 2803 pag.
488 2774 545 2801 130,
562 2776 616 2795 nota
634 2773 656 2795 1.
673 2774 694 2795 2.
711 2776 733 2795 et
755 2773 775 2795 iu
793 2773 871 2801 regula
895 2773 917 2795 S.
938 2773 996 2795 Fran

163 2814 216 2842 cist-i
234 2822 254 2837 c.
271 2815 293 2837 9.
311 2814 348 2837 42.
639 2806 641 2809 ’

225 2851 234 2865 “’
253 2853 418 2881 Supplevimus
440 2853 477 2880 ut,
495 2851 600 2879 exigente
611 2851 655 2873 hoc
667 2850 715 2878 ipsa
728 2851 891 2879 grammaticali
904 2853 1006 2873 constru-

164 2892 247 2915 ctione.
264 2893 360 2915 Interius
376 2898 419 2921 pro
436 2892 471 2915 est
486 2891 557 2915 totius
574 2890 625 2913 vat.
642 2889 711 2913 etiam
728 2891 790 2914 totus
798 2899 808 2919 ;
825 2890 906 2913 eadem
923 2890 1006 2914 omittit

163 2931 196 2955 Et
211 2935 264 2954 ante
280 2931 338 2955 ideo.

1837 150 1889 178 155

1050 227 1254 256 carnalitatem
1275 231 1299 255 et
1320 227 1550 264 superfluitatem
1582 227 1607 255 in
1640 228 1738 255 soteris
1762 227 1892 255 Christia-

1051 274 1093 302 nis
1119 277 1146 302 et
1177 274 1324 311 praecipue
1346 274 1372 301 in
1395 274 1544 309 religiosis,
1574 274 1641 302 bene
1670 274 1733 302 tacit
1758 277 1784 302 et
1806 276 1894 306 recte,

1051 321 1072 349 si
1095 324 1184 349 tamen
1207 320 1359 349 secundum
1381 321 1505 349 ordinem
1529 324 1634 349 rectum
1657 321 1793 357 procedat.

1130 367 1181 403 Qui
1203 370 1295 396 autem
1322 367 1515 395 universaliter
1542 367 1671 395 oiiinihus
1699 367 1794 395 validis
1822 372 2038 395 (muSCoutratmro-

1905 398 1971 415 nentes
1979 396 2039 414 omni·

1053 414 1173 452 imponit
1194 414 1333 442 lucrativi
1354 414 1479 447 tutioris,
1507 414 1540 442 de
1568 423 1624 450 (1110
1651 414 1768 442 debeant
1789 417 1896 442 susten·
1906 419 2039 461 {gieufro-

1054 461 1121 495 tari,
1150 464 1326 497 praeceptum
1356 461 1472 497 Apostoli
1503 461 1583 489 nimis
1611 461 1722 497 :unpliat
1749 464 1776 489 et
1801 448 1957 497 iugumtivf'f³
1986 447 2038 461 um*

1053 508 1196 537 scrvitutis
1216 516 1300 545 super
1321 508 1422 536 Christi
1449 516 1543 536 servos
1572 508 1685 536 nimium
1714 511 1844 545 aggravat
1871 511 1898 536 et

1054 555 1210 592 spirituales
1232 555 1306 583 viros
1326 563 1342 583 a
1363 555 1554 592 spiritualibus
1574 555 1801 591 mrcupationibus
1819 558 1846 582 ct
1861 555 1898 583 la-

1055 602 1169 631 boribus
1185 602 1306 630 retardat
1320 602 1346 630 in
1363 602 1517 638 periculum
1533 602 1629 630 salutis
1643 602 1813 635 animarum,
1832 602 1898 630 dum

1054 649 1140 686 magis
1161 649 1224 677 tacit
1238 657 1285 677 eos
1299 649 1429 678 sollicitos
1453 649 1486 677 de
1501 649 1559 679 suis
1574 649 1716 677 morituris
1737 649 1899 685 corporibus

1055 695 1197 732 pascendis
1211 703 1294 732 quam
1308 695 1342 724 de
1358 695 1550 732 proximorum
1566 695 1663 724 animis
1678 696 1792 723 1101111110
1807 695 1899 732 acqui-

1055 742 1155 771 rendis.
1172 742 1249 779 Quod
1265 742 1286 770 si
1302 742 1365 776 siat,
1387 742 1551 771 decimatur
1564 742 1680 771 mentha
1694 746 1718 770 et
1733 742 1899 779 cisminztm,

1055 793 1079 818 et
1094 789 1294 827 relinquentur
1308 798 1382 827 quae
1395 789 1540 826 graviora
1554 792 1623 817 sunt
1638 789 1734 826 Leyis,
1756 789 1900 817 iudicium

1055 840 1079 865 et
1100 836 1343 870 misericordia&
1365 836 1522 873 praefertur
1543 836 1731 864 misericordia
1750 835 1901 872 corporalis

1055 882 1190 919 spirituali
1205 893 1210 917 ;
1232 890 1263 910 ac
1285 891 1334 919 per
1350 883 1400 911 hoc
1415 890 1517 919 corpus
1532 882 1641 919 spiritui
1657 882 1829 919 praefertur,
1845 881 1900 918 pri-

1035 926 1150 958 “vatum
1178 930 1352 958 commodum
1374 930 1484 958 utilitati
1507 930 1663 964 communi,
1685 938 1756 966 quae
1778 929 1900 966 spe-ciali-

1057 979 1098 1004 ter
1125 977 1248 1005 consistit
1270 977 1296 1005 in
1318 976 1506 1005 aedificatione
1529 977 1621 1014 populi
1643 977 1761 1010 Christi,
1784 977 1809 1004 in
1832 976 1901 1005 elee-

1056 1023 1191 1058 mosynis,
1214 1023 1240 1051 in
1268 1023 1440 1052 documentis
1467 1027 1494 1052 et
1521 1024 1676 1052 animarum
1705 1024 1840 1057 consiliis,
1868 1023 1901 1051 ad

1055 1076 1126 1104 quae
1148 1069 1222 1097 misit
1237 1069 1310 1097 Deus
1326 1069 1391 1098 istos
1404 1069 1515 1098 ordines
1529 1073 1683 1105 postremos
1698 1078 1746 1105 per
1761 1077 1900 1097 summum

1056 1114 1212 1143 Pontificem
1242 1118 1268 1142 et
1294 1115 1438 1151 praelatos.
1462 1116 1498 1143 Ad
1520 1124 1591 1152 quae
1617 1115 1637 1143 si
1667 1116 1730 1152 quis
1756 1115 1827 1143 dicat
1854 1123 1901 1143 eos

1054 1170 1114 1189 non
1133 1161 1253 1195 missos,
1275 1162 1417 1190 manifeste
1438 1161 1530 1190 obviat
1544 1162 1676 1195 veritati,
1692 1169 1755 1189 cum
1771 1169 1904 1198 expressa

1056 1207 1089 1235 ad
1116 1208 1167 1236 hoc
1197 1207 1351 1236 testimonia
1379 1208 1533 1236 habeantur
1562 1211 1616 1236 tam
1645 1208 1671 1235 in
1698 1208 1793 1244 regula
1820 1216 1903 1244 quam

1057 1254 1083 1282 in
1106 1254 1249 1291 privilegio
1269 1257 1296 1282 et
1317 1254 1488 1282 institutione
1502 1256 1529 1281 et
1543 1253 1740 1291 approbatione
1756 1254 1840 1282 huius
1853 1253 1904 1282 du-

1057 1301 1135 1338 plicis
1149 1300 1253 1329 ordinis
1264 1301 1284 1328 6.
1302 1317 1338 1321 -
1354 1301 1379 1329 Si
1398 1304 1490 1329 autem
1512 1300 1600 1335 dicat,
1621 1310 1680 1328 non
1701 1300 1799 1329 ‹lebet-e
1814 1300 1889 1329 mitti
1895 1311 1905 1334 ,-

1057 1347 1178 1376 detrahit
1204 1347 1385 1386 evangelicae
1406 1347 1585 1385 perfectioni.
1618 1348 1685 1384 Quis
1716 1348 1788 1376 enim
1820 1347 1907 1384 magis

1058 1394 1173 1423 idoneus
1194 1394 1228 1423 ad
1249 1395 1317 1429 hoc,
1339 1403 1422 1432 quam
1444 1395 1492 1432 qui
1513 1395 1623 1424 devovit
1644 1395 1828 1432 evangelicam
1843 1402 1905 1431 per-

1058 1441 1228 1471 fectionem?
1251 1458 1287 1463 —
1310 1442 1335 1471 Si
1358 1442 1421 1479 quis
1441 1442 1530 1477 dicat,
1551 1450 1598 1471 eos
1618 1451 1634 1470 a
1656 1443 1726 1479 Papa
1753 1446 1780 1471 et
1803 1442 1907 1479 episco-

1058 1488 1101 1524 pis
1121 1497 1180 1516 non
1197 1497 1282 1526 posse
1302 1489 1395 1523 mitti,·
1415 1489 1529 1526 derogat
1543 1490 1717 1526 apostolieae
1738 1490 1908 1518 auctoritati
1919 1496 1948 1516 οο
1958 1497 2046 1521 primatu.

1058 1538 1085 1564 et
1103 1536 1239 1572 potestati
1263 1536 1391 1564 clavium
1413 1536 1440 1564 in
1462 1536 1592 1573 praelatis
1613 1539 1639 1564 et
1658 1536 1835 1573 plenitudini
1854 1544 1906 1573 po-

1059 1582 1169 1611 testati-5
1190 1583 1217 1611 in
1239 1591 1348 1611 summo
1369 1583 1513 1617 Pontifice,
1528 1583 1575 1619 qui
1599 1583 1625 1611 in
1648 1584 1746 1618 terris,
1761 1584 1814 1612 ut⁷
1836 1584 1907 1613 Scri-

1058 1631 1143 1665 ptura
1163 1629 1276 1663 asserit,
1299 1628 1367 1657 fides
1387 1629 1485 1663 sentit,
1514 1629 1577 1657 iura
1606 1631 1758 1664 testantur,
1788 1630 1908 1660 rationes

1059 1676 1141 1704 etiam
1162 1675 1365 1712 irrefragabiles
1386 1673 1568 1710 convincunt,
1597 1678 1629 1704 ut
1656 1679 1739 1713 caput
1764 1685 1852 1706 unum
1880 1681 1907 1707 et

1060 1731 1201 1752 summum
1221 1726 1248 1751 et
1269 1730 1387 1759 sponsus
1401 1723 1502 1752 unicus
1517 1726 1544 1752 et
1559 1723 1706 1752 hierarcha
1726 1725 1907 1762 praecipuus,

1060 1770 1087 1798 in
1109 1778 1164 1807 quo
1186 1772 1227 1798 est
1248 1769 1333 1798 totius
1361 1769 1494 1798 Ecclesiae
1514 1770 1657 1800 militantis
1678 1774 1781 1806 status,
1803 1772 1907 1801 obtinet

1061 1816 1151 1845 locum
1172 1816 1282 1845 Christi.
1305 1816 1336 1844 Et
1356 1816 1417 1845 ideo
1437 1825 1518 1845 omne
1540 1825 1613 1854 genu
1635 1817 1716 1847 debet
1737 1818 1760 1847 ei
1782 1819 1907 1853 curvari,

1060 1866 1087 1892 et
1115 1863 1271 1906 principum
1299 1866 1327 1891 et
1352 1863 1538 1900 praelatorum
1566 1867 1594 1892 et
1621 1864 1785 1893 clericorum
1812 1868 1839 1894 et
1860 1865 1908 1894 lai-

1061 1918 1157 1939 corum
1172 1913 1199 1939 et
1214 1910 1405 1947 religiosorum
1426 1910 1454 1938 in
1476 1910 1573 1945 terris,
1595 1911 1628 1939 ad
1650 1911 1736 1940 instar
1757 1912 1858 1941 Christi
1880 1912 1907 1941 in

1061 1957 1159 1992 caelis,
1180 1957 1224 1986 cui
1250 1966 1332 1986 omne
1350 1966 1426 1995 qenu
1453 1956 1578 1994 flectitur
1607 1957 1788 1993 caelestium,
1820 1962 1907 1987 terre-

1061 2005 1167 2033 strium
1189 2008 1214 2033 et
1234 2003 1420 2041 infernorum
1432 2004 1451 2032 ⁸.
1475 2006 1565 2033 Amen.

1125 2224 1134 2237 Β
1152 2225 1206 2249 l‘hil.
1219 2226 1241 2253 2,
1257 2225 1330 2248 t0.·—
1340 2225 1380 2247 llic
1389 2225 1514 2253 expliciunt
1525 2227 1544 2249 D
1553 2227 1560 2249 l
1569 2227 1600 2254 ltt;
1613 2226 1634 2249 in
1647 2227 1701 2249 cdd.
1710 2227 1814 2256 sequitur
1823 2227 1899 2250 addita

1061 2265 1243 2294 mentum,quod
1253 2270 1339 2286 novem
1349 2265 1495 2287 auctoritates
1504 2267 1605 2289 continet
1614 2267 1737 2294 separatim
1747 2267 1841 2294 positas.
1849 2266 1908 2289 Cum

1060 2308 1136 2327 autem
1155 2305 1237 2326 harum
1250 2306 1296 2326 tres
1308 2303 1353 2325 iam
1366 2303 1388 2325 in
1400 2304 1593 2331 praecedentibus
1605 2305 1634 2327 de
1646 2309 1780 2334 paupertate
1796 2305 1909 2334 quaestio·

1060 2344 1130 2367 nibus
1142 2350 1153 2366 a
1167 2344 1190 2366 S.
1201 2344 1299 2366 Doctore
1310 2343 1395 2365 relatae
1407 2342 1459 2370 sint,
1469 2349 1516 2365 11011
1528 2344 1621 2366 videtur
1633 2345 1764 2372 verisimile,
1777 2345 1825 2367 illas
1834 2343 1863 2366 ab
1872 2350 1908 2366 eo-

1061 2384 1115 2407 dem
1129 2384 1165 2406 1110
1182 2383 1265 2406 iterum
1282 2388 1333 2405 esse
1349 2382 1457 2410 repetitas
1473 2383 1575 2411 aliasque
1592 2384 1720 2407 adiunctas.
1731 2384 1793 2406 Licet
1805 2384 1872 2412 igitur
1884 2383 1906 2405 hi

1060 2423 1104 2445 loci
1119 2425 1241 2445 occurrant
1257 2421 1361 2444 0111110111
1372 2421 1466 2449 antiquo
1484 2421 1564 2443 codice
1581 2422 1598 2444 E
1616 2422 1669 2450 (qui
1689 2425 1758 2445 totam
1776 2422 1907 2445 immediate

1060 2461 1237 2490 praecedentem
1248 2460 1420 2489 replicationem
1433 2459 1529 2489 omittit)
1540 2468 1546 2487 ς
1558 2462 1635 2482 tamen
1647 2460 1714 2482 nobis
1730 2460 1905 2483 convenientius

1060 2507 1111 2524 esse
1126 2501 1203 2523 visum
1220 2503 1265 2527 est,
1277 2502 1302 2522 ut
1318 2500 1362 2521 hoc
1374 2499 1570 2526 additamentum,
1582 2505 1635 2520 cum
1648 2499 1753 2521 videatur
1765 2505 1811 2521 non
1824 2499 1905 2527 genui-

1060 2546 1117 2563 num
1134 2546 1184 2562 esse
1201 2542 1223 2561 et
1239 2538 1269 2561 ad
1293 2538 1458 2567 perfectionem
1482 2537 1624 2566 quaestionis
1649 2537 1677 2559 sit
1701 2538 1859 2565 superfluum,
1876 2537 1906 2560 ad

1061 2579 1147 2600 calcem
1161 2577 1301 2600 reiiceretur.
1312 2577 1417 2599 Refertur
1429 2578 1506 2598 autem
1518 2576 1643 2604 praecipue
1654 2575 1783 2597 secundum
1795 2576 1819 2602 E,
1831 2581 1906 2597 emen-

1061 2618 1120 2640 datis
1136 2623 1181 2645 ope
1198 2616 1344 2644 originalium
1361 2615 1478 2638 nonnullis
1494 2615 1555 2637 vitiis
1572 2615 1698 2637 editionum
1716 2617 1738 2637 et
1755 2614 1849 2637 codicis.

1122 2657 1186 2679 Hanc
1203 2655 1271 2678 etiam
1288 2655 1387 2678 eandem
1406 2655 1526 2678 veritatem
1544 2655 1661 2683 multiplex
1681 2653 1762 2677 astruit
1782 2654 1905 2676 auctoritas

1062 2702 1110 2719 non
1127 2696 1201 2718 solum
1214 2695 1286 2722 ipsius
1297 2694 1443 2722 Hieronymi,
1460 2700 1542 2717 verum
1560 2694 1628 2717 etiam
1647 2693 1736 2716 loannis
1747 2693 1904 2721 chrysostomi

1063 2739 1085 2758 et
1101 2734 1219 2758 Bernardi.
1243 2734 1300 2756 Nam
1324 2734 1479 2761 Hieronymus
1505 2734 1526 2756 in
1552 2734 1647 2762 epistola
1664 2733 1694 2755 de
1711 2735 1784 2755 morte
1800 2731 1906 2754 Fabiolae

1062 2775 1142 2803 [Epist.
1159 2773 1202 2801 77,
1219 2773 1274 2795 alias
1292 2773 1335 2800 30,
1361 2779 1384 2796 0.
1404 2772 1439 2803 9.]
1464 2773 1630 2795 commendans
1655 2771 1685 2794 de
1710 2772 1755 2793 hoc
1781 2771 1835 2793 dicit
1859 2771 1906 2793 sic:

1066 2821 1076 2833 t(
1088 2812 1161 2835 Oblita
1179 2811 1213 2834 sui
1231 2817 1311 2839 sexus,
1329 2811 1456 2839 fragilitatis
1473 2811 1595 2834 immemor
1617 2817 1643 2833 ac
1668 2809 1796 2832 solitudinis
1818 2813 1905 2831 tantum

1063 2851 1161 2879 cupida,
1179 2849 1209 2872 ibi
1226 2853 1286 2878 erat,
1303 2849 1342 2873 ubi
1360 2850 1438 2873 animo
1456 2850 1597 2873 morabatur.
1610 2850 1658 2872 Non
1670 2852 1759 2877 poterat
1771 2848 1841 2871 teneri
1854 2854 1905 2870 con-

1062 2890 1117 2913 siliis
1134 2890 1275 2918 amicorum,
1300 2892 1323 2912 et
1348 2890 1376 2912 ita
1402 2896 1429 2912 ex
1446 2890 1516 2918 urbe,
1537 2889 1602 2918 quasi
1620 2889 1649 2911 de
1666 2888 1776 2915 iinculis,
1794 2886 1904 2916 gestiebat

1062 2935 1192 2957 erumpere.
1217 2929 1415 2957 Dispensationem
1435 2929 1545 2957 pecuniae
1568 2931 1589 2950 et
1614 2931 1703 2950 cautam
1721 2926 1903 2949 distributionem

1922 2659 2012 2680 Additam
2017 2663 2047 2678 en-

1954 2689 2001 2706 lum·
