2285 3398
354 146 412 176 314

416 225 439 247 l.
459 225 542 254 Quoad
569 226 671 249 indolem
695 227 803 255 opusculi
825 228 966 255 peculiarem
992 231 1113 257 notamus,
1137 230 1201 260 quod

352 267 414 287 recte
430 265 526 294 quidem
544 269 678 289 recensetur
695 265 753 289 inter
769 273 841 296 opera
858 267 971 297 mystica,
988 269 1045 297 quin
1064 272 1141 292 tamen
1158 276 1201 291 suo

352 305 404 327 loco
421 305 479 327 inter
496 310 567 332 opera
584 304 613 327 ad
631 305 750 329 scientiam
768 305 924 337 theologicam
941 310 964 329 et
980 308 1048 330 etiam
1057 307 1201 338 philosophi-

352 338 405 366 eam
426 343 551 371 spectantia
577 344 718 372 privandum
744 344 778 367 sit.
797 345 835 368 Est
859 350 920 373 opus
936 346 1075 376 mysticum,
1093 346 1202 375 spectatis

327 388 331 390 ·
353 378 401 405 tum
417 383 464 413 fine
489 382 519 404 ab
544 386 638 406 auctore
655 383 742 406 intento
759 386 808 407 tum
830 385 901 407 animi
922 384 1125 415 dispositionibus,
1143 391 1202 415 quas

352 422 414 445 idem
431 422 453 444 in
471 421 602 450 legentibus
618 423 714 452 requirit
720 432 726 450 3
738 424 806 452 quod'
815 424 935 447 manifeste
952 428 1041 448 constat
1058 431 1085 448 ex
1102 426 1201 452 prologo·
1224 457 1227 460 Ι

351 463 374 484 et
390 460 452 484 initio
471 461 492 483 1.
509 461 611 489 capituli.
633 462 680 484 Non
706 462 768 494 enim
794 466 874 486 auctor
896 469 925 486 eo
942 464 1038 487 consilio
1055 464 1159 493 scripsit,
1177 466 1201 486 ut

351 505 416 525 more
432 500 564 523 scholarum
580 500 662 523 doceat
673 501 793 524 scientiam
806 509 865 531 pure
876 503 1024 526 theoreticam
1033 521 1038 530 ,
1050 504 1087 525 vel
1099 504 1202 525 confutet.

350 533 452 566 error-eS,
470 539 512 562 sed
529 542 554 562 ut
579 539 666 562 directe
690 544 828 568 promoveat
848 542 997 565 devotionem
1019 545 1042 564 ct
1067 542 1200 565 divinorum

351 578 576 606 contemplationem.
599 579 658 602 Dicit
679 580 756 602 enim:
778 581 890 603 «Vacat-e
914 581 1046 608 volentibus
1071 581 1100 603 ad
1125 581 1200 603 Deum

350 617 563 645 magnificandum,
580 618 745 641 admirandum
770 622 792 642 et
817 620 885 642 etiam
907 620 1080 648 degustandum
1098 620 1201 648 specula-

350 656 423 679 tiones
448 656 563 680 subiectas
589 664 697 686 propono
711 667 721 679 1
744 659 850 687 (Protog.
874 666 896 682 n.
919 659 962 689 sk).-
981 661 1024 682 Pro
1049 659 1201 689 dispositione

349 697 426 719 autem
443 696 534 719 lectoris
551 703 597 719 non
619 698 726 720 sumcere
743 697 826 721 dicitur
844 698 970 721 intellectus
988 700 1112 726 humanus,
1129 705 1200 728 quan·

349 735 435 758 tumvis
451 738 533 758 acutus
550 739 572 758 et
588 737 705 764 excultus,
723 744 751 760 ne
767 737 882 760 adiunctis
892 738 989 767 quidem
1001 737 1128 766 principiis,
1139 744 1201 767 quae

348 774 407 797 fidos
428 774 539 798 omnibus
562 775 697 805 Christianis
713 777 824 805 proponit
833 768 846 803 ς’
855 772 898 800 sed
920 777 970 806 ipse
985 777 1014 799 sit
1035 785 1046 797 α
1058 776 1095 800 vir
1112 776 1200 801 deside

347 813 442 837 rim-tem
454 822 476 842 n,
496 814 525 837 sit
547 817 689 843 praeventus
713 814 798 844 gratia,
815 811 921 844 humilis,
946 816 1011 845 pius,
1031 818 1199 845 compunctus,

347 852 447 875 devotus
463 855 486 875 et
502 854 690 882 contemplationi
707 854 829 883 addictus;
846 855 914 884 quia,
932 857 957 878 ut
973 854 1119 883 observatur,
1141 861 1199 884 ‹tpa-

347 898 398 914 rum
416 894 456 915 aut
472 892 570 916 nihilum
587 896 621 916 oet
637 895 759 922 speculum
770 894 870 917 exterius
887 895 1046 923 propositum,
1058 895 1101 917 nisi
1118 901 1200 923 specu·

347 931 396 955 lum
416 931 500 954 mentis
524 930 617 955 nostiae
642 935 729 956 tersum
746 933 814 956 fuerit
837 936 860 956 et
885 934 1016 962 politum».
1032 934 1113 961 immo,
1130 934 1197 963 quasi

346 972 445 993 eventus
461 971 551 993 tuturos
575 971 738 1000 praesagiens,
755 974 837 995 auctor
857 975 1006 1001 praemonet,
1023 972 1144 995 deficiente
1161 972 1197 995 illa

346 1009 381 1037 ad,
393 1010 612 1038 contemplationem
635 1011 799 1040 dispositione,
817 1014 839 1034 et
856 1012 939 1035 mentis
955 1013 1024 1035 oculo
1041 1013 1102 1035 male
1119 1012 1198 1040 dispo-

346 1048 402 1077 sito,
419 1049 551 1072 cavendum
568 1056 631 1077 esse,
653 1059 663 1071 α
675 1057 704 1073 ne
722 1052 780 1083 sorte
796 1057 823 1073 ex
841 1051 890 1080 ipsa
907 1051 1026 1074 radiorum
1039 1052 1197 1080 speculatione

346 1088 368 1111 in
391 1088 523 1116 graviorem
546 1089 633 1112 incidas
659 1091 750 1113 foveam
773 1090 943 1114 tenebrarum»
964 1090 1032 1119 (ibid.
1053 1097 1078 1113 n.
1098 1091 1139 1121 4.).
1155 1091 1197 1113 lle-

345 1127 444 1156 quiritur
460 1127 530 1156 igitur
546 1128 576 1151 ad
593 1128 653 1151 bene
678 1130 723 1152 hoc
747 1129 825 1153 libello
842 1130 967 1153 truendum
985 1130 1022 1153 iile
1038 1130 1124 1154 ocutus
1141 1136 1197 1154 con-

345 1167 516 1198 oemplatamtoe,
535 1168 565 1191 de
581 1175 641 1197 quo,
658 1175 731 1197 agens
753 1169 783 1192 de
805 1169 887 1198 triplici
905 1171 987 1197 oculo,
1004 1170 1103 1192 Sanctus
1120 1170 1196 1199 loqui-

346 1209 383 1229 tur
399 1213 470 1235 supra
487 1207 604 1237 Breviloq.
620 1214 643 1236 p.
661 1208 686 1231 ll.
701 1215 723 1231 c.
740 1209 778 1231 12.
795 1208 846 1237 (cfr.
863 1209 893 1232 de
909 1209 972 1231 dono
993 1210 1195 1239 contemplatipnis

345 1245 370 1268 ΙΙ.
387 1246 449 1268 sent.
465 1246 490 1268 d.
506 1246 545 1269 23.
561 1253 582 1269 a.
599 1247 622 1269 2.
638 1253 662 1276 q.
679 1247 702 1269 3.
719 1247 742 1269 111
759 1253 825 1275 corp.
841 1250 864 1270 et
881 1247 911 1270 ad
928 1248 968 1277 6.).

408 1285 560 1308 Nihilominus
571 1291 636 1313 pars,
649 1288 673 1308 ut
690 1286 719 1308 ita
736 1285 826 1313 dicam,
837 1284 971 1310 materialis
987 1287 1057 1310 huius
1074 1288 1195 1316 opusculi,

346 1330 408 1353 quae
424 1324 538 1357 proponit
551 1324 600 1352 ipsa
624 1318 714 1361 phiecla
738 1325 920 1352 consideranda,
938 1328 1014 1348 sumta
1031 1329 1066 1349 est
1082 1333 1110 1349 ex
1127 1327 1196 1349 disci-

345 1361 415 1390 plinis
431 1362 567 1390 theologicis
583 1365 606 1385 et
622 1363 801 1391 philosophicis;
818 1365 841 1385 et
866 1364 923 1387 haec
948 1364 1016 1387 docte
1034 1370 1061 1387 ac
1078 1365 1195 1393 profunde

346 1401 438 1424 exhibet
453 1401 571 1424 recondita
588 1402 704 1431 quaedam
722 1402 884 1430 philosophiae
900 1403 1038 1426 christianae
1055 1403 1195 1427 documenta

344 1440 375 1463 de
398 1440 526 1470 mnttzplici
540 1440 655 1464 rehztione
678 1443 726 1464 tum
750 1441 859 1464 naturalis
883 1444 933 1464 tum
954 1443 1136 1471 supernaturalis
1160 1449 1194 1466 or-

345 1480 417 1507 dinis,
429 1486 500 1509 quam
517 1486 555 1503 res
571 1483 661 1503 creatae
678 1479 765 1504 habent
779 1481 809 1504 ad
821 1481 921 1509 primam
937 1487 1032 1505 causam
1043 1483 1194 1510 efficientem,

344 1520 500 1548 exemplarem
517 1522 540 1542 et
556 1519 658 1542 finalem.
674 1520 757 1542 Omnia
769 1520 831 1543 enim
843 1526 856 1543 a
868 1520 916 1543 Deo
929 1520 952 1543 in
964 1517 1046 1543 ordine
1063 1522 1160 1544 naturali
1172 1525 1195 1544 et

345 1559 527 1588 supernaturali,
536 1559 591 1582 reali
600 1562 622 1582 et
634 1559 701 1582 ideali
713 1562 806 1582 causata
815 1560 881 1589 quasi
894 1557 988 1589 specula
997 1561 1114 1590 quaedam
1126 1562 1194 1584 oculo

343 1598 428 1621 mentis
444 1600 544 1626 purgato
559 1601 582 1621 et
593 1598 721 1621 illuminato
738 1602 902 1627 proponuntur
919 1599 949 1622 ad
966 1600 1145 1628 contemplanda
1162 1600 1194 1623 di·

335 1637 397 1660 -vina
415 1636 522 1660 atu-ibuta
539 1639 562 1660 et
577 1637 696 1666 Trinitatis
708 1640 730 1660 et
742 1638 906 1661 incarnationis
918 1638 1034 1666 mysteria.
1046 1639 1107 1662 Dum
1125 1639 1194 1667 igitur

342 1677 451 1705 vulgares
467 1676 519 1700 libri
536 1677 712 1700 meditationum
731 1677 784 1705 ipsa
797 1677 851 1700 ndei
876 1677 986 1705 mysteria
1004 1678 1104 1706 plurima
1122 1678 1193 1701 medi-

342 1716 412 1740 tanda
424 1716 507 1739 utiliter
517 1716 638 1744 exhibent,
651 1717 689 1739 hic
704 1717 1014 1745 proponttarcanumjttum
1026 1723 1130 1746 nexum,
1144 1724 1192 1747 quo

341 1756 400 1780 ordo
416 1759 575 1780 creaturarum
596 1756 707 1779 naturalis
731 1758 754 1779 et
774 1756 956 1784 supernaturalis
972 1756 1121 1785 coniungitur
1138 1763 1192 1780 cum

341 1796 418 1824 primo
434 1787 652 1824 principio,quod,
664 1797 720 1818 teste
738 1795 879 1823 Augustino,
891 1798 926 1818 est
937 1796 1043 1820 omnium
1058 1805 1069 1816 α
1078 1802 1148 1818 causa
1160 1796 1192 1819 e's-

341 1835 421 1862 sendi,
437 1835 496 1858 ratio
513 1834 654 1863 intelligendi
676 1837 698 1856 et
722 1834 781 1857 ordo
798 1834 927 1857 vivendi».
944 1835 974 1857 lta
992 1835 1040 1857 neri
1058 1837 1145 1863 potest,
1168 1838 1194 1858 ut

346 1883 357 1895 «
368 1874 498 1897 secundum
515 1876 600 1897 statum
618 1874 758 1897 conditionis
774 1876 867 1898 nostrae
885 1874 934 1902 ipsa
950 1880 1029 1896 rerum
1054 1874 1193 1897 universitas

342 1913 371 1935 sit
387 1913 448 1935 scala
465 1912 495 1935 ad
511 1912 687 1935 ascendendum
705 1912 727 1935 in
744 1912 839 1935 Deum»
861 1912 892 1941 (c.
910 1912 929 1934 t.
948 1918 972 1935 n.
988 1912 1030 1941 2.).

405 1953 428 1976 2.
444 1952 562 1975 Notandae
578 1954 633 1974 sunt
650 1954 696 1975 tres
711 1951 880 1975 dsstinctiorws.
890 1963 922 1968 —
933 1957 954 1973 a.
973 1952 1065 1980 Triplex
1083 1954 1118 1974 est
1128 1958 1193 1975 crea-

343 1993 446 2013 turarum
463 1990 610 2020 comparatio
631 1992 654 2014 et
678 1989 832 2020 dependentia
848 1990 881 2014 ad
896 1991 987 2014 Deum:
1009 2000 1019 2011 α
1031 1993 1070 2013 aut
1086 1991 1145 2014 sicut
1162 1991 1192 2014 ad

341 2028 486 2059 princepium
510 2029 654 2057 creatiaum,
671 2032 712 2052 aut
735 2030 795 2053 sicut
819 2029 849 2052 ad
866 2029 981 2053 obiectum
1006 2030 1133 2059 motivum,
1152 2033 1192 2053 aut

343 2068 402 2092 sicut
418 2069 447 2091 ad
472 2068 561 2092 donum
585 2069 776 2093 inhabitativnm.
798 2070 875 2092 Primo
900 2070 972 2093 modo
994 2073 1144 2098 comparatur
1161 2070 1191 2093 ad

341 2108 420 2136 Ipsum
437 2108 512 2131 omnis
529 2109 579 2131 eius
595 2108 704 2139 effectas,
729 2109 834 2132 secundo
855 2109 926 2132 modo
952 2110 1029 2132 omnis
1045 2109 1189 2138 intellectus,

342 2147 408 2170 tertio
425 2147 496 2170 modo
513 2148 588 2171 omnis
604 2148 703 2178 spa-itus
715 2148 793 2173 izwtns
809 2150 831 2172 et
842 2149 889 2173 Deo
901 2151 1020 2179 acceptus.
1036 2149 1117 2172 Omnis
1127 2150 1189 2172 enim
1212 2155 1216 2157 “

341 2186 450 2217 effeetus,
467 2190 683 2217 quantumcumque
700 2194 784 2216 parum
801 2187 890 2211 habens
901 2188 932 2211 de
948 2194 1009 2217 esse,
1029 2188 1099 2211 habet
1115 2189 1189 2212 Deum

342 2226 401 2249 sicut
417 2226 567 2255 principium.
592 2227 673 2250 Omnis
696 2227 839 2256 intellectus,
862 2228 1081 2257 quantumcumque
1106 2234 1188 2256 parum

341 2265 431 2288 habens
447 2265 477 2288 de
493 2265 592 2292 lumine,
609 2269 677 2289 natus
702 2269 736 2289 est
756 2273 798 2294 per
820 2267 977 2295 cognitionem
994 2270 1017 2290 et
1033 2273 1138 2290 amorem
1155 2273 1189 2290 ca-

342 2310 399 2333 pere
415 2304 499 2327 Deum.
515 2304 595 2326 Omnis
612 2307 689 2327 autem
705 2304 805 2335 spiritus
822 2305 900 2329 iustus
917 2307 939 2328 et
954 2306 1052 2329 sanctus
1070 2305 1140 2328 habet
1150 2306 1189 2328 do-

342 2349 400 2366 num
418 2343 517 2371 Spiritus
534 2343 557 2365 S.
573 2343 617 2365 sibi
636 2344 736 2366 infusum
749 2353 759 2364 »
776 2344 901 2373 (Breviloq.
914 2348 941 2372 p.
953 2345 976 2367 ll.
989 2350 1009 2367 c.
1024 2344 1076 2374 t2.).
1088 2356 1119 2361 —
1130 2344 1189 2368 Cum

342 2383 386 2405 hac
398 2381 543 2405 distinctione
552 2383 660 2405 cohaeret
668 2382 710 2404 alia
720 2383 749 2405 de
758 2385 858 2412 quatuor
867 2382 979 2411 gradibus
990 2383 1040 2406 eius
1052 2383 1189 2411 cognitionis

341 2422 397 2449 Dei,
408 2427 469 2450 quae
486 2420 566 2444 haberi
583 2423 659 2449 potest
669 2421 693 2444 in
706 2421 751 2445 υῐα.
767 2431 777 2442 ιι
789 2422 941 2450 Cognoscitur
958 2421 1098 2445 enim‘Deus
1115 2423 1138 2445 in
1155 2429 1190 2446 vt·-

341 2460 419 2491 3l1'9io,
431 2460 579 2489 cognoscitur
596 2460 619 2482 in
636 2460 746 2490 immine,
765 2462 913 2490 cognoscitur
923 2464 946 2485 et
957 2462 979 2484 in
991 2462 1075 2492 effectu
1086 2461 1187 2492 oratioe,

342 2500 490 2529 cognoscitur
510 2500 578 2522 etiam
595 2506 637 2528 per
654 2500 757 2523 intimam
778 2500 891 2524 unionem
907 2501 950 2526 Det
965 2503 987 2525 el
1002 2501 1111 2530 animae,·
1128 2502 1188 2524 iuxta

342 2540 407 2569 quod
424 2539 479 2562 dicit
494 2539 618 2567 Apostolus
634 2538 663 2568 [l.
679 2538 732 2561 Cor.
749 2540 770 2566 6,
788 2539 851 2570 t7.]:
871 2540 918 2569 Qui
933 2539 1047 2564 adhaeret
1059 2542 1107 2564 Deo
1124 2547 1188 2564 unus

341 2578 440 2609 spernus
461 2580 503 2602 est.
520 2579 546 2601 Et
563 2579 620 2601 haec
642 2581 676 2601 est
698 2579 797 2606 cognitio
814 2580 1016 2607 excellentissima,
1032 2587 1103 2609 quam
1121 2580 1189 2603 docet

342 2611 479 2645 Dionysius,
495 2623 556 2646 quae
572 2617 668 2646 quidem
685 2619 719 2639 est
735 2617 757 2639 111
774 2619 881 2641 ecstatico
898 2625 978 2641 amore
993 2621 1016 2641 et
1027 2619 1102 2642 elevat
1117 2625 1187 2647 supra

342 2649 498 2685 cognitionem
521 2655 575 2678 ndei
598 2656 835 2690 sccundumstatum
857 2663 1029 2681 communem»
1057 2657 1103 2686 (111.
1126 2658 1188 2680 Sent.

342 2696 364 2718 d.
382 2696 420 2719 24.
438 2695 495 2719 dub.
513 2695 553 2724 4.).

404 2734 428 2757 h.
446 2735 538 2763 Triplex
556 2736 591 2757 est
602 2733 699 2770 ‘nwdite
720 2734 856 2758 ests-temne
872 2742 964 2759 reram.
985 2745 995 2756 «ι
1008 2737 1053 2758 Res
1070 2736 1188 2764 tripliciter

341 2773 427 2797 habent
443 2780 505 2802 esse,
525 2774 611 2797 sciticet
628 2773 651 2796 in
668 2773 770 2797 materia
786 2775 822 2796 vel
840 2777 922 2797 natura
938 2776 1046 2804 propria,
1065 2775 1088 2798 in
1105 2775 1187 2798 intelli-

341 2812 421 2843 9entia
437 2815 519 2837 creata
535 2813 598 2836 etin
623 2814 675 2836 arte
699 2813 811 2841 aeteram
829 2814 958 2837 secundum
980 2821 1041 2844 quae
1066 2815 1108 2837 tria
1133 2815 1188 2837 dicit

342 2852 472 2880 Scriptura:
490 2851 557 2875 Dixit
580 2852 658 2875 Deus:
675 2851 730 2881 sitm
755 2851 821 2881 secie,
840 2854 863 2876 et
878 2853 969 2882 factum
986 2855 1038 2877 esti·
1061 2854 1187 2882 (Brevitoq.

342 2897 366 2920 p.
382 2892 406 2914 ll.
422 2897 443 2916 c.
460 2891 503 2919 ⁴25
519 2892 561 2914 etr.
578 2890 608 2913 ibi
626 2891 717 2919 Prolog.
734 2890 747 2919 S
764 2891 791 2918 3;
808 2892 933 2914 1.Sent.d.
949 2893 987 2914 36.
1004 2899 1025 2915 a.
1041 2893 1062 2915 2.
1080 2899 1105 2922 q,
1124 2893 1147 2915 2.
1164 2892 1187 2914 in

342 2936 407 2958 corp.
424 2933 446 2953 et
457 2930 482 2953 ll.
494 2930 556 2952 Sent.
567 2930 591 2953 d.
608 2930 631 2952 3.
648 2936 671 2958 p.
689 2930 713 2953 11.
730 2936 751 2952 a.
764 2931 785 2952 2.
797 2937 821 2958 q.
834 2930 854 2952 11.
868 2931 970 2953 tundam.
982 2931 1008 2958 6;
1021 2932 1114 2960 Quaest.
1127 2932 1187 2959 disp.

341 2970 371 2992 de
388 2969 481 2991 scientia
492 2962 593 2995 Christi,
611 2976 634 2997 q.
653 2968 674 2991 t.
691 2969 712 2991 in
731 2969 814 2997 corp.).

895 149 1068 179 ITINERARH
1088 151 1210 181 MENTIS
1231 152 1264 181 IN
1284 152 1377 181 DEUM
1398 152 1569 182 SCHOLION.

1324 236 1344 253 c.
1362 230 1455 258 Triplici
1473 231 1544 254 modo
1559 231 1692 256 ‘intellectus
1708 239 1733 256 se
1754 236 1846 258 vertere
1867 237 1945 265 potest
1960 237 1990 260 ad
2007 238 2109 260 conside-

1260 270 1360 292 randum
1378 272 1535 293 creaturarum
1552 272 1673 299 speculum
1692 274 1740 296 tum
1757 274 1856 297 exterius
1874 277 1922 298 tum
1934 276 2042 304 interius;
2054 278 2108 306 quia

1265 317 1275 327 κ
1286 314 1368 330 sensus
1385 309 1460 335 carnis
1477 308 1512 339 [et
1524 309 1586 333 idem
1603 311 1665 333 valet
1681 311 1711 334 de
1729 318 1798 335 sensu
1816 313 1932 345 interiore]
1950 319 1989 338 aut
2006 317 2107 339 deservit

1261 347 1383 370 intellectui
1401 347 1576 372 rationabiliter·
1593 349 1758 380 investiganti,
1772 354 1812 374 aut
1827 351 1927 382 fideliter
1944 354 2058 383 credenti,
2070 358 2106 378 aut

1260 386 1449 410 intellectualiter
1474 388 1665 418 contemplanti»
1691 389 1738 418 (hic
1755 396 1775 413 c.
1794 391 1815 413 t.
1833 398 1855 414 n.
1873 392 1928 421 10.).
1945 393 2011 416 Unde
2027 394 2108 422 tripiici

1260 425 1331 449 modo
1357 425 1484 449 intellectus
1509 427 1614 450 transire
1639 430 1715 456 potest
1737 428 1767 450 ab
1791 429 1911 453 effectibus
1931 431 1961 453 ad
1983 438 2077 459 causas,
2094 439 2106 454 a

1259 467 1363 487 creatura
1381 465 1411 487 ad
1428 465 1501 488 Deum
1510 483 1515 493 ,
1527 466 1612 489 scilicet
1624 468 1661 490 vel
1673 468 1721 490 sola
1735 468 1757 490 1-1
1770 469 1863 491 11111111115
1880 470 1988 492 naturalis
2005 473 2028 493 et
2039 471 2109 493 modo

1259 502 1432 532 philosophico,
1454 505 1490 526 vel
1512 505 1626 528 adiunctis
1649 506 1702 528 ssdei
1728 506 1860 535 principiis,
1886 509 1922 530 vel
1949 508 2017 531 etiam
2042 509 2110 532 donis

1259 541 1358 570 Spiritus
1375 543 1398 565 S.
1416 543 1605 567 illuminantibus.
2104 543 2107 545 ’

1322 582 1342 603 3.
1360 581 1424 604 Circa
1443 582 1551 610 modum,
1568 590 1615 613 quo
1633 584 1760 607 intellectus
1777 584 1951 609 ratiomzbitiler
1964 586 2108 617 investigans

1260 620 1352 647 transit,
1370 621 1505 649 pracsertim
1523 621 1553 644 ab
1570 622 1670 651 imagine
1688 624 1795 647 interiore
1811 625 1841 647 ad
1859 625 1947 652 Deum,
1959 626 2061 649 notanda
2073 631 2107 649 est

1258 659 1301 681 alia
1319 660 1434 683 distinctio
1452 661 1509 683 iutcr
1526 661 1665 686 intellectum
1682 663 1896 694 apprehendentem
1908 667 1930 687 et
1941 664 2104 693 resolventem,

1257 700 1280 721 et
1297 699 1451 722 resolventem
1468 701 1506 723 vel
1517 700 1655 731 semiplene,
1672 703 1709 725 vel
1724 702 1809 732 plene,·
1822 709 1867 732 qua
1880 703 2026 727 distinctione
2038 705 2106 728 etiam

1258 737 1390 766 intelligitur
1410 739 1467 761 ratio
1493 739 1631 767 cognitionis
1651 741 1776 771 explicatae
1801 745 1824 765 et
1845 741 1985 772 implicitae,
2012 746 2035 766 et
2059 750 2106 773 quo

1257 781 1326 798 sensu
1352 782 1435 799 verum
1453 777 1491 804 sit,
1509 778 1574 807 quod
1595 784 1636 801 ens
1661 782 1763 802 creatum
1789 786 1835 803 non
1860 780 1934 809 possit
1950 781 2059 809 cognosci
2076 781 2106 804 ab

1256 814 1371 838 intellectu
1387 815 1456 846 plene
1472 815 1615 844 resolvente,
1631 818 1674 840 nisi
1692 818 1784 841 iuvetur
1795 818 1826 841 ab
1839 819 1953 842 intellectu
1966 820 2034 848 primi
2047 821 2106 843 entis

1257 853 1287 883 (c.
1300 854 1322 877 3.
1334 861 1358 877 11.
1370 855 1392 877 3.
1404 857 1427 877 et
1438 861 1458 877 c.
1470 855 1492 878 5.
1504 862 1528 878 11.
1540 856 1562 878 3.
1574 862 1628 879 cum
1640 857 1727 887 notis.).
1738 869 1769 875 —
1781 858 1839 880 Dicit
1851 858 1920 886 igitur
1932 859 1961 882 de
1970 860 2015 882 hoc
2029 860 2052 882 S.
2063 860 2106 882 Do-

1256 896 1306 916 ctor
1318 893 1344 920 (1.
1356 894 1419 916 Sent.
1436 894 1460 917 d.
1476 895 1515 917 28.
1532 894 1588 917 dub.
1606 895 1654 923 t.):
1670 905 1679 916 u
1692 897 1809 925 Quantum
1821 897 1851 919 ad
1864 897 2004 920 intellectum
2020 904 2105 928 appre-

1256 932 1396 956 hendentem
1413 940 1460 957 non
1478 936 1555 962 potest
1567 934 1660 963 intelligi
1673 936 1760 965 aliquid
1778 936 1827 958 sine
1844 936 1935 965 aliquo,
1952 937 2018 966 quod
2034 940 2069 960 est
2085 938 2105 960 ei

1255 972 1318 996 ratio
1336 972 1494 1003 intelliqendi,
1512 974 1571 997 sicut
1587 975 1650 998 Dens
1667 978 1758 1003 praeter
1775 975 1885 998 deitatem
1907 978 1930 998 et
1953 976 2024 1000 home
2040 983 2105 1006 prae-

1255 1014 1289 1034 ter
1306 1013 1486 1040 humanitatein;
1504 1016 1580 1041 potest
1596 1016 1673 1036 tamen
1691 1014 1783 1043 intelligi
1801 1014 1910 1045 effectus,
1927 1022 1973 1039 non
1992 1016 2104 1039 intellecta

1254 1057 1342 1078 cansa,
1359 1054 1382 1074 ct
1399 1051 1512 1082 inferius,
1531 1047 1576 1075 non
1597 1052 1710 1076 intellecto
1732 1053 1864 1084 superiori,
1881 1054 1936 1083 quia
1958 1057 2034 1083 potest
2052 1056 2105 1085 quis

1254 1091 1431 1119 apprchendere
1446 1091 1576 1119 hominem,
1589 1098 1635 1115 non
1647 1092 1760 1115 intellecto
1772 1093 1850 1122 aliquo
1862 1093 2018 1122 superiorum.
2030 1095 2056 1117 Et
2071 1095 2104 1118 sic

1254 1130 1310 1153 dicit
1326 1127 1493 1159 Philosophus,
1510 1131 1574 1160 quod
1594 1132 1633 1161 qui
1650 1138 1728 1155 unum
1744 1133 1799 1155 dicit
1815 1133 1920 1161 quodam
1937 1133 2015 1156 modo>
2025 1133 2103 1158 mulla

1254 1170 1316 1197 dicit,
1329 1177 1375 1193 non
1392 1170 1538 1200 simpliciter,
1550 1171 1592 1194 sed
1603 1171 1707 1201 quodam
1723 1171 1800 1200 modo,
1813 1172 1867 1201 quia
1880 1172 1997 1203 implicite.
2009 1186 2041 1191 —
2051 1169 2101 1197 Alio

1254 1209 1326 1232 modo
1352 1210 1464 1238 contingit
1489 1210 1575 1239 aliquid
1598 1211 1725 1240 intelligere
1750 1215 1842 1240 praetor
1867 1213 1965 1235 alterum
1988 1213 2103 1237 intellectu

1253 1248 1383 1271 resolvente
1388 1257 1397 1276 ,·
1415 1251 1438 1270 et
1455 1249 1496 1271 iste
1513 1248 1639 1272 intellectus
1655 1250 1786 1273 considerat
1803 1256 1829 1273 ea
1847 1257 1908 1280 quae
1919 1254 1972 1274 sunt
1983 1252 2016 1274 rei
2028 1258 2104 1275 essen—

1254 1287 1326 1313 tialia,
1344 1287 1402 1309 sicut
1419 1289 1495 1316 potest
1511 1287 1604 1316 intelligi
1622 1288 1753 1311 subiectum
1770 1289 1820 1311 sine
1838 1290 1932 1318 propria
1949 1290 2066 1318 passione.
2077 1291 2104 1313 Et

1253 1327 1298 1348 hoc
1310 1328 1385 1354 potest
1396 1332 1448 1348 esse
1459 1326 1593 1354 dupliciter:
1605 1330 1645 1350 aut
1656 1327 1770 1350 intellectu
1783 1327 1913 1351 resolvente
1927 1328 1997 1358 plene
2013 1332 2036 1352 et
2052 1336 2103 1358 per-

1254 1366 1324 1392 fecte,
1336 1368 1376 1388 aut
1393 1366 1505 1388 intellectu
1523 1366 1644 1389 deficiente
1658 1370 1680 1389 et
1691 1366 1821 1390 resolvente
1836 1367 1972 1397 semiplene.
1983 1369 2100 1392 lntellectu

1252 1403 1382 1427 resolvente
1398 1404 1525 1434 semiplene
1542 1408 1617 1433 potest
1634 1406 1742 1434 intelligi,
1767 1406 1855 1435 aliquid
1871 1412 1936 1433 esse,
1954 1413 2000 1429 non
2018 1407 2102 1430 intelle-

1253 1445 1289 1465 cto
1306 1443 1383 1471 primo
1395 1447 1455 1466 ente.
1467 1444 1581 1467 intellectu
1600 1447 1677 1468 autem
1695 1441 1825 1468 resolvente
1838 1445 1942 1475 perfecte
1962 1452 2010 1469 non
2026 1449 2103 1474 potest

1253 1483 1346 1511 intelligi
1365 1483 1464 1512 aliquid,
1482 1484 1558 1512 primo
1575 1487 1628 1507 ente
1645 1491 1690 1507 non
1709 1485 1855 1507 intellecto».
1871 1484 1918 1508 Csr.
1929 1485 1954 1507 ll.
1969 1486 2031 1508 sent.
2043 1485 2067 1508 d.
2080 1486 2102 1508 1.

1252 1528 1277 1550 p.
1292 1523 1315 1544 11.
1329 1522 1386 1545 dub.
1398 1524 1420 1549 2,
1437 1522 1476 1545 ubi
1495 1523 1604 1550 decc-tur,
1621 1524 1686 1553 quod
1703 1530 1764 1552 esse,
1783 1523 1896 1547 abstracta
1909 1524 2022 1552 bonitate,
2042 1531 2102 1553 ‹po-

1252 1563 1295 1583 test
1312 1561 1405 1589 intelligi
1424 1561 1538 1584 intellectu
1555 1562 1745 1592 apprehendente
1761 1565 1784 1585 et
1796 1563 1909 1585 intellectu
1927 1563 2055 1593 semiplene
2066 1569 2101 1587 re-

1250 1600 1368 1629 solvente;
1385 1601 1427 1623 scd
1445 1601 1558 1624 intellectu
1573 1601 1643 1631 plene
1660 1601 1692 1625 nd
1716 1608 1803 1625 causas
1825 1603 1981 1632 comparante
1998 1609 2043 1625 non
2061 1609 2102 1631 po-

1251 1642 1295 1662 test
1312 1639 1420 1668 intelligi,
1438 1646 1484 1662 non
1502 1640 1615 1663 intellecto
1633 1641 1703 1663 illo».

1315 1679 1338 1701 4.
1353 1679 1416 1701 Licet
1436 1687 1446 1699 ε
1458 1679 1534 1701 01111115
1551 1682 1655 1709 creatura
1675 1680 1751 1708 magis
1770 1680 1841 1702 ducat
1857 1680 1878 1702 111
1897 1680 1970 1702 Dcuni
1989 1686 2059 1709 quam
2077 1680 2100 1702 in

1251 1718 1346 1747 aliquod
1363 1718 1426 1740 aliud
1438 1726 1448 1738 ι·
1467 1718 1492 1746 (l.
1510 1718 1572 1740 Sent.
1590 1718 1613 1740 d.
1627 1718 1650 1740 3.
1667 1725 1690 1746 p.
1708 1719 1723 1740 1.
1740 1725 1765 1748 q.
1781 1719 1826 1748 2.),
1844 1722 1934 1746 tamen,
1952 1725 2006 1742 cum
2024 1719 2100 1747 cogni-

1237 1754 1282 1779 ‘tio
1299 1757 1395 1780 actualis
1413 1756 1507 1784 incipiat
1523 1762 1536 1778 a
1553 1762 1622 1779 sensu
1640 1759 1663 1779 ct
1679 1756 1709 1779 ab
1725 1757 1838 1780 exteriore
1854 1757 1883 1780 ad
1900 1757 2008 1785 interius,
2019 1757 2049 1780 ab
2060 1758 2100 1780 im-

1251 1797 1354 1824 perfecto
1372 1796 1402 1818 ad
1427 1796 1552 1823 perfectius
1577 1796 1740 1824 progrediatur
1747 1805 1753 1823 ;
1771 1796 1892 1819 intellectui
1918 1797 1995 1820 adhuc
2011 1797 2099 1820 rudiori

1251 1835 1289 1857 vix
1306 1835 1350 1857 alia
1367 1835 1405 1856 via
1422 1834 1597 1858 rationabiliter
1614 1834 1772 1865 investigandi
1795 1835 1869 1858 Deum
1895 1838 1974 1864 aperta
1992 1839 2038 1864 est,
2055 1836 2099 1859 nisi

1250 1874 1399 1897 ascendendo
1416 1880 1429 1896 a
1446 1874 1535 1896 mundo
1553 1873 1655 1897 sensibili
1673 1875 1723 1896 sive
1739 1881 1752 1896 a
1768 1874 1865 1904 vestiaio
1876 1875 1926 1897 Dei.
1934 1875 1995 1898 Hinc
2006 1875 2099 1899 dicitur:

1254 1913 1375 1935 «Primum
1394 1913 1494 1955 gradum
1512 1913 1653 1935 ascensionis
1671 1913 1811 1941 collocemus
1829 1913 1851 1935 in
1869 1913 1923 1941 imo,
1941 1914 2049 1942 ponendo
2066 1917 2101 1937 to-

1251 1955 1299 1974 tum
1317 1952 1385 1974 istum
1404 1952 1518 1975 mundum
1543 1951 1676 1975 sensibilem
1693 1952 1761 1975 nobis
1779 1954 1888 1981 tanquam
1906 1953 2041 1980 speculum,
2057 1959 2100 1981 per

1250 1991 1315 2020 quod
1331 1994 1478 2014 transeamus
1494 1991 1523 2013 ad
1540 1991 1627 2018 Deum,
1645 1991 1754 2020 opificem
1771 1998 1911 2014 summum»
1933 1991 1964 2021 (c.
1981 1992 2002 2014 ·1.
2019 1998 2042 2014 n.
2059 1992 2099 2021 9.).

1248 2031 1319 2054 Porro
1337 2030 1435 2053 umbrae
1451 2034 1610 2054 creaturarum
1632 2034 1655 2053 et
1677 2031 1773 2059 vestigia
1796 2034 1850 2053 sunt
1870 2040 1880 2051 α
1892 2027 2012 2060 proposita
2034 2038 2099 2054 men-

1248 2070 1310 2093 tibus
1327 2070 1405 2097 adhuc
1421 2070 1519 2093 rudibus
1536 2073 1558 2092 et
1574 2069 1735 2098 sensibilibus,
1747 2072 1772 2093 ut
1784 2076 1827 2098 per
1843 2070 1973 2098 sensibilia,
1990 2077 2051 2100 quae
2067 2071 2098 2093 vi-

1248 2110 1316 2137 dent,
1333 2111 1499 2132 transferantur
1516 2110 1545 2132 ad
1563 2109 1726 2138 intelligibilia,
1737 2115 1798 2139 quae
1815 2116 1860 2132 non
1877 2110 1970 2138 vident,
1988 2113 2098 2140 tanquam

1248 2156 1290 2178 per
1306 2149 1372 2178 signa
1390 2149 1419 2172 ad
1437 2149 1526 2177 signata
1538 2158 1549 2169 ι
1571 2148 1601 2177 (c.
1618 2150 1641 2171 2.
1658 2156 1681 2171 n.
1698 2149 1753 2178 tt).
1768 2149 1899 2172 —Lil'amen
1917 2151 1998 2172 auctor
2014 2156 2097 2178 parum

1248 2192 1351 2212 moratur
1369 2190 1390 2211 in
1408 2188 1567 2212 describendis
1592 2188 1662 2211 rebus
1687 2188 1864 2217 particularibus
1881 2189 1961 2211 mundi
1983 2188 2098 2213 sensibilis

1248 2228 1278 2257 (c.
1299 2229 1342 2258 l.),
1359 2229 1401 2251 scd
1418 2229 1528 2251 continuo
1545 2228 1626 2251 transit
1643 2228 1673 2255 (c.
1690 2228 1722 2257 2.)
1740 2234 1752 2250 a
1770 2227 1858 2250 mundo
1871 2222 2005 2251 'mter-niti
2022 2227 2096 2256 (reali)

1247 2268 1276 2290 ad
1291 2267 1406 2290 mundum
1424 2266 1522 2290 idealem
1540 2267 1589 2289 sive
1601 2266 1632 2289 ad
1644 2266 1699 2289 illud
1710 2272 1760 2289 esse
1777 2272 1822 2288 non
1840 2266 1976 2294 physicum,
1997 2267 2038 2289 sed
2050 2272 2096 2289 me-

1247 2307 1406 2336 taphysicum,
1418 2306 1483 2335 quod
1500 2306 1602 2328 mundus
1620 2305 1689 2328 habet
1706 2306 1727 2328 in
1746 2308 1822 2328 mente
1839 2306 1948 2327 humana.
1966 2305 2017 2334 lpse
2033 2306 2094 2328 enim

1247 2346 1373 2368 intellectus
1389 2345 1568 2376 apprehendens
1585 2345 1716 2367 naturaiiter
1733 2347 1755 2366 ct
1772 2344 1901 2366 necessario
1918 2345 2096 2372 supergreditur

1246 2385 1352 2408 ordinem
1369 2385 1480 2407 existendi
1493 2386 1626 2406 concretum
1638 2389 1717 2406 rerum
1734 2383 1907 2411 particularium
1924 2385 1947 2405 et
1962 2383 2094 2411 contingen-

1246 2425 1315 2452 tium,
1333 2430 1433 2453 quarum
1450 2423 1540 2452 species
1559 2422 1715 2445 abstrahendo
1732 2424 1754 2445 ct
1770 2422 1907 2450 dcpurando
1930 2422 1951 2444 in
1975 2428 2000 2444 se
2022 2423 2096 2444 conci-

1247 2464 1292 2492 pit,
1303 2461 1367 2486 etita
1384 2470 1421 2486 res
1438 2468 1509 2490 super
1525 2462 1632 2484 ordinem
1649 2461 1791 2484 materialem
1808 2461 1873 2491 quasi
1891 2462 1967 2484 elevat
1984 2464 2006 2483 et
2023 2461 2095 2484 induit

1246 2503 1349 2532 quodam
1362 2501 1486 2530 spiritualis
1498 2501 1585 2523 ordinis
1597 2500 1746 2528 vestimento,
1760 2500 1782 2523 id
1794 2503 1829 2523 cst
1839 2500 1980 2529 quibusdam
1992 2501 2095 2529 proprie-

1246 2541 1331 2565 tatibus
1348 2540 1473 2567 idealibus,
1490 2540 1577 2562 scilicet
1597 2539 1785 2566 universalitatis,
1804 2539 2008 2567 innnuiahititatis.
2022 2543 2095 2562 aeter—

1246 2581 1321 2604 nitatis
1338 2583 1360 2603 ot
1377 2580 1530 2606 necessitatis,
1547 2585 1607 2608 quae
1624 2579 1667 2607 ipsi
1686 2579 1760 2602 ordini
1772 2580 1826 2602 reali
1844 2586 1923 2602 rerum
1940 2580 2094 2602 materialium

1246 2620 1342 2642 minime
1359 2619 1507 2641 conveniunt.
1519 2618 1601 2644 Porro,
1613 2618 1671 2641 ordo
1689 2618 1725 2640 ille
1742 2618 1821 2641 idealis
1838 2624 1971 2647 supremam
1988 2617 2094 2641 radicem

1246 2662 1268 2681 et
1284 2658 1397 2682 ultimum
1421 2657 1604 2687 fundamentum
1630 2656 1699 2680 habet
1717 2657 1739 2680 in
1764 2658 1812 2680 Deo
1837 2661 1859 2680 et
1883 2657 1947 2680 ducit
1969 2657 1990 2679 in
2008 2657 2093 2685 ipsum.

1250 2706 1260 2717 α
1273 2697 1386 2719 Veritatcs
1403 2696 1530 2719 intellectae
1546 2696 1681 2726 fundantur
1700 2696 1724 2719 in
1740 2694 1821 2726 aliquo
1838 2697 1942 2719 aeterno.
1958 2695 2093 2718 Fundantur

1245 2739 1323 2759 autern
1341 2736 1363 2758 in
1382 2736 1431 2764 ipsa
1448 2736 1523 2763 prima
1540 2736 1641 2759 veritate
1657 2735 1716 2758 sicut
1728 2735 1749 2758 in
1762 2741 1831 2758 causa
1849 2734 1985 2761 universati,
2002 2737 2093 2757 conten-

1245 2776 1291 2798 tiva
1315 2775 1391 2797 omnis
1408 2775 1509 2797 veritatis
1521 2784 1531 2795 »
1554 2775 1587 2803 (S.
1604 2775 1696 2802 Thom.‚
1714 2774 1737 2797 S.
1754 2780 1775 2796 c.
1791 2774 1855 2796 Gent.
1873 2774 1897 2796 ll.
1914 2779 1934 2795 c.
1951 2772 2008 2802 at).
2030 2782 2040 2793 (1
2052 2774 2092 2795 Re·

1245 2815 1313 2843 gulae
1331 2813 1477 2843 (intellectus)
1495 2813 1696 2837 incommutabiles
1712 2813 1843 2836 radicantur
1861 2812 1884 2834 in
1901 2813 1952 2834 luce
1968 2814 2059 2835 aeterna
2070 2817 2094 2834 et

1244 2853 1333 2881 ducunt
1350 2853 1373 2875 in
1390 2859 1442 2876 cam
1454 2862 1463 2873 n
1486 2852 1519 2882 (S.
1540 2853 1637 2880 Bonav.,
1653 2852 1763 2875 flexaem.
1780 2851 1868 2874 collatio
1886 2851 1926 2880 2,).
1947 2859 1957 2871 α
1969 2851 2026 2874 llinc
2043 2851 2096 2880 ipso

1244 2892 1383 2920 intellectus,
1400 2892 1552 2915 considerans
1568 2892 1713 2915 conditiones
1736 2891 1795 2913 entis
1811 2890 1940 2913 secundum
1957 2890 2092 2913 relationem

1244 2937 1328 2957 causae
1349 2931 1379 2953 ad
1404 2934 1538 2958 causatum,
1555 2930 1672 2960 transfert
1695 2936 1719 2953 se
1743 2929 1773 2953 ab
1798 2929 1880 2960 effectu
1904 2928 1937 2951 ad
1960 2935 2047 2952 causas
2071 2930 2096 2952 et·

1243 2969 1330 2993 transit
1351 2969 1383 2993 ad
1404 2970 1508 2993 rationes
1533 2970 1663 2993 aeternas»
1690 2969 1756 2998 (ibid.
1777 2969 1830 2991 coll.
1853 2968 1894 2997 5.).
1918 2968 1962 2990 nic
1984 2968 2093 2990 transitus
