2285 3398
19 855 149 898 nnigffidoeer-

949 164 1121 194 PROLOGUS

163 241 250 272 tiones
270 242 429 271 animorum
444 242 627 283 diversimode
641 243 750 280 animos·
768 243 945 278 inclinantes;
961 245 1005 277 ut,

162 289 185 318 si
203 289 267 327 quis
288 297 342 318 non
364 288 494 319 movetur
511 290 545 318 ad
563 294 720 327 praecepta
738 293 765 319 et
781 288 938 328 prohibita,
953 290 1006 319 sal-

163 338 218 365 tem
239 340 384 366 moveatur
406 345 455 374 per
476 336 606 374 cntempla.
628 340 752 372 narrata;
767 337 788 366 si
804 337 867 374 quis
888 345 942 366 non
956 344 1006 374 per

164 383 232 411 haec
249 386 390 418 movetur,
411 386 556 412 moveatur
578 391 627 420 per
649 383 785 420 beneficia
809 384 860 413 sibi
881 386 1005 417 ostensa;

162 429 185 458 si
199 430 263 467 quis
277 438 326 459 noc
341 438 391 468 per
405 431 472 459 haec
493 433 637 465 movetur,
652 434 796 460 moveatur
811 438 860 468 per
874 430 1006 459 monitio-

162 486 212 505 nes
233 486 359 515 sagaces,
381 485 429 515 per
447 477 656 515 promissiones
677 486 804 513 veraces,
820 486 868 515 per
889 477 1006 506 conimi-

162 525 295 553 nationes
316 525 468 559 terribiles,
486 527 518 553 ut
538 524 577 553 sic
598 525 693 553 saltem
714 524 853 554 excitetur
871 524 905 553 ad
925 524 1007 553 devo-

163 571 266 599 tionem
294 574 322 599 et
349 571 465 599 landem
490 571 554 606 Dei,
576 571 603 600 in
631 580 687 608 qna
714 571 847 609 percipiat
873 571 1006 608 gratiam,

162 625 211 653 per
232 625 316 653 quam
337 617 473 654 dirigatur
493 618 567 646 circa
586 626 671 655 opera
692 618 822 647 virtuosa.

240 664 374 699 Quoniam
393 664 478 700 igitur
499 665 526 693 hi
548 665 620 693 modi
645 665 796 693 narratioi
816 673 870 693 non
892 668 1007 702 possunt

162 709 221 738 sieri
238 718 287 747 per
302 710 373 739 viam
388 711 561 740 certitudinis
575 712 730 746 rationum,
749 712 815 749 quia
828 712 1007 749 particularia

161 759 237 793 gesta
256 757 366 793 probari
388 766 442 786 non
464 761 579 794 possunt
592 759 617 793 1;
640 759 715 793 ideo,
737 766 771 787 ne
792 759 936 796 Scriptura
956 759 1007 788 ista

162 805 292 840 tanquam
307 803 391 832 dubia
405 804 560 838 vacillaret,
576 813 607 833 ac
622 813 671 842 per
691 805 742 833 lioc
761 805 854 834 minus
870 808 1005 839 moveret,

161 850 221 879 loco
238 850 430 879 'certitudinis
457 851 583 880 rationis
610 852 730 888 providit
751 852 825 881 Deus
849 852 914 881 huic
935 852 1007 881 Scri-

162 899 260 933 pturae
281 898 482 926 certitudinem
503 898 698 933 auctoritatis,
720 907 792 936 quae
818 899 886 927 adeo
907 907 1007 935 magna

161 947 218 978 est,
233 944 306 981 quod
327 953 437 973 omnem
459 945 695 982 perspicacitatem
710 946 822 975 humani
838 946 938 983 ingenii
960 954 1006 974 su-

161 991 331 1028 pemxcellit.
354 992 386 1020 Et
405 992 471 1029 quia
492 1000 547 1021 ιιοιι
565 995 607 1021 est
624 995 699 1022 certa
713 993 863 1022 auctoritas
877 992 937 1021 eius
957 992 1005 1029 qui

127 1056 130 1060 .
161 1033 251 1074 potest
264 1037 358 1069 fallere
373 1038 416 1067 vel
436 1038 508 1073 salli3
524 1039 618 1068 nullus
632 1042 726 1068 autem
747 1042 803 1074 est,
818 1038 866 1076 qui
880 1038 935 1067 salli
951 1046 1005 1067 non

19 1137 115 1164 Revelatio
121 1137 148 1156 di-

64 1167 81 1180 vi
84 1166 106 1180 na
109 1175 114 1180 .

32 1278 148 1297 Excellentia

30 1302 146 1331 Scripturae.

36 2173 98 2193 Habet
110 2179 148 2192 mo·

43 2197 87 2224 dum
106 2202 149 2221 pro-

42 2226 112 2245 prium.

160 1085 246 1121 possit
267 1088 294 1114 et
314 1085 408 1114 fallere
427 1085 545 1121 nesciat,
567 1086 641 1115 nisi⁹
663 1087 737 1116 Dens
757 1089 784 1115 et
805 1086 923 1124 Spiritus
943 1094 1005 1114 san-

161 1134 237 1161 ctus:
260 1132 323 1161 hinc
345 1136 401 1167 est,
422 1133 496 1171 quod
510 1133 551 1174 >ad
575 1134 643 1168 hoc,
668 1133 742 1171 quod
759 1133 906 1170 'Scriptura
927 1140 1005 1161 sacra

160 1179 242 1208 modo
263 1179 314 1208 sibi
339 1180 431 1209 debito
452 1183 523 1209 esset
541 1181 661 1217 perfecte
681 1180 855 1213 authentica,
880 1188 934 1208 non
955 1187 1005 1216 per

160 1226 310 1255 humanam
332 1227 568 1264 investigationem
583 1230 625 1256 est
646 1227 754 1261 tradita,
775 1226 822 1255 sed
836 1234 886 1263 per
900 1226 1021 1255 revela--

160 1272 262 1301 tionem
283 1273 412 1302 divinam.
428 1290 467 1294 --
481 1273 542 1302 Ideo
562 1273 631 1302 nihil
652 1273 680 1301 in
700 1273 759 1310 ipsa
772 1272 1004 1301 contemnendum

161 1323 292 1357 tanquam
307 1320 424 1354 inutile,
446 1320 515 1349 nihil
530 1319 717 1357 respuendum
732 1322 862 1356 tanquam
877 1317 1004 1356 falsum,

161 1367 229 1395 nihil
251 1367 452 1403 repudiandum
481 1370 611 1404 tanquam
633 1366 784 1404 iniquum,
805 1374 857 1403 pro
877 1374 910 1394 eo
930 1365 1005 1403 quod

160 1414 279 1451 Spiritus
306 1417 433 1448 sanctus,
461 1413 521 1443 eius
548 1416 646 1442 auctor
672 1413 905 1450 perfectissimus,
937 1412 1005 1441 nihil

160 1461 250 1498 potuit
270 1461 361 1490 dicere
381 1460 510 1498 falsum,
532 1461 600 1490 nihil
620 1459 821 1498 superfluum,
836 1460 905 1489 nihil
919 1460 1005 1489 (limi-

159 1511 273 1536 mitam.
295 1508 328 1537 Et
355 1511 501 1545 propterea
521 1507 632 1537 caelum
659 1511 684 1536 et
715 1511 795 1536 terra
821 1507 1004 1541 transibunt,

159 1554 246 1583 verba
268 1558 365 1584 autem
386 1555 545 1592 Scripturae
572 1563 667 1584 sacrae
694 1564 753 1584 non
769 1554 972 1592 praeteribunt
982 1554 1004 1589 ³,

159 1601 227 1639 quin
248 1602 422 1639 impleantur.
447 1602 539 1630 Donec
553 1602 626 1631 enim
640 1601 753 1631 eaelum
774 1605 799 1631 et
812 1605 894 1630 terra
908 1605 1005 1630 trans-

159 1653 218 1683 eat,
244 1649 305 1678 iata
325 1658 420 1678 unum
441 1652 495 1677 aui
515 1658 594 1678 unus
615 1658 690 1687 apem
709 1658 769 1678 non
786 1649 959 1687 praeteribit
986 1658 1006 1678 a

161 1697 248 1734 Lege,
269 1696 357 1725 dome
384 1696 484 1725 omnia
514 1696 605 1733 siant,
627 1697 767 1726 Salvatore
796 1700 921 1726 testante.
949 1698 1026 1733 Qui·

159 1751 227 1780 erqo
247 1743 364 1771 solverit
384 1746 416 1772 ea
445 1750 518 1780 quae
542 1743 686 1780 Scriptura
706 1743 800 1778 docet,
822 1747 847 1772 et
877 1744 1007 1772 docuerit

159 1790 201 1819 3ἱο
222 1789 364 1824 homines,
386 1782 433 1819 liic
453 1790 594 1821 minimus
614 1790 767 1819 vocabitur
787 1791 817 1819 z'n
833 1799 921 1827 νίψω
943 1799 1005 1819 cac-

160 1837 273 1871 Iorum;
294 1837 346 1876 qui
366 1840 464 1865 aiacem
484 1836 585 1874 fecerit
604 1841 630 1866 et
644 1837 791 1872 docuerit,
812 1836 859 1866 liic
878 1846 1006 1875 muyans

159 1884 312 1913 vocabitur
333 1885 364 1913 in
385 1893 474 1922 roano
494 1884 650 1913 caelorum.

294 1980 312 2014 ἓ
334 1980 360 2007 G.
382 1979 423 2007 De
443 1979 527 2007 niodo
548 1979 731 2016 exponenat⁴
751 1987 869 2008 sacram

485 2025 681 2063 Scripturam.

239 2120 475 2157 Quemadmodum
496 2123 588 2148 autem
610 2119 753 2157 Scriptura
773 2120 840 2149 haec
862 2120 1006 2158 specialem

161 2167 245 2196 habet
265 2167 378 2195 modum
399 2166 580 2204 procedendi,
595 2166 634 2195 sic
652 2167 731 2195 iuxta
745 2175 827 2196 suum
842 2167 1007 2204 procedendi

161 2214 274 2243 modum
296 2213 405 2250 speciali
431 2221 482 2242 suo
502 2213 584 2241 modo
604 2213 685 2242 debet
707 2213 827 2251 intelliqi
846 2217 873 2242 et
893 2213 1006 2250 exponi.

160 2261 229 2290 Cum
250 2261 322 2289 enim
345 2261 404 2298 ipsa
424 2260 477 2289 sub
498 2268 553 2289 una
574 2260 665 2289 littera
679 2260 858 2297 multiplicem
881 2264 953 2298 tegat
967 2261 1007 2289 in-

161 2451 248 2473 stratio.
259 2450 305 2473 Ctr.
316 2451 422 2479 August.y
434 2451 458 2473 ll.
470 2450 499 2473 de
515 2451 592 2473 Doetr.
607 2450 742 2478 christiana,
754 2457 774 2475 e.
786 2451 823 2474 31.
835 2452 872 2474 36.
884 2458 906 2474 ιι.
920 2452 957 2475 48.
969 2452 1006 2475 54.

161 2502 193 2507 -
209 2490 252 2512 Pro
269 2489 417 2513 collectivum
434 2490 450 2512 L
460 2490 478 2512 Ο
488 2490 503 2512 Ρ
513 2490 533 2512 V
550 2489 696 2513 collativam.
712 2490 808 2513 lnterius
824 2497 867 2519 pro
888 2491 920 2514 ad
940 2498 1007 2521 prae-

162 2530 240 2559 cepta,
258 2529 323 2558 quod
350 2528 435 2552 liabent.
458 2530 504 2551 sere
529 2534 611 2551 omnes
632 2529 701 2552 codd.
723 2532 745 2552 et
767 2531 794 2557 2,
816 2530 873 2553 aliae
894 2530 948 2553 cdd.
962 2537 1007 2561 per·

158 2570 295 2598 praecepta.

225 2606 233 2620 ¹
251 2608 355 2636 Ariston,
372 2608 387 2630 1.
404 2608 491 2630 Poster.
507 2613 528 2630 c.
545 2607 582 2630 Μ.
600 2607 630 2636 (c.
648 2607 706 2637 ·18.);
719 2608 874 2636 Singularium
886 2609 947 2632 enim
959 2616 1008 2631 scn-

162 2653 202 2669 sus
218 2650 265 2674 est;
283 2654 330 2670 non
346 2647 408 2670 enini
426 2647 539 2675 contingit
560 2647 665 2675 accipere
690 2647 794 2676 ipsorum
818 2648 946 2671 scientiam.
961 2648 1008 2671 Cir.

163 2685 219 2708 ibid.
236 2692 256 2708 c.
274 2686 311 2709 24.
329 2686 424 2715 (c.-3l.)
442 2689 465 2708 et
476 2686 500 2708 Π.
512 2686 542 2708 de
553 2686 714 2716 Anima‚‚text.
725 2687 763 2710 60.
775 2686 805 2716 (c.
816 2687 856 2716 5.).
868 2688 928 2710 Vide
939 2687 1008 2710 etiam

163 2725 196 2747 ΙΙΙ.
213 2726 276 2748 Sent.
293 2726 316 2748 d.
334 2726 371 2748 24.
389 2725 446 2748 dub.
463 2726 490 2753 3,
507 2725 547 2748 ubi
564 2725 686 2754 exponitur
708 2726 796 2749 dictum
817 2727 927 2755 August„
943 2727 1008 2757 quod

164 2765 221 2787 sacta
247 2765 354 2787 historica
379 2771 500 2794 nunquam
526 2765 695 2792 intelliguntur,
711 2765 754 2788 sed
770 2768 858 2789 tantum
874 2767 1009 2789 creduntur.

162 2815 193 2820 -—
210 2804 306 2826 lnterius
328 2810 371 2832 pro
393 2803 561 2834 superexcellit
576 2804 596 2826 K
606 2804 622 2826 L
632 2803 679 2826 ΜΟ
689 2804 710 2826 V
731 2805 905 2834 superexcellat
926 2805 1009 2835 (respi-

163 2843 254 2866 ciuntur
271 2843 343 2866 verba
360 2844 464 2871 August¹¹
476 2843 501 2865 ll.
517 2843 546 2865 de
563 2843 620 2866 Gen.
636 2844 667 2866 ad
683 2843 715 2866 lit.
731 2850 752 2866 c.
766 2844 789 2867 5.
805 2851 829 2867 n.
846 2845 958 2868 91Maior
974 2848 1009 2868 est

163 2883 251 2911 quippe
269 2883 399 2911 Scripturao
416 2883 484 2905 liuius
496 2882 631 2910 auctoritas,
642 2888 714 2912 quam
725 2883 801 2906 omnis
813 2884 908 2907 humani
922 2884 1007 2912 ingenii

163 2922 296 2952 capacitas).

225 2960 235 2973 ²
252 2962 321 2985 DFG
332 2963 350 2984 ΙΙ
367 2961 456 2984 addunt
472 2961 546 2985 solas.
562 2961 657 2984 Inferius
674 2964 727 2990 post
739 2962 842 2992 perfecte
858 2963 1006 2992 anthentica,

1848 169 1904 196 ⁶207

1063 242 1249 279 telligentiam,
1264 244 1405 280 expositor
1419 244 1500 283 debet
1515 244 1685 274 abscondita
1696 246 1858 283 producere
1872 245 1903 274 in
1917 251 2024 293 ffikiggfflr

1063 289 1154 318 lucem
1166 289 1177 306 ⁵
1198 292 1225 318 et
1247 290 1321 318 illam
1336 290 1462 320 eductam
1483 291 1657 321 manifestare
1673 300 1722 329 per
1737 292 1817 320 aliam
1833 292 1904 320 Scri-
1941 290 1945 293 ’
2018 289 2022 293 ’

1064 338 1174 373 pturam
1196 337 1282 373 magis
1313 340 1465 374 patentem:
1487 338 1559 367 sicut
1589 338 1611 367 si
1642 347 1810 375 exponerem
1839 338 1906 367 illud

1064 382 1199 412 Psalmissz
1221 383 1408 421 Appreliemlc
1428 393 1517 413 arma
1537 388 1562 413 et
1582 389 1712 420 seutiam,
1734 388 1759 414 ct
1782 393 1906 422 ersurye

1064 429 1096 458 in
1116 430 1302 460 adiutoriumv
1320 430 1409 465 milti,
1430 434 1458 460 et
1478 431 1558 460 velim
1584 431 1738 469 explicare,
1760 440 1831 469 quac
1852 432 1907 461 sint

1063 484 1152 505 arma
1172 476 1279 511 divina;
1301 477 1407 512 dicam,
1429 478 1502 515 quod
1523 479 1583 507 eius
1605 479 1705 508 veritas
1726 482 1753 508 et
1774 480 1845 507 bona
1859 487 1906 507 vo-

1065 524 1167 558 luntas;
1189 526 1216 552 et
1236 524 1310 561 quod
1332 524 1368 552 ita
1389 525 1439 559 sit,
1462 515 1635 562 probandum
1664 535 1712 563 per
1734 527 1905 563 scripturam

1063 573 1195 607 apertam.
1218 571 1284 599 Nam
1305 574 1332 600 et
1352 571 1483 600 scribitur
1504 573 1580 601 alibi:
1597 574 1684 602 Sento
1699 574 1787 602 bonate
1806 574 1906 603 volom-

1064 618 1133 646 tatis
1154 621 1221 646 tuae
1241 619 1390 647 coronasti
1407 627 1479 652 «ηοω
1494 622 1521 647 et
1542 620 1656 648 iterum:
1672 620 1758 649 Scuto
1780 621 1905 649 ciream-

1064 664 1144 693 dabit
1158 667 1182 692 te
1196 665 1304 693 verita-s·
1320 665 1391 694 eius.
1404 682 1440 686 —
1453 665 1491 694 Ad
1510 666 1584 703 quod
1606 676 1658 695 non
1681 670 1769 703 potest
1790 668 1852 704 quis
1872 668 1917 714 de¹
1938 671 2049 714 {managur

1064 710 1134 739 sacili
1156 711 1325 748 pertingere,
1340 712 1389 741 nisi
1406 720 1455 749 per
1469 713 1694 742 assuefactionem
1710 714 1831 742 lectionis
1846 700 2009 742 tex-¹?55?a³e¹-⁸¹
2024 700 2048 714 ω

1066 761 1123 787 tum
1145 761 1172 787 et
1193 759 1311 787 litteram
1334 759 1434 788 Bibliae
1454 760 1626 789 commendet
1657 761 1819 794 memoriam
1841 761 1906 789 alio-

1063 805 1132 842 quin
1152 805 1180 834 in
1207 805 1379 843 expositione
1406 806 1613 843 Scripturarum
1644 815 1786 844 nunquam
1808 808 1908 844 poterit

1063 860 1123 881 esse
1144 855 1248 889 potens.
1270 848 1356 882 Unde'
1376 853 1447 882 sicut
1468 853 1515 890 qui
1537 853 1701 891 dedignatur
1723 854 1811 890 prima
1831 854 1906 883 addi-

1064 907 1141 929 scere
1161 900 1313 935 elementa,
1334 908 1370 929 ex
1395 900 1498 937 quibus
1527 900 1610 929 dictio
1638 901 1808 938 integratur,
1836 910 1907 930 nun-

1064 954 1147 983 quam
1169 949 1258 984 potest
1278 955 1391 976 noscere
1412 955 1462 976 nec
1482 945 1634 976 dictionum
1653 947 1835 984 significatum
1857 956 1908 977 nec

1064 994 1166 1020 rectam
1190 993 1276 1029 legem
1297 988 1547 1028 constructionum;
1563 993 1601 1022 sic
1616 993 1663 1031 qui
1679 994 1798 1022 litteram
1813 1002 1907 1023 sacrae
1920 998 2036 1018 Notandum-

1063 1038 1222 1075 Scripturae
1242 1039 1347 1076 spernit
1373 1040 1407 1068 ad
1438 1040 1595 1077 spirituales
1626 1041 1697 1069 eius*
1714 1041 1907 1078 intelligentias

1063 1094 1206 1123 nunquam
1227 1090 1362 1124 assurget.

1141 1133 1266 1162 attendat
1286 1137 1379 1162 autem
1401 1135 1556 1171 expositor,
1577 1135 1650 1171 quod
1673 1144 1727 1163 non
1746 1135 1849 1172 ubique
1865 1144 1907 1164 re·
1920 1139 2052 1182 mNffgcgmg'g

1062 1180 1198 1217 quirenda
1217 1177 1265 1209 est'
1279 1181 1424 1218 allegoria,
1446 1189 1496 1210 nec
1526 1181 1618 1210 omnia
1639 1184 1703 1210 sunt
1724 1182 1837 1218 mystice
1858 1191 1908 1211 ex·
1921 1169 2015 1210 royneuda-

1062 1226 1195 1263 ponenda.
1218 1227 1332 1264 Propter
1352 1228 1427 1264 quod
1440 1227 1592 1256 notandum
1606 1231 1663 1262 est,
1678 1229 1752 1265 qued
1766 1229 1910 1266 Scriptura

1062 1270 1140 1301 sacra
1161 1276 1282 1310 quatuor
1303 1273 1386 1302 habet
1407 1277 1507 1310 partes.
1530 1274 1588 1303 Una
1608 1278 1665 1309 est,
1687 1275 1714 1303 in
1735 1283 1791 1312 qua
1807 1276 2054 1322 *8801111353533511132

1062 1319 1129 1347 dum
1151 1320 1270 1348 litteram
1291 1320 1347 1357 agit
1367 1320 1401 1349 de
1421 1320 1568 1349 mundanis
1588 1321 1712 1355 naturis,
1733 1324 1761 1350 et
1782 1330 1831 1358 per
1850 1322 1910 1351 illas
1919 1331 1958 1345 me·
2011 1309 2022 1327 Ρ

1063 1366 1198 1402 significat
1219 1367 1422 1403 reparationem
1443 1370 1579 1401 nostram,
1594 1367 1666 1396 sicut
1686 1371 1800 1405 apparet
1822 1368 1849 1397 in
1863 1368 1910 1397 de-

1063 1413 1211 1450 scriptione
1243 1413 1413 1442 formationis
1444 1414 1548 1443 mundi.
1573 1431 1610 1435 —
1631 1414 1688 1443 Alia
1715 1417 1772 1449 est,
1800 1415 1828 1444 in
1855 1424 1911 1453 qua

1062 1459 1118 1497 agit
1139 1460 1172 1489 de
1193 1460 1300 1489 actibus
1320 1463 1348 1490 et
1368 1461 1543 1498 processibus
1557 1461 1747 1499 illiuspopuli
1762 1462 1910 1497 lsraelitici,

1062 1511 1090 1536 et
1111 1515 1160 1544 per
1181 1508 1242 1537 illos
1272 1508 1407 1546 significat
1434 1509 1636 1546 reparationem
1656 1510 1765 1547 generis
1786 1510 1909 1539 humani.

1064 1570 1101 1575 —
1122 1555 1215 1583 Tertia
1235 1558 1285 1590 est,
1307 1555 1335 1584 in
1356 1564 1412 1593 qua
1431 1555 1514 1585 nudis
1535 1556 1649 1586 verbis⁷
1670 1557 1805 1594 significat
1819 1560 1846 1586 et
1860 1565 1910 1586 ex-

1062 1601 1158 1638 primit
1179 1610 1250 1639 quae
1271 1602 1410 1639 pertinent
1430 1602 1465 1631 ad
1492 1606 1615 1632 nostram
1636 1604 1753 1633 salutern
1774 1607 1910 1642 quantum

1062 1648 1097 1677 ad
1118 1648 1199 1677 sidem
1221 1649 1264 1678 vel
1285 1657 1385 1679 mores.
1401 1666 1438 1671 —
1453 1650 1555 1687 Quarta
1576 1653 1631 1686 est,
1646 1651 1674 1680 in
1695 1659 1751 1689 qua
1771 1659 1911 1689 praenun-

1063 1695 1113 1724 tiat
1133 1699 1243 1725 nostrae
1264 1696 1361 1726 salutis
1381 1697 1558 1734 mysterium,
1580 1698 1681 1735 partim
1703 1699 1795 1728 verbis
1815 1699 1909 1733 nudis,

1063 1743 1164 1780 partim
1185 1743 1371 1780 aenigmaticis
1401 1746 1428 1773 et
1455 1744 1589 1773 obscuris.
1612 1745 1644 1774 Et
1671 1749 1818 1783 propterea
1839 1746 1911 1775 Scri-

1064 1793 1147 1827 ptura
1167 1790 1195 1819 in
1217 1790 1260 1820 liis
1280 1791 1347 1820 locis
1367 1791 1451 1822 variis
1479 1800 1533 1821 non
1555 1795 1596 1821 est
1627 1793 1802 1823 uniformiter
1824 1802 1910 1831 expo-

1064 1837 1162 1866 nenda.

1142 1884 1228 1913 Debet
1249 1887 1342 1913 autem
1362 1885 1505 1922 expositor
1525 1886 1605 1923 dirigi
1627 1887 1655 1915 in
1675 1888 1848 1924 expositione
1868 1897 1911 1917 sa·
1923 1891 2002 1939 ''⁸¹3¹ssss
2012 1896 2043 1911 ¹0-

1065 1938 1128 1959 crae
1149 1931 1308 1968 scripturae
1339 1932 1492 1964 secundum
1520 1933 1655 1970 triplicem
1677 1934 1818 1971 regulam,
1839 1943 1911 1972 quae
2004 1929 2009 1934 '

1066 1978 1138 2007 trabi
1160 1981 1248 2016 potest
1278 1979 1312 2008 de
1340 1979 1432 2008 verbis
1459 1980 1531 2009 beati
1558 1981 1702 2018 Augustini
1728 1982 1755 2010 in
1777 1982 1848 2011 libro
1872 1982 1912 2021 ¹de

1064 2025 1195 2055 Doctrina
1214 2026 1366 2055 christiana
1376 2025 1396 2055 ⁸.

1144 2072 1235 2101 l’rima
1260 2075 1302 2102 est
1332 2073 1408 2102 haec.
1438 2073 1609 2112 Ubicumque
1630 2075 1658 2104 in
1689 2076 1741 2104 hac
1769 2076 1912 2113 Scriptura
1924 2080 1994 2099 Prima-

1065 2119 1154 2157 prima
1175 2120 1326 2149 verborum
1348 2120 1511 2158 significatio
1532 2122 1667 2159 significat
1680 2131 1727 2151 res
1741 2123 1911 2158 creationis,

1065 2166 1123 2196 sive
1142 2167 1310 2204 sinyulares
1329 2170 1414 2196 actus
1434 2167 1583 2197 humanae
1597 2170 1839 2205 conversationis,
1861 2170 1912 2199 ibi-

1064 2213 1126 2242 dem
1148 2221 1193 2242 res
1214 2212 1381 2251 significatae
1408 2223 1458 2252 per
1489 2215 1575 2244 verba
1595 2216 1685 2253 primo
1712 2217 1911 2254 significantur,

1064 2261 1161 2290 deinde
1182 2264 1292 2291 nostrae
1314 2262 1496 2299 reparationis
1516 2263 1664 2300 mysteria;
1680 2263 1728 2293 ubi
1742 2272 1808 2293 vero
1822 2264 1912 2301 prima

1063 2459 1105 2481 pro
1123 2459 1170 2483 quo
1189 2453 1197 2475 rt
1215 2453 1334 2484 perfectae
1351 2453 1500 2478 auctoritatis
1518 2453 1554 2477 rel
1575 2453 1723 2482 antherium,
1741 2453 1841 2477 ACDlI
1853 2454 1859 2476 l
1870 2454 1885 2476 N
1896 2454 1911 2476 S

1064 2491 1209 2520 subiungant
1225 2492 1300 2523 quod,
1318 2493 1362 2515 FG
1379 2492 1444 2523 quia.

1127 2531 1137 2545 ³
1153 2533 1231 2555 lilattli.
1247 2533 1289 2560 24,
1307 2533 1346 2556 35.
1361 2545 1393 2550 —
1410 2533 1463 2562 seq.
1480 2534 1545 2555 locus
1561 2535 1596 2555 est
1613 2532 1669 2556 ibid.
1685 2532 1712 2560 5,
1734 2533 1767 2555 18.
1784 2539 1833 2562 seq.

1126 2570 1138 2584 ⁴
1154 2572 1174 2594 V
1191 2571 1338 2602 intelliyendi
1352 2573 1375 2596 et
1390 2572 1556 2602 eaponcndi,l
1573 2571 1720 2602 intelligendi
1731 2573 1753 2595 et
1760 2571 1912 2602 procedendi.

1127 2609 1137 2622 ⁶
1154 2611 1283 2639 Respicitur
1295 2611 1334 2634 lob
1354 2612 1397 2639 28,
1411 2612 1435 2634 it
1447 2619 1452 2634 :
1464 2611 1581 2634 Profunda
1598 2617 1693 2640 quoque
1709 2611 1834 2633 fluviorum
1851 2617 1912 2633 scru-

1065 2653 1125 2673 tatus
1141 2653 1176 2673 est
1192 2652 1214 2673 et
1230 2650 1366 2673 abscondita
1384 2651 1407 2673 in
1424 2651 1500 2674 lucem
1517 2651 1633 2679 produxit.
1649 2651 1669 2673 D
1684 2649 1853 2674 absconditam.

1126 2687 1137 2701 ⁶
1154 2689 1237 2712 psalm.
1254 2689 1297 2717 34,
1314 2691 1337 2712 2.
1352 2702 1384 2707 —
1401 2690 1456 2719 Seq.
1480 2690 1545 2712 loeus
1569 2692 1604 2712 est
1625 2690 1661 2712 Ps.
1678 2689 1705 2717 5,
1723 2689 1765 2717 43;
1783 2689 1861 2711 tertius
1877 2692 1912 2712 est

1065 2728 1100 2750 rs.
1118 2728 1162 2755 90,
1179 2727 1202 2750 5.
1212 2740 1244 2745 -
1255 2728 1302 2751 Cl'r.
1317 2728 1428 2751 Hexaem.
1444 2734 1516 2751 serm.
1534 2728 1571 2751 ⁴9.
1582 2740 1614 2745 —
1625 2728 1721 2750 lnt'erius
1738 2734 1781 2756 pro
1800 2729 1822 2751 et
1842 2727 1912 2751 velim

1065 2767 1084 2789 M
1099 2768 1127 2790 ut
1141 2767 1224 2795 velim,
1241 2770 1264 2790 ct
1280 2774 1307 2791 cx
1329 2768 1450 2796 permultis
1471 2767 1541 2790 codd.
1558 2770 1581 2790 et
1597 2768 1610 2790 2
1628 2766 1787 2789 substituimus
1806 2766 1912 2796 proban-

1064 2806 1122 2830 dam
1140 2806 1276 2835 (ADEFO
1293 2808 1383 2830 addunt
1398 2808 1446 2837 est)
1463 2814 1506 2836 pro
1520 2806 1647 2837 probatur,
1665 2807 1684 2835 Q
1698 2805 1813 2836 probabo.

1127 2844 1135 2858 ⁷
1153 2846 1197 2870 BC
1214 2847 1304 2870 addunt
1318 2848 1340 2870 ct
1355 2846 1452 2877 apertis.
1463 2847 1559 2869 Inferius
1576 2852 1619 2875 pro
1632 2845 1788 2875 praenuntiat
1798 2846 1816 2867 Α
1826 2845 1842 2867 B
1856 2850 1911 2874 pro-

1064 2887 1171 2914 nuntiat,
1190 2886 1208 2908 T
1225 2886 1351 2917 siqnificat.

1126 2923 1136 2936 ⁸
1152 2925 1214 2948 Libr.
1230 2926 1264 2948 ΙΙΙ.
1280 2932 1301 2948 c.
1319 2926 1356 2948 20,
1372 2932 1396 2948 ιι.
1409 2925 1447 2948 Μ.
1457 2931 1524 2955 seqq.
1535 2925 1580 2948 Csr.
1593 2924 1649 2947 i‘bid.
1660 2925 1684 2947 ll.
1695 2930 1716 2947 e.
1728 2924 1750 2946 9.
1761 2930 1784 2946 n.
1798 2923 1834 2946 lt.
1845 2929 1911 2952 seqq.

1063 2976 1095 2981 —
1111 2964 1205 2986 Inferius
1222 2964 1274 2987 voci
1290 2964 1361 2995 fidem
1378 2965 1394 2987 L
1412 2964 1520 2993 praefigit
1535 2963 1634 2987 nudam.
