2285 3398
731 198 773 226 DE
795 198 937 227 SClENTlA
959 197 1083 227 CHRlSTl
1104 198 1237 234 QUAEsT.
1261 198 1311 227 Vll.
1846 204 1877 231 Μ

151 282 233 312 quam
255 274 384 304 universa
405 276 483 304 fiunt.
506 276 537 304 Et
564 275 630 313 quia
659 276 749 304 anima
779 276 879 305 Christi
900 276 990 304 onmia

1049 276 1094 304 illa
1114 284 1166 304 non
1190 276 1275 310 valet,
1296 276 1362 313 quia
1382 281 1486 312 cotum,
1507 278 1610 307 dictum
1631 280 1664 308 de
1697 279 1798 315 Ver‚bo
1818 281 1882 308 ‹lii-it
1897 287 2023 334 ντὲηιέιωαη-

150 321 221 350 facta
242 322 438 358 perfectissime
459 322 664 359 comprehendit
686 322 712 350 in
734 323 780 351 illa
793 326 867 357 arte,
890 323 948 351 ideo
963 323 989 351 in
1997 316 2023 329 ““”

1047 323 1227 360 privationem
1250 324 1335 360 paitis
1355 327 1381 353 et
1403 325 1487 361 partis
1508 326 1548 353 vel
1571 326 1730 362 positionem
1751 327 1882 355 omnimo-
1896 317 1984 357 telligitur

22 986 137 1018 Notandum-V

150 368 196 396 illa
215 370 243 396 et
274 376 322 404 per
354 368 427 397 illam
458 368 558 397 dicitur
590 369 691 397 habere
719 369 989 405 comprehensionem

148 414 305 452 perfectam.

229 462 253 490 5.
277 461 314 490 Λᾶ
335 462 401 490 illud
423 463 496 499 quod
516 463 660 497 obiicitur,
682 463 755 500 quod
776 463 866 491 anima
890 463 989 491 Christi

149 508 345 545 perfectissime
367 511 407 537 est
437 509 514 537 unita
542 510 645 543 Verbo;
667 509 827 543 dicendum,
850 510 923 547 quod
946 518 990 538 ve·
1010 519 1019 523 ·

150 562 212 583 rum
234 557 288 589 est,
316 555 391 583 salva
419 558 507 584 tamen
542 556 699 585 limitatione
728 560 843 585 naturae
864 560 990 590 creatae,

150 609 232 638 quam
255 601 353 639 'anima
382 601 482 630 Christi
510 610 564 630 non
595 602 699 639 perdit,
721 603 785 640 quia
817 612 870 631 non
891 603 990 631 desinit

150 655 210 676 esse
231 651 372 682 creatura3
394 651 421 676 et
442 649 507 685 quia
528 649 633 677 infinita
653 650 886 686 comprehendere
908 658 989 686 repu-

149 697 214 731 gnat
236 694 387 723 limitationi
409 698 565 723 creaturae:
589 696 651 724 hinc
666 699 722 730 est,
737 696 810 733 qnod
825 704 878 724 non
902 699 990 732 potest

149 740 243 769 inferri
266 748 301 769 ex
330 741 431 769 unione
462 742 519 775 illa,
540 745 795 779 cpiantumcumqu(¹
824 742 990 779 intelligatur

150 787 280 824 perfecta.

229 834 254 861 6.
277 834 314 862 Ad
336 834 402 862 illud
424 835 497 872 quod
517 835 661 869 obiicitur,
683 835 756 872 quod
778 836 868 864 anima
889 835 989 864 Christi

150 880 233 909 simul
264 881 401 917 cognoscit
432 881 533 915 multa,
555 881 620 918 quia
651 882 788 918 cognoscit
816 889 885 915 uno,
917 882 990 918 quod

149 927 209 964 pari
231 927 335 955 ratione
366 927 463 956 debeat
492 936 655 964 cognoscere
684 928 803 961 inlinita;
828 928 988 962 dicendum,

149 973 224 1011 quod
246 982 299 1002 non
320 977 361 1002 est
381 974 483 1003 simile:
506 975 571 1012 quia
593 975 739 1003 multitudo
767 982 830 1003 cum
852 975 989 1003 simultate

151 1028 204 1048 non
227 1024 361 1057 repugnat
390 1021 540 1049 limitationi
572 1025 730 1055 creaturae,
752 1021 871 1049 infinitas
897 1024 989 1049 autem

150 1074 213 1095 cum
235 1067 391 1096 actualitate
412 1071 438 1096 et
459 1068 597 1097 simultate
617 1068 770 1096 omnimode
792 1070 942 1104 repugnat;
963 1070 990 1096 et

149 1113 209 1142 ideo
237 1122 290 1142 non
319 1117 359 1143 est
390 1117 583 1151 argumentum
611 1123 630 1142 a
657 1114 763 1148 simili,
789 1113 835 1143 sed
865 1121 881 1141 a
912 1114 989 1142 valde

147 1160 280 1189 dissimili.

230 1209 255 1235 7.
278 1208 314 1236 Ad
336 1208 402 1236 illud
422 1208 496 1245 quod
516 1207 660 1242 obiicitur,
675 1207 749 1244 quod
767 1204 886 1236 Verbum
902 1210 990 1236 aeter-

148 1262 217 1283 num
240 1254 390 1291 aequaliter
412 1257 613 1291 repraesentat;
635 1254 686 1283 dici
702 1257 804 1291 potest,
826 1254 900 1291 quod
923 1253 989 1282 illud

15 1313 62 1336 Quia
73 1313 138 1333 mm.
151 1299 238 1330 habet
255 1301 413 1335 falsitatem,
435 1296 737 1338 quia'repraesemare
756 1300 822 1329 dicit
841 1303 933 1329 actum
956 1300 990 1329 ad

9 1338 136 1360 praesentare.

22 1592 65 1611 Atia
78 1592 134 1612 latio.

15 2247 130 2267 Notandum.

149 1348 280 1382 alterum;
303 1348 375 1376 Deus
397 1351 504 1382 autem,
525 1351 575 1377 ets1
596 1348 623 1376 in
639 1356 667 1376 se
682 1347 826 1376 uniformis
840 1347 883 1381 sit,
899 1350 989 1375 tamen

146 1392 353 1423 multiformiter
374 1395 493 1424 illustrat
513 1398 540 1423 et
560 1394 729 1428 manifestam
751 1396 777 1423 et
799 1402 862 1422 cum
884 1393 990 1422 infinita

148 1444 307 1479 cognoscat,
329 1441 462 1478 quaedam
484 1449 519 1470 ex
541 1441 580 1469 eis
600 1440 734 1477 approbat
754 1443 781 1469 et
795 1440 929 1477 quaedam
945 1448 988 1469 re-

147 1489 261 1525 probat,
283 1488 416 1525 quaedam
436 1487 554 1524 disponit
575 1487 676 1521 facere,
696 1487 830 1524 quaedam
851 1495 917 1515 vero
937 1487 988 1515 mi-

147 1536 233 1569 nime,
255 1535 387 1572 quaedam
410 1534 562 1563 voluntarie
576 1533 709 1568 ostendit,
724 1534 857 1571 quaedam
872 1534 987 1563 occulte.

148 1598 184 1602 —
207 1582 363 1615 Praeterea,
385 1583 442 1609 esto
462 1580 537 1617 quod
557 1583 691 1618 quantum
712 1584 753 1609 est
773 1581 806 1609 de
828 1588 869 1615 se,
884 1581 988 1610 unifor-

145 1627 227 1656 miter
247 1627 337 1656 omnia
357 1630 517 1664 cognoscat,
542 1627 633 1656 adhuc
665 1627 735 1656 ratio
759 1636 812 1656 non
834 1627 987 1662 concludit,

146 1676 212 1712 quia
238 1683 342 1709 «omne
363 1678 504 1712 receptum
525 1678 566 1704 est
586 1675 614 1703 in
636 1675 784 1712 recipiente
805 1683 854 1712 per
875 1675 986 1704 modum

147 1722 302 1759 recipientis
329 1725 356 1751 et
380 1730 434 1750 non
462 1729 512 1758 per
538 1721 651 1750 modum
679 1721 841 1759 recepti¹»;
863 1725 890 1750 et
912 1722 986 1756 ideo,

146 1776 209 1797 cum
231 1768 320 1797 virtus
340 1768 386 1796 illa
400 1768 510 1804 capiens
523 1767 600 1796 finita
613 1768 663 1802 sit,
685 1768 850 1808 impossibile
864 1771 920 1801 est,
936 1768 985 1796 etsi

145 1818 233 1844 totum
255 1815 304 1843 sibi
320 1814 395 1843 ultro
409 1814 549 1848 offeratur,
564 1814 637 1851 quod
652 1817 740 1843 totum
755 1815 843 1851 capiat
863 1818 890 1843 ct
912 1822 986 1842 com-

146 1861 313 1899 prehendat,
335 1861 381 1890 sed
402 1860 554 1889 secundum
575 1861 649 1898 quod
669 1862 799 1898 competit
826 1861 892 1894 sibi;
915 1860 986 1889 sicut

145 1908 275 1945 exemplo
305 1910 434 1944 apparet,
455 1906 477 1936 si
499 1909 573 1936 totus
603 1908 751 1944 Sequana2
771 1908 852 1936 offert
873 1915 901 1936 se
922 1907 986 1935 affe-

145 1954 216 1983 renti
243 1951 421 1991 amphoram,
442 1961 497 1982 non
520 1956 610 1982 tamen
631 1956 705 1982 totus
726 1953 984 1991 comprehenditur,

145 2001 192 2030 sed
212 2003 350 2038 quantum
371 2002 397 2029 et
418 1999 555 2037 quomodo
569 1999 705 2036 capacitas
725 2000 873 2036 amphorae
887 2007 916 2028 se
936 2007 985 2028 ex-

144 2046 238 2076 tendit.

222 2094 248 2122 8.
270 2093 308 2122 Ad
329 2093 397 2122 illud
417 2093 492 2130 quod
511 2093 655 2127 obiicitur,
677 2093 751 2130 quod
781 2093 918 2130 potentior
944 2096 985 2122 est

143 2141 234 2170 anima
254 2140 354 2169 Christi
369 2139 403 2168 ad
417 2139 634 2176 cognoscendum
656 2147 705 2176 per
719 2139 840 2168 Verbum
858 2140 909 2168 sibi
923 2140 984 2168 uni-
998 2163 1005 2169 .

142 2191 211 2223 tum,
223 2195 306 2226 quam
316 2186 409 2224 aliqua
422 2186 492 2214 alia³
503 2185 593 2214 anima
606 2193 656 2222 per
670 2185 794 2214 habitum
809 2186 859 2215 sibi
873 2186 983 2221 datum;

143 2235 305 2269 dicendum,
327 2234 400 2272 quod
422 2241 518 2262 verum
538 2234 595 2267 est,
616 2232 663 2261 sed
683 2240 719 2261 ex
741 2232 792 2261 hoc
817 2240 871 2261 non
893 2234 983 2270 sequi-

144 2285 207 2316 tur,
229 2280 325 2319 quodsi
347 2281 438 2310 anima
457 2278 662 2317 comprehendit
681 2279 787 2313 omnia,
808 2279 842 2308 ad
862 2287 933 2316 quae
954 2287 983 2308 se

145 2328 269 2357 extendit
289 2328 415 2362 habitus,
436 2326 510 2364 quod
529 2329 642 2363 propter
663 2325 714 2354 hoc
734 2329 879 2363 cognoscat
892 2325 982 2354 anima

144 2374 245 2404 Christi
266 2374 372 2409 omnia,
395 2381 466 2411 quae
486 2372 623 2410 cognoscit
654 2380 703 2409 per
733 2372 823 2410 ipsum
845 2372 981 2401 Verbum:

144 2422 211 2460 quia
230 2421 321 2451 anima
353 2420 559 2458 comprehendit
589 2419 679 2456 ipsum
707 2419 831 2449 habitum
852 2422 982 2457 tanquam

145 2468 196 2498 sibi
216 2468 448 2506 proportionalem
474 2470 501 2496 et
531 2466 559 2495 in
589 2466 665 2495 nullo
695 2466 872 2500 excedentem
896 2466 982 2504 ipsius

145 2515 336 2552 eapacitatem;
359 2523 413 2543 non
427 2515 466 2544 sic
479 2514 569 2543 anima
582 2513 683 2542 Christi
696 2513 901 2550 comprehendit
915 2514 981 2549 Ver-

145 2561 212 2591 bum
232 2561 290 2590 siii
304 2561 431 2595 unitum,
452 2568 516 2590 cum
536 2560 596 2589 eius
622 2560 799 2596 capacitatem
819 2560 934 2589 excedat
954 2560 982 2588 in

145 2608 292 2637 infinitum.

224 2655 250 2683 9.
273 2654 311 2683 Ad
330 2654 399 2683 illud
419 2654 493 2692 quod
513 2653 656 2688 obiicitur,
677 2653 752 2690 quod
776 2656 863 2682 totum
884 2661 982 2691 cogno-

148 2702 214 2736 scit,
235 2709 301 2739 ergo
331 2703 414 2729 totam
446 2700 609 2738 potentiam;
630 2699 791 2734 dicendum,
811 2700 884 2737 quod
913 2700 982 2729 ratio

208 2893 217 2907 ¹
233 2894 281 2917 Hoc
292 2893 507 2917 communissimum
519 2893 711 2916 scholasticorum
722 2893 811 2915 axioma
819 2899 846 2916 ex
854 2894 979 2921 Aristotele,

146 2934 171 2956 ΙΙ.
179 2933 208 2956 de
217 2934 292 2956 anima
305 2936 357 2956 text.
368 2933 405 2956 24.
418 2932 448 2961 (c.
459 2932 498 2961 2.),
511 2931 617 2954 soi-mavit
627 2931 741 2959 Boeotius,
753 2931 795 2954 sed
805 2931 882 2955 vei-bis
894 2933 980 2961 aliqua-

144 2974 212 3005 tenus
224 2972 320 2995 diversis
325 2981 332 3000 ;
343 2972 373 2995 de
384 2978 431 3001 quo
443 2972 484 3000 cfr.
494 2973 550 2993 tom.
561 2971 585 2994 ss.
596 2977 651 3000 pag.
663 2970 715 2998 361,
726 2972 779 2993 nota
792 2971 813 2993 3.

240 3018 267 3043 S.
283 3019 373 3043 Bonae.
387 3030 419 3035 —
436 3018 503 3040 Tom.
519 3017 548 3040 V.

1046 370 1096 398 die
1118 370 1304 406 perfectionis;
1336 370 1438 399 dictum
1466 375 1556 400 autem
1588 373 1621 400 de
1649 373 1791 409 potencia,

1047 416 1166 453 potentia
1199 416 1264 445 dicit
1298 418 1527 454 comparationem
1562 419 1593 447 ad
1629 420 1781 455 possibilia,
1819 420 1883 448 dicit

1045 463 1265 491 distributionem
1293 467 1418 500 respectu
1449 465 1571 493 omnium
1593 466 1777 502 possibilium;
1799 470 1825 495 et
1846 466 1884 494 sic

1048 510 1170 538 variatur
1191 510 1250 538 eius
1271 511 1407 547 acceptio,
1428 514 1454 539 et
1470 511 1528 540 ideo
1543 520 1595 540 non
1610 513 1731 549 procedit
1746 513 1815 541 ratio
1830 513 1882 541 illa.

1127 559 1169 585 10.
1192 557 1228 585 Ad
1252 557 1317 585 illud
1337 558 1410 594 quod
1437 558 1580 592 obiicitur,
1602 559 1674 595 quod
1701 559 1880 596 propinquior

1046 607 1086 631 est
1107 604 1197 632 anima
1218 604 1318 632 Christi
1341 604 1405 640 ipsis
1426 605 1524 638 rebus,
1546 608 1629 641 prout
1643 609 1707 634 sunt
1728 606 1754 633 in
1776 606 1880 640 Verbo,

1046 658 1128 687 quam
1151 654 1232 687 prout
1253 654 1317 679 sunt
1340 651 1364 679 in
1387 651 1498 688 proprio
1512 659 1626 688 genere;
1640 652 1794 686 dicendum,
1809 652 1881 689 qnod

1047 698 1107 726 licet
1129 697 1163 726 sit
1186 698 1380 735 propinquior,
1402 707 1453 726 non
1476 702 1566 727 tamen
1584 702 1625 727 est
1646 699 1881 735 proportionalior.

1046 744 1258 781 Comprehensio
1279 748 1369 773 autem
1392 745 1483 782 aliquo
1504 745 1583 773 modo
1611 746 1712 773 claudit
1740 746 1766 773 in
1788 754 1816 774 se
1841 754 1883 773 ra-

1047 791 1146 819 tionem
1170 792 1444 828 proportionalitatis,
1466 796 1493 821 et
1514 791 1586 828 quod
1609 792 1716 820 finitum
1738 792 1772 821 sit
1792 792 1882 828 cogni-

1047 840 1104 865 tum
1126 838 1313 875 cognoscenti;
1339 842 1365 866 et
1398 838 1471 871 ideo,
1493 838 1558 875 quia
1590 838 1615 866 in
1643 839 1755 875 proprio
1784 846 1883 875 genere

1047 884 1137 912 finitae
1159 888 1223 913 sunt
1243 888 1270 913 et
1291 885 1507 921 proportionales
1528 885 1563 913 illi
1586 885 1706 919 animae,
1728 885 1787 914 ideo
1811 893 1884 913 com-

1046 931 1242 966 prehensibiles
1263 935 1342 966 sunt,
1365 940 1418 960 nou
1448 935 1539 961 autem
1571 935 1653 968 prout
1678 935 1742 961 sunt
1762 932 1789 960 in
1812 932 1883 960 iltius

1045 976 1112 1004 artis
1135 977 1329 1011 immensitate,
1350 978 1401 1006 nisi
1430 978 1499 1007 forte
1527 978 1709 1016 intelligatur,
1730 978 1880 1007 secundum

1045 1023 1118 1059 quod
1140 1027 1204 1051 sunt
1226 1024 1251 1052 in
1275 1025 1332 1061 ipsa
1353 1028 1481 1061 tanquam
1502 1025 1528 1053 in
1550 1026 1700 1062 exemplari
1721 1024 1836 1062 factive.
1854 1025 1883 1053 Et

1047 1069 1097 1097 hoc
1112 1069 1192 1097 modo
1206 1070 1316 1098 concedi
1331 1074 1433 1107 potest,
1448 1071 1520 1107 ipsas
1534 1072 1727 1108 comprehendi
1742 1072 1776 1099 ab
1794 1071 1883 1099 anima

1045 1114 1161 1148 Christi,
1182 1116 1235 1143 alio
1256 1124 1321 1145 vero
1346 1117 1425 1145 modo
1450 1125 1519 1150 non,
1542 1120 1653 1153 propter
1675 1117 1881 1145 immensitatem

1046 1164 1072 1189 et
1094 1161 1420 1198 improportionalitatem.

1124 1210 1166 1236 ll.
1189 1208 1225 1236 Ad
1248 1209 1313 1237 illud
1335 1208 1409 1245 quod
1429 1209 1572 1242 obiicitur,
1593 1209 1667 1246 quod
1681 1217 1768 1246 aeque
1782 1209 1882 1246 impos-

1046 1255 1123 1284 sibile
1153 1258 1194 1287 est
1224 1255 1407 1292 contingentia
1437 1255 1664 1284 certitudinaliter
1695 1256 1780 1290 scire,
1812 1256 1882 1285 sicut

1044 1305 1071 1330 et
1092 1301 1198 1330 infinita
1218 1302 1464 1339 comprehendere3
1485 1301 1645 1337 dicendum,
1660 1303 1734 1340 quod
1748 1303 1815 1331 illud
1829 1311 1882 1331 nou
1897 1311 2009 1331 Notandum.

1046 1348 1127 1376 habet
1148 1348 1306 1377 veritatem:
1328 1348 1407 1385 quia,
1429 1348 1490 1377 licet
1520 1349 1713 1386 continyemia
1734 1349 1882 1378 certitudi-

1043 1394 1148 1423 naliter
1168 1403 1334 1432 coynoscere
1355 1395 1389 1423 sit
1421 1395 1586 1432 impossibile
1607 1396 1759 1424 secundum
1790 1396 1881 1433 cogni-

1044 1441 1143 1470 tionem
1159 1445 1287 1475 naturae;
1303 1441 1333 1470 fit
1348 1445 1437 1470 tamen
1452 1442 1579 1478 possibile
1594 1442 1745 1471 secundum
1760 1443 1881 1472 illustra-

1044 1488 1250 1525 tionemsupra
1271 1491 1411 1522 naturam,
1433 1496 1504 1525 quae
1524 1484 1611 1517 elevat
1633 1489 1751 1518 animam
1772 1490 1805 1518 ad
1837 1498 1882 1518 co-

1043 1535 1228 1572 gnoscendum
1253 1538 1297 1563 res
1318 1535 1343 1563 in
1364 1538 1423 1564 arte
1443 1538 1569 1569 aeterna,
1592 1535 1619 1564 in
1633 1543 1688 1572 qua
1702 1536 1882 1565 incommuta—

1044 1582 1133 1610 biliter
1164 1584 1228 1610 sunt
1250 1584 1304 1610 tam
1325 1581 1508 1618 contingentia
1537 1589 1621 1618 quam
1642 1582 1809 1617 necessaria;
1834 1582 1881 1611 sed

1043 1627 1277 1666 comprehendere
1297 1632 1364 1657 actii
1379 1628 1496 1665 infinita
1516 1636 1571 1657 non
1593 1632 1698 1658 tantum
1719 1632 1761 1658 est
1781 1630 1882 1667 impos-

1043 1675 1120 1704 sibile
1148 1675 1300 1712 cognitione
1330 1675 1463 1709 naturali,
1496 1683 1592 1706 verum
1620 1676 1702 1704 etiam
1728 1676 1881 1714 cognitione

1042 1721 1177 1758 gratuita,
1199 1730 1249 1758 pro
1269 1730 1302 1750 eo
1322 1722 1395 1758 quod
1416 1724 1534 1758 utraque
1554 1725 1595 1751 est
1609 1725 1701 1754 creata
1713 1725 1739 1751 et
1754 1723 1880 1758 limitata,

1041 1776 1072 1797 ac
1094 1776 1142 1805 per
1165 1768 1214 1796 hoc
1236 1776 1288 1796 non
1310 1776 1339 1796 se
1359 1768 1482 1798 extendit
1503 1768 1537 1797 ad
1557 1771 1621 1797 actu
1643 1769 1755 1798 infinita.

1122 1816 1164 1843 12.
1187 1814 1223 1842 Ad
1245 1814 1311 1843 illud
1341 1814 1415 1851 quod
1447 1814 1575 1843 obiicitur
1608 1815 1642 1844 de
1675 1816 1876 1853 comparatione

1041 1864 1211 1890 secretorum
1231 1864 1258 1890 et
1279 1861 1465 1895 infinitorum,
1486 1861 1646 1895 dicendum,
1668 1862 1742 1899 quod
1762 1871 1817 1891 non
1838 1866 1879 1891 est

1041 1908 1143 1942 simile,
1164 1908 1234 1937 sicut
1254 1916 1291 1937 ex
1311 1908 1390 1937 dictis
1420 1911 1508 1944 patet:
1535 1908 1601 1945 quia
1621 1909 1760 1946 perceptio
1781 1909 1879 1938 secreti

1041 1958 1295 1992 quantumcumque
1309 1954 1407 1983 occulti
1423 1963 1476 1983 non
1494 1954 1559 1984 dicit
1579 1955 1682 1992 aliquid
1702 1956 1879 1993 incompossi—

1041 2001 1094 2030 bile
1105 2005 1219 2030 naturae
1230 2001 1316 2038 ipsius
1326 2001 1480 2030 intellectus
1490 2001 1582 2030 creati.
1595 2001 1650 2030 Non
1662 2001 1700 2030 sic
1711 2005 1752 2031 est
1762 2002 1796 2031 de
1806 2010 1878 2031 com-

1041 2048 1221 2085 prehensione
1243 2048 1355 2082 infiniti,
1369 2056 1440 2085 quae
1454 2048 1574 2085 implicat
1588 2048 1748 2077 infinitatem
1763 2049 1790 2077 in
1804 2052 1877 2084 actu,

1040 2098 1067 2124 et
1088 2102 1137 2132 per
1157 2095 1209 2123 hoc
1230 2094 1255 2123 in
1278 2095 1429 2123 substantia
1449 2098 1476 2123 et
1491 2095 1604 2129 virtute;
1610 2095 1693 2132 quod
1706 2095 1782 2124 nullo
1796 2096 1878 2124 modo

1040 2141 1158 2170 admittit
1187 2141 1279 2179 aliqua
1308 2144 1450 2176 creatura,
1472 2149 1521 2170 nec
1542 2149 1591 2178 per
1618 2141 1733 2178 gratiam
1753 2149 1803 2170 nec
1827 2150 1876 2179 per

1040 2188 1165 2224 gloriam.

1110 2234 1162 2263 ..13
1184 2235 1222 2263 Ad
1236 2235 1303 2263 illud
1317 2234 1391 2272 quod
1404 2234 1548 2269 obiicitur,
1563 2221 1636 2272 quod
1650 2234 1790 2272 quodlibet
1803 2242 1876 2264 com-

1038 2272 1205 2318 prehensum
1220 2284 1261 2310 est
1275 2281 1519 2318 comprehensibile
1532 2289 1549 2309 a
1562 2284 1703 2315 creatura;
1717 2281 1875 2315 dicendum,

1037 2326 1110 2364 quod
1133 2326 1193 2356 licet
1214 2327 1369 2364 singillatim
1389 2328 1423 2356 de
1445 2327 1566 2364 qualibet
1587 2335 1616 2355 re
1637 2327 1722 2364 possit
1747 2327 1873 2361 concedi,

1037 2373 1110 2411 quod
1131 2373 1166 2403 sit
1185 2374 1437 2410 comprehensibilis
1457 2382 1473 2402 a
1493 2377 1635 2407 creatura,
1650 2373 1715 2410 quia
1736 2373 1873 2410 quaelibet

1036 2423 1078 2449 est
1097 2420 1187 2454 finita:
1207 2428 1302 2449 omnes
1332 2424 1422 2449 tamen
1454 2420 1564 2449 insimul
1596 2422 1659 2448 sunt
1682 2418 1818 2453 infinitae,
1846 2422 1873 2448 et

1037 2466 1096 2495 ideo
1117 2467 1410 2503 incomprehensibiles.
1434 2467 1464 2495 Et
1485 2466 1544 2494 ideo
1565 2465 1634 2494 ratio
1655 2465 1700 2493 illa
1730 2473 1784 2494 non
1809 2473 1872 2502 pro-

1036 2513 1120 2548 cedit,
1141 2521 1192 2550 pro
1221 2521 1253 2542 eo
1283 2513 1357 2550 quod
1388 2512 1545 2550 proceditur
1575 2520 1591 2540 a
1618 2512 1743 2549 partibus
1763 2511 1888 2544 divisim,

1036 2555 1133 2589 sumtis
1162 2559 1196 2588 ad
1225 2559 1348 2594 easdem,
1370 2562 1401 2588 ut
1428 2559 1594 2596 colliguntur
1622 2558 1650 2587 in
1677 2566 1772 2587 unum.
1794 2559 1883 2595 Unde¹

1035 2607 1106 2635 sicut
1126 2614 1180 2635 non
1201 2606 1272 2635 valet
1292 2606 1360 2635 illud
1382 2609 1591 2643 argumentum:
1606 2598 1704 2634 donlus
1718 2605 1769 2634 ista
1782 2608 1871 2642 potest

1036 2661 1133 2691 capere
1153 2653 1303 2691 quemlibet
1323 2653 1461 2683 hominem
1488 2661 1538 2690 per
1568 2660 1612 2691 se,
1632 2660 1698 2690 ergo
1718 2655 1806 2689 potest
1826 2660 1870 2681 ca-

1037 2707 1101 2737 pere
1121 2695 1215 2729 omnes
1236 2700 1375 2735 homines;
1397 2700 1434 2729 sic
1456 2707 1505 2729 nec
1526 2699 1592 2728 illud
1613 2699 1691 2727 valet.

1097 2891 1107 2905 ⁹
1122 2893 1216 2915 Fluvius
1232 2893 1329 2920 Galliae,
1345 2893 1384 2921 qui
1401 2893 1473 2920 vulgo
1490 2891 1571 2914 dicitur
1588 2890 1612 2913 la
1628 2890 1708 2919 Sezssne
1729 2890 1797 2936 codd.
1814 2890 1866 2912 scri-

1036 2932 1092 2955 bunt
1108 2938 1202 2961 secane,
1219 2933 1255 2955 vel
1271 2938 1367 2960 semma,
1384 2932 1421 2954 vel
1437 2931 1521 2961 feceva.

1096 2968 1105 2982 ³
1122 2971 1153 2993 Ex
1169 2971 1185 2993 F
1202 2971 1327 2993 adiecimus
1343 2969 1400 2994 alia.
1759 2997 1772 3018 6

1818 373 1882 409 quia
1929 407 1931 409 ι
