2285 3398
344 203 387 231 XL
1031 198 1272 227 PROLEGOMENA
1294 198 1322 226 C.
1344 198 1397 226 Vll.

345 281 386 302 col.
408 279 448 308 l.)‚
465 282 487 301 et
504 279 599 308 quidem
616 277 706 301 disertis
722 276 801 300 verbis
811 276 843 299 ibi
855 277 1028 299 Bonaventurae
1045 276 1188 299 tribuebatur

347 327 395 356 (cfr.
415 326 443 349 de
462 327 504 348 hoc
521 325 589 347 valde
606 324 701 353 antiqno
718 324 798 347 codice
814 324 871 345 infra
888 329 909 346 e.
925 324 971 346 Vll.
988 323 1001 351 g
1018 324 1058 352 2.).

704 417 766 439 cir.
783 417 829 439 vll.

390 505 421 535 In
441 503 601 534 collationes
621 502 655 532 de
675 502 780 541 septem
800 501 878 532 donis
897 500 1019 540 Spiritus
1039 500 1139 531 sancti.

409 609 420 635 ‚j
442 608 459 628 l.
476 605 550 628 Primo
567 603 678 634 agentium
694 603 730 627 est
746 603 773 626 tie
783 602 876 634 quodem
891 601 949 626 libro
961 601 1018 625 idem
1030 601 1190 631 argumentum

344 653 474 683 tractante,
491 652 529 683 qui
546 651 605 675 false
620 650 725 675 tributas
735 650 771 674 est
781 649 963 673 Beneventano.
975 650 1040 671 —ln
1058 648 1190 671 collectione

345 701 509 730 opusculorum
535 699 657 727 Argentina
674 686 789 721 ansii‘M
806 697 881 725 primo
905 696 989 724 prodiit
1006 696 1144 724 opusculum
1168 695 1189 716 in

345 749 484 777 posteriores
500 747 643 770 collectiones
659 745 813 769 communiter
825 747 943 772 receptum
952 763 957 773 ,
969 744 1033 773 quod
1047 743 1189 766 inscribitur:

346 797 373 820 de
388 796 482 826 Septem
504 794 576 818 Bonis
601 793 706 823 Spiritus
728 792 753 816 S.
775 795 798 815 et
822 792 913 820 incipit:
931 790 1006 814 Omne.
1027 790 1111 814 datum
1132 790 1191 819 opti-

346 851 420 868 mum.
437 844 553 866 Editiones
570 843 619 865 iliae
635 844 657 864 et
675 841 748 870 (quod
764 846 820 863 sane
836 840 987 869 mirandum)
1005 839 1074 862 etiam
1091 839 1191 861 editores

346 891 427 915 Veneti
443 891 497 913 illud
509 890 648 918 opusculum
659 888 786 911 attribuunt
798 888 820 909 S.
832 887 1006 909 Beneventurae
1014 904 1019 914 ,
1031 886 1122 909 Oudino
1134 891 1194 907 vero

347 943 380 962 est
401 938 508 962 dubium.
531 938 575 960 Sed
601 936 709 959 Sbaralea
735 936 865 964 (supplem.
889 940 943 963 pag.
962 934 1005 956 157
1030 940 1078 963 seq.
1095 936 1118 956 et
1135 933 1190 961 641)

347 993 373 1009 ac
390 985 473 1008 Bonelli
491 985 620 1014 (i’rodrom.
637 983 678 1006 col.
705 983 750 1005 693
767 987 789 1005 et
805 982 861 1012 706)
879 984 941 1004 recte
958 981 1050 1009 dicunt,
1067 980 1123 1003 iilud
1140 986 1191 1003 esse

347 1036 409 1056 certo
425 1031 537 1062 spurium
553 1034 575 1054 et
592 1030 677 1053 habere
693 1029 793 1052 eundem
811 1031 928 1051 auctorem
945 1034 999 1051 cum
1011 1028 1055 1050 aiio
1071 1027 1191 1055 opusculo,

346 1080 410 1109 quod
427 1079 568 1102 inscribitur:
594 1077 621 1100 de
643 1076 736 1106 Septem
758 1075 884 1099 Itineribus
906 1074 1065 1101 aeternitatis,
1088 1074 1129 1103 qui
1151 1074 1192 1096 tuit

348 1127 388 1149 Fr.
405 1125 540 1155 Rodolpttns
560 1123 587 1147 de
606 1123 705 1146 Bibraco
723 1123 772 1145 sive
797 1122 908 1145 Biberaco
931 1121 1038 1149 (Bibaco,
1056 1120 1189 1149 Biberach),

348 1173 436 1202 oppido
453 1173 555 1202 quodam
578 1172 654 1194 ticino
676 1171 761 1193 civitati
778 1171 842 1197 Uim,
859 1170 918 1192 iliius
940 1169 1074 1192 Provinciae
1096 1170 1191 1191 fratrum

348 1221 459 1243 Minorum
476 1220 623 1248 Argentiuae.
640 1219 680 1241 iiic
705 1218 809 1240 floruisse
833 1217 916 1240 dicitur
938 1217 998 1240 circa
1015 1222 1101 1239 annum
1125 1216 1192 1238 1360.

349 1269 420 1291 Etiam
438 1268 544 1290 Oudiuus
560 1270 582 1289 et
599 1266 680 1289 Veneti
697 1266 796 1289 editores
812 1265 962 1292 confitentur,
974 1265 1071 1287 alterum
1088 1263 1192 1286 eiusdem

349 1322 413 1344 opus«
433 1315 487 1337 falso
512 1314 686 1336 Bonaventni·ae
709 1312 810 1335 attribui.
835 1311 881 1334 Sed
905 1313 985 1333 auctor
1002 1310 1106 1338 opusculi
1124 1309 1192 1338 primi

350 1363 398 1385 sive
415 1362 444 1385 de
461 1362 554 1389 Septem
572 1360 642 1383 Donis
654 1366 673 1382 c.
691 1360 713 1382 3.
728 1359 811 1387 aliegat
823 1361 847 1381 ut
858 1364 927 1381 suum
939 1364 999 1386 opus
1015 1357 1160 1385 praedictum
1171 1357 1193 1379 ii-

350 1410 418 1432 brum
436 1409 464 1432 de
490 1409 582 1436 Septem
607 1406 726 1430 itineribus
750 1405 889 1429 aeternitatis
913 1405 949 1428 his
973 1404 1062 1427 verbis:
1082 1404 1138 1426 «De
1159 1404 1194 1426 his

350 1455 455 1479 sensibus
471 1454 627 1483 spiritualibus
648 1453 737 1482 plenius
761 1453 844 1475 dicitur
861 1453 882 1474 in
908 1454 1004 1475 tractatu
1027 1452 1056 1474 de
1072 1450 1193 1473 itineribus

350 1503 489 1526 aeternitatis
505 1509 524 1524 c.
542 1502 555 1523 ὃ
566 1511 588 1523 n.
604 1513 635 1518 —
652 1501 770 1523 Praeterea
787 1500 857 1522 iidem
874 1501 1006 1527 opponunt,
1023 1498 1087 1527 quod
1103 1504 1145 1520 nec
1157 1497 1193 1519 sti-

351 1551 385 1573 lus
401 1549 522 1572 conveniat
539 1549 713 1570 Bonaveuturae
724 1553 765 1569 nec
773 1565 778 1574 ,
790 1549 815 1569 nt
825 1546 881 1568 dicit
893 1545 988 1572 Bonelli,
1000 1544 1102 1567 doctrina
1114 1544 1193 1573 quoad

350 1598 456 1620 timorem
472 1595 588 1619 servilem.
606 1595 662 1617 Nam
680 1595 716 1616 ille
732 1596 811 1616 auctor
828 1593 857 1621 (c.
871 1592 900 1621 l.)
913 1595 994 1620 negat,
1006 1592 1075 1614 istum
1087 1591 1194 1613 timorem

352 1650 401 1666 esse
417 1644 505 1666 donum
522 1642 620 1670 Spiritus
637 1642 667 1669 S„
684 1641 740 1663 dum
758 1641 780 1662 S.
799 1641 960 1662 Bonaventura
978 1638 1020 1667 (lll.
1037 1639 1099 1661 Sent.
1116 1638 1139 1660 d.
1157 1637 1195 1659 34.

352 1697 374 1718 p.
387 1691 410 1713 ll.
422 1696 442 1712 a.
458 1690 477 1712 1.
488 1696 511 1718 q.
525 1690 554 1717 i.)
568 1689 646 1711 docet:
662 1696 673 1708 ει
683 1687 776 1716 Absque
788 1687 859 1709 dubio
875 1687 943 1709 timor
954 1686 1044 1708 servilis
1059 1688 1093 1707 est
1108 1685 1195 1707 donum

352 1738 450 1766 Spiritus
473 1736 575 1759 sancti».
594 1736 687 1763 insuper
709 1737 804 1762 urgent,
826 1733 891 1763 quod
913 1733 979 1755 citata
1004 1735 1079 1754 sumta
1105 1732 1149 1754 sint
1166 1737 1193 1754 ex

352 1783 503 1812 scriptoribus
519 1783 691 1805 Bonaventurae
707 1781 812 1807 coaevis,
829 1787 853 1803 v.
870 1787 894 1808 g.
909 1786 936 1803 ex
948 1780 1032 1802 abbate
1045 1779 1196 1805 Verceilensi,

353 1838 378 1854 ex
395 1830 544 1853 Lincoiniensi
557 1833 579 1852 et
590 1836 616 1852 ex
629 1829 679 1857 ipso
695 1830 754 1851 loan.
772 1829 897 1855 i‘echamo,
915 1828 1027 1855 discipulo
1045 1827 1066 1849 S.
1080 1826 1196 1854 Doctoris‚

353 1885 423 1908 quem
446 1879 481 1900 ille
512 1878 592 1900 citasse
618 1877 708 1899 videtur
733 1876 777 1898 sub
801 1876 894 1898 nornine
919 1874 1098 1898 Gantuartensis
1125 1879 1195 1902 super

354 1926 453 1950 Cantica.

415 1973 566 1995 Confirmatur
585 1973 627 1993 hoc
646 1971 756 1993 iudicium
773 1976 785 1991 a
804 1970 827 1992 P.
844 1970 920 1992 Fidele
936 1975 949 1991 a
967 1970 1054 1996 Fanna,
1067 1969 1106 1997 qui
1124 1970 1149 1991 l8
1162 1975 1197 1990 co-

355 2021 417 2043 dices
438 2020 495 2041 vidit
506 2023 527 2041 et
539 2018 666 2044 annotavit,
679 2023 779 2046 quorum
791 2016 864 2038 nulius
876 2019 928 2038 ante
940 2015 1042 2038 medium
1055 2020 1115 2037 saec.
1137 2015 1197 2037 XlV.

356 2067 453 2094 scriptus
470 2068 515 2091 est,
532 2068 553 2087 et
571 2067 656 2086 mutum
675 2070 712 2085 sex
731 2063 767 2085 ilio
789 2063 880 2085 saeculo
903 2064 955 2089 post
978 2062 1093 2088 medium,
1114 2061 1195 2090 reliqui

355 2113 444 2135 sacculo
462 2112 512 2134 XV.
529 2111 614 2133 Omnes
632 2111 651 2132 hi
670 2113 723 2132 sunt
739 2109 846 2137 anonymi
864 2112 952 2137 praeter
971 2112 1023 2131 tres.
1042 2109 1128 2130 Horum
1142 2109 1198 2130 anti-

356 2160 422 2188 quior
438 2158 551 2181 invenitur
569 2158 672 2186 l’rayne,
691 2156 827 2178 bibliotheca
845 2155 1014 2181 Universitatis‚
1026 2155 1078 2177 cod.
1096 2155 1127 2181 111,
1145 2155 1197 2177 scri-

356 2210 409 2234 ptus
425 2211 461 2227 an.
482 2205 539 2227 1379
557 2210 611 2226 cum
629 2203 702 2225 titulo:
718 2203 841 2225 Tractatus
853 2201 880 2225 de
891 2204 978 2234 septem
990 2201 1057 2225 donis
1070 2202 1095 2225 S.
1107 2202 1132 2225 S.
1146 2208 1195 2224 ma-

357 2252 426 2282 nistrz'
442 2251 552 2275 lolmnmx
566 2252 591 2274 lt.
602 2250 630 2273 de
642 2249 738 2273 timaeo.
750 2262 780 2266 -
798 2250 860 2272 Alius
877 2250 961 2272 saeculi
978 2249 1029 2272 XV.
1046 2253 1080 2271 est
1103 2248 1197 2272 Wratis-

358 2299 443 2326 cat-me,
464 2298 599 2321 bibliotheca
618 2297 785 2324 Universitatis,
803 2297 854 2319 cod.
877 2298 894 2319 Ι.
911 2297 976 2319 class.
995 2296 1015 2318 4.
1033 2297 1054 2319 6.
1067 2297 1146 2323 chart„
1158 2296 1197 2325 qui

358 2347 380 2368 in
392 2347 436 2367 tine
449 2344 528 2367 habet:
548 2353 558 2364 ι(
570 2343 672 2373 &plicia
684 2344 799 2366 tractatus
813 2342 910 2365 Hubertl'
922 2341 949 2365 de
960 2344 1046 2372 septem
1059 2342 1155 2366 donisu.
1167 2354 1198 2359 ——

358 2393 445 2415 Nomen
468 2392 641 2414 Bouaventurae
663 2391 725 2413 solus
743 2390 811 2412 habet
828 2390 932 2412 eiusdem
950 2390 1033 2412 saeculi
1051 2389 1122 2412 codex
1140 2390 1201 2414 Pari-‚

360 2439 451 2465 siensis,
469 2438 606 2460 bibliotheca
624 2437 757 2464 Nationalis‚
775 2437 826 2458 cod.
848 2436 929 2459 17276.
946 2437 1025 2463 chart..
1037 2436 1077 2464 qui
1089 2436 1121 2458 sic
1131 2436 1199 2463 expli

359 2487 399 2508 cit:
420 2485 543 2508 Tractatus
566 2483 640 2507 editus
662 2490 677 2506 a
698 2483 775 2512 fratre
796 2484 963 2506 Bomicentura
985 2482 1075 2505 ordinis
1092 2482 1198 2512 fratrum

363 2534 491 2556 tainorum.

422 2580 499 2602 obiter
520 2582 638 2605 notamuS,
662 2578 726 2607 quod
750 2578 866 2605 Berotini,
892 2578 1026 2600 bibliotheca
1052 2578 1134 2605 Regia,
1160 2578 1199 2600 Ms.

362 2629 439 2648 tierni.
460 2626 508 2648 164.
527 2626 547 2652 111
566 2625 586 2647 ιί.
603 2631 663 2647 saec.
681 2625 730 2646 XV.
747 2627 781 2646 est
798 2625 881 2651 codex,
898 2625 937 2653 qui
955 2627 1043 2652 praeter
1055 2624 1151 2646 aliorum
1163 2630 1200 2646 au-

363 2678 449 2696 omium
467 2673 575 2700 opuscula
594 2672 724 2699 germanice
736 2672 840 2694 translata
853 2671 920 2694 habet
932 2672 998 2694 etiam
1012 2672 1139 2694 versionem
1154 2673 1200 2699 plu-

363 2721 421 2742 rium
439 2720 547 2742 librorum
564 2719 713 2741 asceticorum
727 2720 749 2740 S.
761 2719 945 2744 bonaventurae,
958 2718 980 2740 in
993 2718 1068 2746 specie
1081 2718 1199 2740 cuiusdam

363 2767 481 2788 Tractatus
496 2766 524 2787 de.
536 2765 602 2787 donis
617 2765 714 2792 Spiritus
726 2765 748 2786 S.
761 2764 805 2786 Sed
817 2770 843 2786 ex
856 2763 961 2791 praefixis
973 2763 1051 2785 verbis
1063 2763 1202 2785 translatoris

364 2815 470 2841 apparet,
495 2813 554 2833 hunc
578 2814 697 2833 tractatum
724 2813 855 2838 excerptum
877 2817 927 2832 esse
952 2817 979 2832 cx
1001 2810 1071 2832 nostri
1097 2810 1200 2832 Des-ioris

364 2858 531 2881 Commentario
549 2858 570 2879 111
589 2858 620 2879 lll.
637 2857 720 2879 librum
739 2857 911 2879 Sententiarum,

427 2904 660 2928 Animadvertendum
678 2906 712 2926 est
730 2904 811 2930 etiam,
829 2904 919 2926 codices
937 2904 985 2925 illos
1002 2903 1030 2925 de
1053 2903 1118 2925 donis
1134 2903 1202 2930 Spiri-

366 2958 401 2976 tus
417 2955 439 2975 S.
453 2954 497 2974 sere
514 2958 593 2973 omnes
610 2951 703 2972 inveniri
721 2951 745 2972 in
757 2950 897 2972 bibliothecis
909 2950 1042 2972 Germaniae
1055 2953 1076 2972 et
1089 2951 1202 2977 insulae,

366 2999 465 3026 exceptis
476 3001 581 3026 quatuor,
593 2997 677 3018 scilicet
688 2997 748 3018 dicto
762 2993 902 3023 l¹artslensi;
915 2996 984 3018 altero
997 2996 1076 3024 ltaque
1085 2995 1200 3018 Cmm'lum

1245 276 1268 298 in
1277 277 1401 305 Heliandia,
1411 276 1461 298 cod.
1473 277 1524 298 283.
1536 277 1607 298 chart.
1615 282 1675 299 saec.
1684 276 1738 304 XV;
1750 276 1815 298 tertio
1827 274 1928 298 Traiecti
1936 275 1966 298 ad
1977 276 2091 301 Rhenum,

1246 323 1297 345 cod.
1319 323 1372 346 362.
1393 323 1491 345 membr.
1514 329 1574 345 saec.
1596 323 1652 350 XV;
1674 325 1757 352 quarto
1781 322 1902 350 Omnwe,
1929 321 2037 345 Canonic.
2053 323 2090 344 52.

1247 369 1344 392 membr.
1362 376 1422 392 saec.
1439 370 1498 392 XiV.
1515 370 1563 392 Hoc
1588 376 1633 392 non
1649 370 1699 392 leve
1724 369 1835 392 indicium
1861 371 1907 396 est,
1932 372 2049 392 auctorem
2068 369 2090 390 in

1246 417 1367 439 Germania
1384 417 1467 440 librum
1486 417 1554 439 istum
1572 417 1738 445 composuisse.

1309 463 1322 491 ‘g
1339 465 1360 485 2.
1377 462 1514 487 Collatiam
1531 463 1556 486 (ie
1573 463 1658 493 septem
1674 463 1737 486 (1011111
1755 462 1857 493 Spiritus
1869 462 1892 485 S.
1910 462 2022 492 genuinas
2033 469 2089 491 esne,

1246 509 1355 539 probatur
1371 509 1500 533 testimonio
1517 510 1590 540 ipsius
1607 510 1630 534 S.
1650 510 1822 533 Bonaventurae
1841 509 1865 533 et
1889 509 2034 540 antiquorum
2054 516 2091 532 oo-

1247 555 1329 578 tiicum.
1351 568 1382 573 —
1404 558 1553 585 Superssuum
1578 561 1611 580 est
1635 564 1754 580 recurrere
1775 557 1805 580 ad
1831 557 1943 580 indiculos
1970 557 2090 579 Trithemii

1247 602 1391 631 aliorumque
1407 606 1526 625 auctorum
1549 604 1633 626 saeculi
1649 604 1699 626 XV.
1722 607 1744 626 et
1760 604 1824 631 XVi,
1841 609 1941 632 quorum
1958 603 2028 632 aliqui
2045 608 2090 624 non

1247 649 1301 672 satis
1318 649 1430 677 indicant,
1448 649 1518 678 quale
1533 651 1671 677 opusculum
1688 651 1718 673 de
1734 651 1801 673 donis
1816 651 1914 679 Spiritus
1925 651 1948 673 S.
1961 650 2090 678 significari·

1247 697 1368 720 voluerint.
1382 697 1437 719 Nam
1451 697 1499 724 lpse
1511 698 1534 719 S.
1546 697 1640 725 Bonav.‚
1651 696 1728 720 Collat.
1743 698 1765 719 in
1775 697 1943 725 Hesterna-on,
1956 697 1978 719 in
1987 697 2091 719 collatAE.

1248 750 1270 767 11.
1291 745 1310 766 l.
1326 746 1348 766 et
1365 744 1387 766 3.
1404 750 1426 766 n.
1444 744 1464 772 l,
1482 743 1542 766 clare
1559 743 1644 766 indicat
1660 746 1705 766 tres
1721 745 1803 766 harum
1824 743 1973 767 Collationum
1991 746 2013 765 et
2030 749 2092 769 rem,

1248 791 1277 813 de
1292 797 1337 820 qua
1356 793 1457 813 tractant.
1474 802 1506 807 —
1522 790 1567 813 Has
1591 790 1738 818 Collationes,
1754 791 1795 813 sed
1813 797 1859 814 non
1872 791 1983 819 integras,
2001 791 2091 818 primus

1248 838 1319 861 edidit
1336 837 1421 860 Bonelli
1438 837 1568 866 (Suppiem.
1590 837 1623 859 111.
1643 837 1687 859 col.
1706 837 1750 859 418
1768 838 1851 867 seqq.).
1874 837 1935 860 idem
1962 837 2092 867 (Prodrom.

1249 886 1290 908 col.
1306 885 1362 913 740)
1380 885 1473 908 easdem
1490 885 1664 907 Bonaventurae
1681 885 1774 907 feliciter
1787 884 1921 906 vindicavit.
1939 884 1973 907 Ad
1989 884 2092 906 edendas

1248 939 1287 955 eas
1304 939 1359 955 usus
1371 936 1405 955 est
1416 932 1553 960 exemplari,
1570 932 1633 961 quod
1650 932 1672 956 ei
1688 932 1919 955 communicaverunt
1935 933 1975 954 ΡΙ).
1990 931 2092 954 Conven-

1249 980 1320 1002 tuales
1333 980 1390 1002 sacri
1402 979 1534 1002 Conventus
1544 979 1684 1006 Assistensls,
1701 979 1863 1006 transcriptum
1881 985 1907 1001 ex
1923 979 1975 1001 cod.
1992 977 2091 1000 membr.

1250 1027 1270 1050 in
1284 1027 1304 1050 4.
1317 1034 1339 1049 n.
1355 1028 1409 1054 l02,
1422 1027 1476 1056 qui,
1487 1026 1563 1049 iudice
1574 1027 1598 1049 P.
1610 1026 1730 1054 Sbaralea,
1743 1026 1783 1048 suit
1797 1031 1857 1048 saec.
1870 1026 1924 1048 Xlll.
1937 1026 1958 1048 iu
1971 1026 2021 1053 ipso
2034 1025 2091 1047 inter

1248 1075 1291 1097 alia
1304 1081 1373 1102 opera
1386 1074 1469 1102 scripta
1481 1077 1502 1096 et
1515 1069 1785 1096 Bonaventui-ae‘tributa
1798 1075 1862 1095 erant
1870 1075 1968 1101 quatuor
1980 1072 2091 1100 opuscula

1988 1127 1999 1139 ιι
2008 1119 2092 1141 Decem

1249 1172 1371 1197 praecepta
1399 1169 1529 1197 praedicata
1552 1167 1651 1190 Parisius
1673 1173 1686 1189 a
1715 1169 1783 1190 tratre
1806 1167 1974 1189 Bonaventura.
1999 1167 2092 1194 incipit:

1249 1123 1271 1145 in
1294 1123 1338 1144 hoc
1360 1122 1389 1144 V.
1408 1124 1470 1144 tomo
1487 1127 1499 1143 a
1520 1121 1588 1144 nobis
1604 1120 1672 1143 edita.
1695 1120 1798 1142 Primum
1819 1119 1961 1142 inscribitur:

1250 1218 1275 1240 St
1293 1217 1327 1240 zvis
1338 1215 1431 1246 inm-edi
1440 1216 1466 1238 in
1477 1215 1582 1239 vitam».
1594 1216 1617 1238 in
1629 1215 1686 1237 nne:
1705 1214 1853 1242 «Expliclunt
1870 1214 1949 1236 decem
1971 1216 2092 1242 praecepta

1250 1264 1380 1293 praedicata
1398 1263 1496 1285 Parisius
1512 1269 1525 1285 a
1538 1264 1605 1285 fratre
1622 1263 1813 1285 Bonaventuran.
1831 1261 1961 1284 Secundum
1974 1264 2020 1283 est:
2040 1269 2051 1280 α
2062 1261 2093 1283 De

1250 1310 1360 1339 operibus
1376 1317 1421 1333 sex.
1438 1310 1560 1335 dierum».
1577 1309 1668 1337 incipit:
1692 1309 1740 1331 «In
1763 1308 1839 1331 medio
1864 1307 1980 1331 Ecclesiae
1995 1308 2093 1337 apri-uit

1250 1364 1276 1381 03
1294 1358 1343 1381 etus
1356 1366 1378 1380 n.
1395 1357 1468 1380 Finis:
1489 1365 1499 1377 «i
1511 1356 1653 1379 descendere
1670 1356 1701 1378 ad
1712 1355 1817 1378 inferiora
1829 1357 1852 1377 et
1871 1355 1993 1378 ascendere
2013 1355 2042 1377 ad
2053 1361 2091 1377 su-

1251 1406 1370 1434 periora».
1390 1405 1505 1427 Tertium:
1526 1413 1537 1424 κ
1550 1405 1642 1432 Septem
1661 1404 1720 1426 dona
1737 1403 1835 1431 Spiritus
1851 1402 1920 1425 sancti
1938 1402 2068 1430 praedicata
2081 1409 2093 1424 a

1251 1454 1319 1475 fratre
1340 1453 1500 1474 Bonaventnra
1512 1460 1535 1473 11.
1552 1452 1575 1473 111
1596 1449 1767 1473 characteribus
1787 1448 1879 1472 rubris:
1902 1449 2032 1472 Hortamur
2052 1455 2094 1472 vos

1252 1501 1304 1528 (hoc
1321 1502 1355 1522 est
1366 1499 1490 1527 scriptum,
1502 1498 1566 1527 quod
1578 1498 1668 1526 primus
1679 1497 1750 1520 edidit
1761 1496 1845 1520 Bonelli
1853 1496 1870 1525 >,
1885 1496 2009 1524 Quartum:
2029 1505 2040 1516 α
2050 1497 2094 1518 Ex-

1251 1548 1334 1576 positio
1356 1546 1519 1575 parabolarum
1541 1545 1728 1573 evangelicarum
1746 1544 1776 1567 de
1798 1550 1869 1572 regno
1886 1544 2001 1566 caelorum
2014 1552 2036 1566 11.
2061 1544 2094 1566 111-

1251 1594 1318 1622 cipit:
1338 1602 1349 1613 «1
1362 1592 1443 1616 Simile
1459 1592 1550 1622 factum
1566 1593 1600 1614 est
1611 1600 1633 1619 n,
1645 1591 1675 1614 de
1691 1597 1738 1619 quo
1755 1596 1861 1613 sermone
1872 1590 1927 1612 infra
1939 1596 1960 1612 c.
1976 1590 1999 1611 9.
2011 1589 2094 1616 agitur.

1314 1641 1359 1663 iarn
1376 1640 1522 1666 monuimus,
1534 1639 1673 1666 opusculum
1690 1638 1772 1660 existo
1788 1637 1868 1660 codice
1879 1639 1981 1659 sumtum
1998 1642 2042 1658 non
2058 1642 2093 1658 ex-

1252 1686 1331 1709 hibere
1347 1687 1448 1714 integras
1465 1687 1506 1709 has
1524 1685 1671 1712 titillationes,
1690 1684 1731 1707 sed
1744 1685 1799 1713 ,sere
1821 1684 1849 1706 ad
1866 1683 1986 1706 dimidiam
2004 1685 2092 1710 partem

1252 1737 1386 1757 contractas.
1404 1733 1565 1757 Desidet-antur
1577 1732 1683 1759 exordia,
1700 1735 1722 1754 et
1734 1731 1802 1754 etiam
1820 1732 1906 1759 integer
1918 1736 2002 1753 sermo.
2012 1735 2094 1752 secum

1253 1780 1296 1803 dus
1312 1780 1342 1803 de
1360 1780 1498 1802 fortitudine.
1516 1780 1559 1801 Nos
1575 1779 1668 1801 easdem
1686 1777 1834 1804 exhibemus,
1851 1780 1875 1799 ut
1887 1776 2000 1799 habentur
2018 1776 2039 1798 111
2056 1776 2095 1798 tri-

1253 1827 1297 1850 bus
1308 1826 1427 1849 codicibus
1444 1832 1501 1848 saec.
1516 1826 1569 1848 xlll.
1584 1825 1655 1847 Etiam
1667 1825 1710 1847 hae
1721 1824 1857 1847 Collationes
1869 1829 1913 1846 non
1930 1825 1984 1845 sunt
1995 1822 2093 1850 scriptae

1253 1874 1282 1896 ab
1294 1878 1398 1901 auctore,
1410 1873 1450 1895 sed
1463 1874 1596 1902 reportatae
1607 1871 1637 1894 ab
1649 1870 1800 1893 auditoribus.
1811 1883 1842 1887 —
1853 1871 1876 1892 P.
1888 1870 1970 1892 Bonelli
1984 1869 2042 1892 bene
2055 1868 2095 1891 ob—

1253 1924 1343 1948 servat,
1361 1924 1405 1943 tres
1422 1922 1504 1943 haruin
1521 1919 1683 1946 Coit-alionum,
1701 1918 1741 1941 sed
1759 1918 1828 1945 paulo
1840 1917 1944 1940 dimisius
1956 1917 2000 1944 legi
2013 1916 2057 1938 iam
2071 1916 2093 1938 in

1254 1969 1424 1993 ilexacmerom
1442 1970 1476 1989 ast
1492 1965 1651 1989 deficientibus
1668 1965 1688 1987 ei
1706 1964 1837 1991 codicibus,
1854 1970 1898 1986 non
1921 1963 2038 1989 intellexit,
2055 1968 2093 1985 eas

1254 2015 1285 2037 ibi
1302 2021 1352 2037 essc
1369 2015 1455 2043 positas
1470 2020 1514 2043 per
1530 2011 1747 2042 interpolationem,
1765 2011 1805 2034 sed
1818 2010 1917 2039 putavit,
1935 2011 1957 2033 S.
1974 2011 2094 2032 Bonaven-

1254 2065 1327 2084 turam
1350 2062 1385 2084 bis
1406 2061 1498 2083 easdem
1521 2067 1558 2082 res
1579 2063 1683 2082 extensas
1706 2060 1752 2081 sere
1774 2058 1860 2080 eisdem
1877 2056 1955 2079 verbis
1975 2060 2094 2083 tractasse,

1254 2108 1317 2137 quod
1336 2107 1467 2130 incredibile
1484 2108 1524 2129 est.
1542 2107 1593 2135 Quo
1615 2109 1691 2128 motus
1707 2108 1752 2132 est,
1774 2107 1798 2127 ut
1814 2106 1939 2127 assumeret
1960 2103 2049 2125 inanem
2066 2103 2095 2125 ia-

1255 2155 1334 2177 borem
1364 2161 1404 2182 per
1428 2155 1586 2177 auctoritatem
1615 2154 1704 2175 illarum
1732 2152 1830 2180 partium
1858 2150 2014 2173 flexaemeron
2042 2155 2093 2177 pro-

1255 2201 1336 2228 bandi,
1353 2201 1421 2223 etiam
1440 2202 1480 2222 has
1502 2200 1532 2222 de
1547 2199 1615 2222 donis
1632 2199 1730 2227 Spiritus
1752 2198 1773 2220 S.
1791 2197 1924 2220 Coliationes
1949 2202 1999 2218 esse
2016 2195 2095 2224 genui·

1254 2254 1302 2270 nas.
1321 2260 1352 2264 —
1371 2248 1455 2269 Textns
1472 2246 1621 2269 Collationum
1644 2245 1707 2273 apud
1725 2244 1810 2267 Bonelli
1830 2246 1852 2266 et
1869 2243 1957 2266 illarum
1981 2243 2049 2265 trium
2073 2243 2094 2265 in

1255 2295 1363 2317 Vaticana
1381 2294 1480 2316 editione
1498 2293 1653 2316 ilexaemeron
1670 2299 1682 2314 a
1703 2291 1769 2314 nobis
1788 2291 1903 2313 consultus
1923 2293 1969 2318 est,
1991 2290 2031 2313 sed
2048 2296 2095 2312 non

1254 2341 1349 2364 servivit
1366 2341 1407 2362 nisi
1425 2341 1454 2363 ad
1472 2340 1668 2362 confirmationem
1685 2338 1830 2367 quarundam
1842 2337 1976 2363 lectionum,
1994 2337 2095 2364 exceptis

1255 2388 1398 2417 paucissimis
1416 2388 1482 2414 locis,
1500 2393 1559 2416 quos
1577 2387 1598 2408 in
1616 2387 1676 2408 notis
1692 2386 1831 2408 notavimus.

1318 2436 1349 2457 De
1370 2436 1413 2456 hoc
1438 2434 1549 2462 opusculo
1573 2437 1595 2455 et
1620 2434 1649 2456 de
1674 2432 1767 2455 duobus
1791 2430 1908 2455 codicibus
1933 2431 2096 2460 principalibus

1256 2484 1278 2505 Ρ.
1295 2474 1375 2505 1511111115
1392 2488 1403 2503 a
1422 2482 1495 2503 Fauna
1514 2481 1617 2503 tractavit
1634 2481 1656 2503 111
1668 2487 1710 2503 suo
1728 2480 1797 2502 libro:
1815 2479 1878 2501 Ratio
1896 2485 1970 2501 novae
1987 2479 2095 2501 collectio-

1256 2529 1289 2551 nis
1305 2534 1403 2556 operum
1423 2528 1527 2549 omnium
1550 2529 1573 2549 S.
1594 2528 1779 2552 Bonaventurae,
1802 2525 1905 2551 Taurini,
1933 2524 2001 2551 1874,
2025 2531 2048 2553 p.
2072 2525 2095 2547 ll.

1255 2582 1275 2598 c.
1293 2576 1317 2602 8,
1335 2574 1413 2603 ibique
1430 2580 1484 2602 pag.
1503 2573 1600 2596 lot-los
1618 2574 1646 2596 ad
1669 2574 1727 2595 latus
1743 2572 1861 2595 cuiusdam
1881 2572 2001 2599 fragmenti
2018 2571 2097 2594 editio-

1256 2623 1291 2644 nis
1307 2628 1319 2643 a
1337 2621 1420 2643 Bonelli
1438 2622 1508 2643 sactae
1526 2621 1589 2648 ponit
1606 2620 1917 2647 respondens‚fragmentum
1935 2618 2021 2641 codicis
2038 2619 2096 2641 Pari-

1256 2669 1346 2696 siensis,
1365 2671 1445 2689 11111110
1463 2668 1542 2689 1111111111
1560 2666 1660 2694 conspici
1674 2666 1759 2694 possit,
1777 2671 1835 2693 quae
1852 2664 1877 2686 sit
1897 2664 2021 2687 differentia
2039 2665 2096 2686 inter

1258 2718 1381 2744 utrumqne
1404 2718 1496 2737 textum.
1514 2715 1540 2736 Hi
1563 2714 1654 2737 codices
1676 2712 1761 2742 antiqui
1783 2718 1866 2734 nomen
1889 2713 2061 2734 Bonaxentnrae
2083 2717 2094 2733 a

1258 2763 1330 2791 prima
1349 2768 1416 2788 manu
1443 2761 1552 2788 scriptum
1577 2760 1660 2782 habent
1676 2764 1698 2782 et
1720 2763 1773 2782 sunt
1790 2761 1856 2781 testes
1878 2759 1953 2781 idonei
1976 2766 2017 2787 pro
2040 2765 2095 2781 vero

1258 2812 1356 2831 auctore.

1319 2856 1332 2882 23
1350 2855 1370 2876 3.
1388 2853 1542 2877 Receneentur
1554 2853 1652 2883 codices,
1664 2859 1720 2883 quse
1731 2851 1814 2875 habent.
1826 2850 1962 2874 collationes
1974 2851 2000 2874 (le
2012 2850 2096 2880 septem

1258 2901 1321 2924 donis
1333 2900 1434 2931 Spiritus
1451 2900 1534 2923 sancti.

1324 2949 1341 2970 l.
1360 2947 1466 2971 streniae
1484 2948 1505 2969 111
1524 2948 1615 2974 Anglla,
1634 2947 1768 2969 bibliotheca
1792 2945 1912 2967 Bodleiano
1935 2945 2095 2973 (Asinoleaiia),

1258 2995 1309 3017 cod.
1326 2995 1379 3017 757.
1403 2993 1592 3016 membranaceus
1615 2995 1636 3015 in
1659 2994 1677 3015 ’1.
1699 2992 1781 3015 saeculi
1805 2992 1859 3013 Xlii.
1876 3004 1906 3008 —
1924 2992 1985 3014 FOlio
2012 2992 2060 3013 188.
2077 2997 2092 3012 r.
