2285 3398
417 235 471 263 Lvl

479 311 500 333 3.
519 310 582 333 Sicut
597 309 668 332 libros
683 309 823 336 Salomonis,

480 358 500 380 4.
518 358 543 380 Et
559 356 610 385 lob,

481 406 501 428 5.
520 405 545 427 Et
561 403 766 432 Epistotasvauti,

482 453 503 475 6.
521 454 547 475 Et
563 453 606 474 alia
623 452 701 474 multa.

481 501 504 523 7.
528 500 599 523 Cuius
618 499 730 528 scriptum
752 504 822 526 super
843 498 966 521 sententias
990 503 1003 520 a
1027 497 1163 520 doctoribus
1186 502 1265 519 sacrae

419 548 519 576 Paginae
536 547 634 569 multum
652 544 795 575 approbatur
811 547 833 568 et
848 544 914 574 quasi
931 551 974 573 pro
991 544 1123 567 authentico
1134 546 1263 572 reputatur.

820 639 864 662 Vll.

447 733 483 757 Ex
499 732 666 757 Bartholomaoi
683 732 763 756 rimi
779 739 842 763 opere
862 731 1023 761 Quadraginta
1043 730 1233 755 Coninmiietum

715 778 822 809 completo
839 785 876 801 u.
896 777 965 801 1890.

522 873 618 902 Scripsit
631 873 757 895 luculenter
773 878 844 900 super
859 874 959 901 quatuor
979 871 1051 895 libros
1070 872 1249 906 Sententiarum.

521 920 645 942 Postillavit
661 919 795 941 excellenter
812 918 962 947 Evangelium
979 919 1003 941 B.
1021 919 1103 942 Lucae.

522 966 617 994 Scripsit
634 966 770 994 Apologiam
782 966 912 994 pauperum
920 983 926 993 ‚

521 1012 616 1036 Librum
633 1013 663 1035 de
678 1012 793 1041 Operibus
809 1019 848 1036 sex
865 1013 956 1035 dierum
966 1031 971 1041 ‚

482 875 504 1084 §staffefir

521 1061 615 1084 Librum
633 1062 662 1084 de
677 1060 884 1089 contemplatione,

481 1110 503 1132 6.
521 1108 615 1132 Librum
632 1109 661 1131 de
677 1114 715 1131 sex
733 1108 779 1131 Alis
796 1108 927 1136 Seraphim.

480 1156 502 1178 7.
520 1156 632 1184 Regulam
649 1155 802 1178 Novitiorum.

481 1204 501 1225 8.
523 1203 655 1231 Legendam
680 1203 704 1224 Β.
733 1201 846 1224 Francisci
876 1201 987 1224 maiorem
1019 1204 1041 1224 et
1066 1202 1181 1224 minorem
1216 1202 1265 1230 ipse

418 1249 556 1278 composuit.

481 1297 501 1319 9.
517 1297 543 1319 Et
559 1297 628 1319 multa
647 1296 702 1324 alia,
719 1295 806 1325 quibus
822 1301 862 1318 sua
881 1295 997 1323 doctrina,
1015 1301 1086 1324 quam
1104 1295 1147 1317 lata
1160 1295 1228 1317 tuerit
1245 1297 1267 1317 et

419 1345 474 1373 alta,
497 1347 600 1372 apparet.

815 1420 869 1442 Vlll.

420 1498 455 1522 Ex
469 1498 516 1522 cod.
534 1498 623 1522 membr.
641 1497 696 1522 bibl.
712 1496 893 1521 Stronooniensis
907 1496 930 1520 S.
943 1496 1069 1527 Pranoisoi,
1082 1503 1096 1519 a
1113 1496 1138 1519 P.
1154 1495 1267 1519 Theodoro

639 1545 665 1569 cle
682 1544 779 1569 Gavassio
796 1552 834 1568 an.
853 1544 913 1568 1765
930 1543 1049 1567 recensito.

482 1626 559 1648 Frater
576 1626 736 1647 Bonaventura
753 1625 783 1647 de
802 1624 886 1646 Balneo
904 1623 987 1652 Regio,
1005 1623 1045 1652 qui
1058 1625 1137 1651 postea
1159 1623 1201 1645 suit
1212 1622 1267 1645 Car-

419 1673 500 1696 dinalis
516 1671 606 1701 primus
622 1672 714 1695 Ordinis
731 1674 753 1694 et
770 1672 898 1700 Episcopus
915 1670 1061 1699 Albanensis,

485 1721 503 1742 l.
521 1719 616 1748 Scripsit
632 1720 758 1742 luculenter
775 1724 845 1747 super
862 1720 962 1747 quatuor
979 1717 1050 1740 libros
1067 1718 1245 1740 Sententiarum.

520 1766 644 1789 Postulavit
660 1766 780 1788 exellenter
791 1765 941 1793 Evangelium
959 1765 983 1787 B.
994 1766 1076 1787 Lucae.

521 1803 616 1842 Scripsit
633 1813 769 1841 Apologiam
789 1812 928 1840 Pauperum.

519 1860 615 1883 Librum
631 1861 661 1883 de
677 1860 792 1889 Operibus
809 1866 848 1882 sex
864 1860 962 1882 dierum.

523 1908 618 1931 Librum
635 1908 664 1930 de
680 1907 884 1935 Contemplatione.

520 1955 616 1978 Librum
634 1955 662 1977 de
679 1961 718 1977 sex
735 1954 781 1976 Alis
799 1954 927 1981 Seraphim.

522 2002 616 2024 Librum
634 2002 763 2023 pharetrae.

482 1768 504 2071 90>¹÷⁷29=i>÷0÷0

521 2049 654 2077 Legendam
671 2048 783 2070 maiorem
803 2050 825 2070 et
841 2048 956 2069 minorem
975 2048 998 2069 B.
1011 2047 1132 2070 Francisci.

484 2096 506 2118 9.
523 2097 548 2118 Et
565 2096 635 2118 multa
653 2095 707 2122 alia,
724 2094 810 2124 quibus
826 2101 867 2117 sua
884 2095 988 2117 doctrina
1006 2101 1076 2124 quam
1095 2095 1137 2117 lata
1161 2095 1228 2117 tuerit
1245 2098 1267 2117 et

421 2144 476 2170 alta,
491 2146 615 2171 apparet...
633 2142 674 2164 llic
691 2142 731 2164 luit
744 2141 850 2169 Magister
869 2142 892 2163 in
912 2141 1026 2169 theologia
1043 2141 1192 2168 clarissimus,
1214 2142 1266 2164 XVl

414 2190 486 2225 *annis
505 2190 621 2212 Generalis
638 2189 736 2211 Minister
753 2189 852 2211 Ordinis.

827 2268 863 2289 lx.

435 2346 470 2370 Ex
482 2346 563 2369 Ioanne
574 2345 670 2369 Gnrsone
681 2344 777 2375 (olax-uit
787 2351 846 2368 neo.
859 2344 917 2367 XIV.
930 2344 1027 2368 exeunte
1039 2344 1062 2368 et
1073 2344 1120 2368 XV.
1134 2344 1247 2374 ineunte).

522 2426 596 2452 Super
613 2427 712 2453 quatuor
726 2424 894 2447 Sententiarum
915 2423 993 2446 libros.

500 2490 504 2494 .
522 2473 617 2494 Lectum
635 2471 752 2500 grandior.

501 2538 504 2541 .
523 2518 703 2547 Breviloquium.

500 2583 505 2588 .
523 2566 664 2588 ltinerarium
683 2565 765 2587 mentis
782 2565 803 2587 in
821 2565 902 2587 Deum.

500 2676 505 2681 .
522 2659 554 2680 De
572 2658 642 2680 ruodo
658 2658 781 2680 confitendi
798 2661 820 2680 et
836 2658 865 2680 de
883 2657 981 2685 puritate
1000 2657 1151 2679 conscientiae
1162 2674 1167 2683 ‚

484 2426 504 2447 l.

484 2473 497 2494 2

484 2520 497 2542 3

486 2566 497 2588 b.

484 2613 504 2635 5.
523 2613 634 2635 Stimulus
650 2612 742 2634 amoris.

484 2659 497 2680 6

483 2705 504 2727 7.
524 2706 548 2727 Et
564 2705 602 2727 alii
619 2706 749 2732 Traetatus,

485 2753 497 2774 8

501 2771 504 2774 .
524 2753 549 2774 Et
566 2752 650 2780 Opera.

830 2828 859 2850 X.

609 2906 644 2930 Ex
657 2906 680 2930 S.
692 2905 831 2929 Bel-nardino
843 2905 937 2928 Senensi
950 2906 978 2933 Η·
992 2904 1071 2933 1444).

487 2986 506 3007 l.
524 2986 547 3007 ln
565 2988 663 3014 quatuor
681 2984 750 3006 libros
767 2984 944 3006 Sententiarum.

486 3034 507 3055 2.
524 3031 703 3060 Breviloqutum,

1110 231 1353 259 PROLEGOMENA
1370 231 1402 259 C.
1424 231 1477 259 xil.

1423 307 1602 336 Centiloquium.

1424 355 1611 377 llluminationes.

1423 402 1531 430 Legenda
1549 401 1631 424 maior.

1424 449 1531 476 Legenda
1549 449 1634 471 minor.

1384 309 1407 517 *umen-*9²

1401 512 1407 517 .
1423 495 1509 518 Concio
1526 495 1603 518 habita
1622 495 1643 517 in
1660 495 1765 524 Capitulo
1782 494 1882 523 generali
1895 494 2014 518 Parisiensi
2028 495 2057 518 de
2069 496 2092 518 S.
2103 496 2170 518 Fran·

1321 548 1391 565 elsco.

1728 637 1766 659 Xl.

1360 729 1395 753 Ex
1412 729 1436 753 S.
1453 728 1564 753 Antonini
1581 730 1744 761 archiepiscopi
1760 730 1889 755 florentini
1907 732 1934 759 Η-
1951 730 1974 753 2.
1993 729 2051 754 Maii
2069 729 2138 759 14⁵9)

1444 776 1511 807 parto
1527 776 1568 801 111.
1585 777 1739 802 Historiarum
1755 778 1797 802 tit.
1815 777 1852 802 84.
1870 784 1919 808 cop.
1937 777 1960 801 8.
1978 785 2004 801 w
2021 777 2044 801 9.

1387 871 1408 892 l.
1426 871 1541 899 Scriptum
1558 870 1658 893 notabile
1675 874 1697 894 et
1713 872 1824 894 devotum
1837 872 1909 895 edidit
1924 878 1994 900 super
2005 874 2106 901 quatuor
2118 872 2172 894 Sen-

1323 918 1453 941 tentiarum.

1386 965 1407 986 2.
1425 965 1490 987 Anno
1508 965 1568 987 ⁴259
1587 965 1648 987 idem
1666 966 1701 988 Fr.
1719 966 1879 989 Boneventura
1904 966 2021 989 Generalis
2045 967 2069 989 in
2091 969 2170 989 monto

1322 1011 1443 1034 Alverniae
1460 1011 1575 1040 libellum,
1591 1012 1632 1041 qui
1649 1012 1805 1036 llinerarz'um
1827 1013 1912 1036 mentis
1934 1013 1960 1035 in
1981 1013 2056 1036 Deum
2072 1013 2170 1040 dicitur,

1322 1058 1500 1081 devotissimum
1518 1059 1659 1087 compilavit.

1386 1106 1408 1127 3.
1425 1106 1450 1128 Et
1468 1108 1521 1134 post
1542 1106 1594 1128 lecit
1618 1106 1702 1133 alium,
1727 1112 1798 1135 quem
1825 1105 1977 1129 Itium-arium
2003 1106 2087 1129 mentis
2105 1106 2129 1129 in
2146 1112 2170 1130 εν

1322 1153 1402 1183 ipsum
1419 1154 1520 1176 vocavit.

1387 1201 1408 1223 4.
1425 1201 1492 1223 Anno
1509 1201 1599 1223 Domini
1619 1202 1678 1223 4260
1697 1201 1757 1223 idem
1775 1201 1891 1223 Generalis
1908 1200 2026 1224 Narbonae
2037 1201 2167 1229 Capitulum

1324 1249 1429 1276 generale
1446 1247 1582 1275 celebravit,
1600 1248 1622 1270 in
1639 1255 1687 1277 quo
1703 1248 1909 1271 Constitutionibus
1926 1248 2017 1271 Ordinis
2033 1249 2131 1271 formam
2148 1252 2170 1271 et

1323 1295 1429 1317 ordinem
1446 1294 1521 1321 dedit,
1539 1297 1561 1316 et
1584 1295 1700 1316 Breviario
1717 1297 1770 1317 sunt
1786 1295 1876 1323 aliquae
1893 1294 1999 1317 rubricae
2016 1287 2108 1317 additae
2125 1294 2168 1318 sub

1324 1341 1416 1364 Urbano
1434 1341 1471 1364 lV.

1388 1390 1410 1412 5.
1427 1388 1536 1417 Sequenti
1552 1394 1611 1410 anno
1629 1388 1690 1410 idem
1708 1389 1759 1411 stilo
1785 1388 1881 1411 mirabili
1910 1388 1986 1412 Vitam
2002 1389 2029 1412 Β.
2046 1389 2172 1413 Franciwf

1324 1435 1457 1463 compilavit
1473 1435 1595 1463 ipsamque
1612 1435 1718 1458 diffusam
1736 1435 1765 1457 ad
1783 1436 2007 1463 compendiosiorem
2024 1437 2122 1458 formam
2134 1442 2170 1458 re-

1324 1482 1400 1510 duxit,
1418 1483 1439 1504 in
1457 1488 1502 1512 qua
1520 1483 1574 1505 nihil
1592 1483 1668 1511 posuit
1685 1483 1726 1505 nisi
1745 1487 1833 1506 certum
1846 1486 1868 1506 et
1880 1483 2002 1511 probatum
2015 1483 2111 1506 testibus
2123 1483 2169 1506 ndo

1323 1531 1408 1558 dig-nis.

1386 1578 1407 1599 6.
1426 1577 1466 1599 llic
1483 1576 1584 1599 libellum
1601 1577 1836 1606 perniciosissimum,
1861 1577 1901 1606 qui
1919 1577 2016 1600 traditur
2034 1577 2102 1600 luisse
2120 1570 2169 1599 ma'-

1323 1624 1387 1652 gistri
1404 1624 1512 1652 Gerardi,
1530 1626 1607 1646 contra
1625 1624 1753 1652 Religiosos
1770 1630 1885 1652 pauperes
1901 1624 2032 1651 latrantem,
2049 1630 2090 1652 per
2107 1624 2168 1652 Apo—

1322 1671 1407 1699 logiam
1426 1674 1471 1693 tam
1489 1671 1622 1700 eloquenter
1638 1677 1709 1700 quam
1727 1671 1838 1693 subtiliter
1855 1672 1987 1694 confutavit.

1724 1765 1770 1787 xu.

1519 1858 1554 1882 Ex
1571 1857 1680 1882 Gulielmo
1696 1857 1829 1888 Vorrilongo
1847 1859 1874 1886 (†
1893 1857 1970 1886 1464).

1404 1970 1409 1975 .
1426 1954 1448 1976 ln
1466 1956 1565 1982 quatuor
1582 1953 1652 1975 libros
1669 1953 1847 1975 Sententiarum.

1426 2000 1582 2028 Expositiones
1599 2000 1708 2023 mirificae
1726 2001 1748 2022 in
1766 2003 1851 2022 textum
1869 1999 1962 2022 Bibliae.

1426 2048 1458 2070 De
1476 2048 1522 2069 Alis
1539 2047 1676 2075 Seraphicls.

1425 2094 1566 2116 ltinerarium
1584 2094 1675 2116 mentis.

1425 2140 1604 2163 innumerabiles
1621 2141 1712 2162 codices
1730 2140 1750 2162 in
1769 2140 1908 2168 speculativa
1926 2143 1948 2162 et
1966 2140 2075 2167 practica.

1425 2187 1532 2216 Legenda
1550 2188 1625 2210 minor
1643 2188 1668 2210 B.
1684 2187 1807 2210 Franolsci.

1381 1954 1409 2258 ...aus-5030·-

1424 2235 1594 2264 Compendium
1612 2235 1642 2257 de
1659 2234 1760 2257 adventu
1778 2234 1909 2257 antichristi.

1717 2329 1772 2350 Xlll.

1370 2422 1405 2445 nx
1422 2422 1495 2445 Iecobi
1513 2421 1608 2445 Oddonis
1625 2421 1673 2444 nive
1691 2420 1745 2444 odai
1762 2420 1864 2444 Perusini
1883 2419 1977 2450 Speoulo
1994 2420 2118 2451 minorum,

1543 2468 1589 2492 eod.
1602 2475 1655 2491 mss.
1668 2475 1682 2491 a
1693 2467 1818 2497 Waddingo
1829 2467 1948 2490 recensito.

1403 2564 1411 2585 a

1442 2563 1536 2591 Scripsit
1553 2568 1623 2591 super
1639 2564 1738 2591 quatuor
1755 2561 1824 2584 libros
1841 2561 2007 2583 Sententiarum
2026 2561 2159 2583 luculenter.

1443 2609 1556 2632 Postillam
1573 2615 1643 2637 super
1661 2608 1810 2636 Evangelium
1828 2608 1850 2630 S.
1868 2608 1950 2629 Lucae.

1442 2656 1578 2684 Apologiam
1596 2656 1735 2683 Pnuperum.

1442 2703 1473 2724 De
1491 2703 1566 2730 Opere
1582 2708 1620 2724 sex
1637 2702 1735 2724 dierum.

1442 2750 1474 2771 De
1491 2740 1696 2776 Contemplatione.

1441 2796 1473 2818 De
1490 2802 1527 2817 sex
1550 2796 1596 2817 Alis
1614 2795 1744 2823 Seraphim.

1441 2842 1525 2869 Regulo
1546 2841 1697 2863 Novitiorum.

1401 2611 1425 2911 φμφφτψῑωευ

1441 2888 1573 2916 Legendnm
1591 2888 1613 2910 S.
1630 2886 1743 2910 Francisei
1761 2885 1870 2907 maiorem
1888 2888 1911 2907 et
1927 2885 2049 2907 minorem.

1402 2936 1423 2957 9.
1440 2934 1545 2957 Officium
1563 2934 1673 2956 devotum
1692 2934 1714 2955 S.
1731 2932 1820 2958 Crucis,
1837 2935 1934 2959 rogante
1946 2932 1968 2954 S.
1981 2931 2098 2954 Ludovico
2110 2935 2166 2957 rege

1324 2981 1453 3004 Galliarum.

1390 3029 1423 3049 to.
1442 3028 1467 3049 Et
1484 3027 1525 3048 fllia
1544 3028 1624 3049 multa.
