2285 3398
370 180 426 208 252

368 257 546 286 ascendendo
561 257 588 285 in
603 257 722 291 caelum,
738 257 777 285 sic
792 257 819 285 in
837 257 973 285 mittendo
985 257 1129 295 Spiritum
1143 266 1212 286 san-

367 307 459 337 ctam,
478 306 505 332 et
523 306 636 340 propter
657 303 845 332 fundationem
869 303 954 332 trium
976 304 1111 333 virtutum
1134 312 1211 340 prae-

366 350 502 379 dictarum
531 353 558 379 et
586 353 700 387 propter
728 351 815 379 multa
843 351 988 386 mysteria,
1014 359 1085 388 quae
1114 351 1140 379 in
1170 350 1212 378 tiis

367 398 537 434 temporibus
557 398 743 434 implicantur.

445 445 475 473 Et
496 444 628 482 quoniam
650 445 769 482 Spiritus
790 448 917 479 sanctus,
939 446 986 483 qui
1008 446 1108 474 caritas
1129 447 1170 474 est
1185 447 1211 473 et

243 498 413 531 1›iqnitu40*11e1·
435 492 577 521 caritatem
599 492 733 526 liabetur,
755 495 796 520 est
817 492 941 521 omnium
962 493 1040 529 origo
1061 492 1211 520 charisma—

225 524 440 573 iifa‘riissffiiffitum3
463 539 536 573 ideo,
565 547 628 568 eum
657 539 797 568 descendit
825 539 944 576 Spiritus
976 542 1103 573 sanctus,
1125 538 1213 567 effusa

363 589 405 615 est
425 586 568 623 plenitudo
588 585 786 614 charismatum
815 586 849 615 ad
870 594 972 623 corpus
993 586 1093 614 Christi
1116 585 1212 622 mysti-

363 640 427 661 cum
448 632 707 661 consummandum.
731 632 762 660 Et
790 632 856 669 quia
883 632 993 661 diversa
1020 632 1145 660 membra
1166 631 1212 660 de-

364 679 429 708 bent
450 687 509 708 esse
531 679 558 708 iu
589 687 706 716 corpore
738 679 860 716 perfecto
881 683 908 708 et
929 679 1105 708 diversorum
1126 686 1213 707 mem-

1020 180 1228 217 BREVlLOQUll
1250 179 1329 207 PARS
1351 178 1380 205 V.
1403 178 1430 206 C,
1455 179 1470 205 l.

1271 257 1386 284 brorum
1408 255 1515 284 diversa
1538 256 1627 284 officia
1648 259 1675 285 et
1695 258 1829 286 exercitia
1849 262 1876 287 et
1890 259 2063 288 diversorum
2078 260 2117 288 oi*-

1270 302 1397 330 ficiormn
1425 302 1534 330 diversa
1565 303 1747 337 eliarismata;
1782 304 1845 332 liinc
1876 308 1932 339 est,
1963 306 2037 342 quod
2065 307 2118 334 uni

1270 349 1360 377 (latur
1381 358 1432 386 per
1454 349 1600 386 Spiritum
1624 359 1719 378 sermo
1750 351 1927 388 sapientiae,
1950 352 2004 380 alii
2024 362 2117 381 sermo

1268 396 1420 430 scientiae,
1453 397 1508 425 alii
1533 396 1621 434 sides,
1653 397 1708 425 alii
1735 398 1838 435 qratia
1863 398 2044 433 semitutum,
2066 400 2119 428 alii

1269 444 1398 480 operatio
1431 444 1590 478 virtutum,
1622 444 1676 472 alii
1702 444 1871 481 prophetia,
1903 445 1957 473 alii
1984 445 2118 474 diseretio

1268 490 1446 527 spiritaam,
1470 491 1523 519 alii
1548 500 1666 529 [jenera-
1689 485 1880 529 immite-zon,
1904 492 1958 520 alii
1978 492 2118 530 interpre-

1270 537 1340 565 tatio
1360 546 1546 571 sermonum,-
1561 547 1636 577 quae
1657 539 1757 567 omnia
1778 543 1919 576 operatur
1935 548 2013 568 unas
2034 544 2119 578 atque

1270 584 1345 612 idem
1367 585 1513 622 Spiritus,
1535 586 1666 614 dividens
1687 586 1831 624 singtilis,
1850 591 1941 624 proiit
1963 587 2023 615 eall
2035 588 2054 621 ¹,
2077 595 2118 616 se-

1270 631 1392 660 cundum
1414 640 1492 660 suam
1516 633 1735 662 liberalissimam
1758 633 1958 670 providentiam
1979 636 2007 663 et
2027 635 2119 671 provi-

1270 678 1457 708 dentissimam
1480 680 1642 718 largitatem.

1050 868 1192 916 PARS
1217 868 1350 919 QUIN
1356 869 1440 918 TA.

1004 998 1049 1031 De
1081 997 1177 1043 gratia
1208 997 1342 1043 Spiritus
1375 999 1479 1031 sancti.

733 1166 798 1195 CAr.
826 1167 842 1195 Ι.

496 1261 535 1288 De
554 1260 672 1297 qratia,
694 1261 725 1288 in
746 1264 890 1298 qacmtion
911 1264 951 1289 est
971 1261 1082 1289 donum

651 1307 793 1335 (livinitus
814 1307 925 1335 siacum.

444 1401 506 1429 Post
527 1402 675 1429 tractatum
698 1400 731 1429 de
753 1400 940 1429 incarnatione
962 1401 1057 1435 Verbi,
1080 1401 1154 1438 quod
1173 1403 1214 1429 est

365 1448 442 1485 origo
464 1450 490 1476 et
512 1447 571 1475 sons
592 1447 681 1475 omnis
702 1447 765 1475 doni
793 1447 923 1483 gratuiti,
945 1447 1059 1476 dicenda
1080 1450 1145 1476 sunt
1165 1448 1213 1476 ali-

365 1503 421 1532 qua
441 1494 475 1523 de
495 1494 597 1532 qratia
626 1494 745 1531 Spiritus
773 1494 876 1527 sancti,
898 1502 970 1530 quae
991 1494 1070 1523 nobis
1090 1495 1213 1532 quadru-

222 1552 350 1572 rauesthu-
363 1542 471 1579 pliciter
493 1541 692 1570 consideranda
712 1541 843 1569 occurrit.
860 1541 964 1575 Primo,
980 1541 1007 1568 in
1022 1544 1157 1577 quantum
1174 1545 1225 1570 est·

239 1577 269 1595 ius
282 1578 350 1595 tracta-

240 1602 277 1619 tus.
364 1589 468 1618 donum
500 1589 632 1618 divinitus
663 1588 767 1617 datum.
792 1604 828 1608 -—-
851 1587 992 1621 Secundo,
1014 1587 1042 1615 in
1074 1596 1215 1624 compara-

364 1637 438 1666 tione
459 1637 491 1665 ad
515 1636 633 1665 liberum
655 1635 812 1664 arbitrium.
836 1651 872 1655 —
895 1634 1001 1668 TertiO,
1024 1634 1051 1662 in
1073 1642 1215 1671 compara-

364 1684 438 1713 tione
459 1684 492 1712 ad
515 1683 625 1712 babitus
654 1683 799 1711 virtutum.
823 1698 860 1703 —-
882 1682 1003 1718 Quarto,
1026 1681 1053 1709 in
1075 1689 1216 1718 compara-

365 1731 437 1760 tione
459 1731 492 1759 ad
514 1730 648 1763 exercitia
669 1730 844 1759 meritorum.

444 1778 482 1806 De
503 1778 592 1815 gratia
614 1778 714 1814 igitur,
737 1778 764 1806 in
793 1780 929 1814 quantum
950 1778 993 1805 est
1013 1776 1123 1804 (tonum
1143 1776 1217 1804 ‹liui-

366 1826 446 1855 nitzts
478 1826 598 1859 (latum,
627 1826 695 1854 haec
726 1825 844 1854 tenenda
875 1827 958 1859 sunt,
991 1823 1065 1861 quod
1097 1823 1157 1861 ipsa
1177 1827 1218 1853 est

367 1872 487 1907 donum,
502 1873 576 1909 quod
597 1881 613 1901 a
627 1873 683 1901 Deo
698 1872 855 1901 immediate
876 1872 997 1900 donatur
1011 1874 1039 1900 et
1053 1871 1216 1900 infunditur.

368 1919 474 1948 Etenim
500 1927 564 1947 cum
596 1919 654 1956 ipsa
675 1912 702 1948 et
723 1920 750 1948 in
772 1920 831 1956 ipsa
851 1919 934 1948 datur
956 1918 1076 1956 Spiritus
1097 1920 1218 1951 sanctus,

369 1967 418 2004 qui
439 1969 480 1995 est
501 1966 604 1995 donum
634 1966 804 2001 increatum,
826 1967 969 2004 optimum
990 1969 1016 1994 et
1033 1964 1197 2003 perfectam
1210 1988 1218 1999 ,

368 2013 444 2052 quod
459 2013 602 2041 descendit
623 2021 642 2041 a
663 2011 755 2042 Patre⁷
776 2013 944 2042 laminuin²
966 2021 1016 2051 per
1038 2013 1161 2042 Verbum
1176 2013 1219 2040 in-

369 2064 530 2094 carnatum,
546 2060 698 2089 secundum
713 2061 787 2097 quod
807 2061 919 2090 loannes
940 2061 967 2090 in
989 2060 1148 2097 Apocalypsi
1163 2059 1219 2097 flii-

368 2109 450 2137 viam
471 2107 657 2145 splendidum
678 2108 718 2135 acl
738 2108 857 2136 modum
878 2109 946 2137 vidit
966 2108 1101 2146 crystalli
1120 2116 1219 2145 proce-

369 2157 435 2185 dere
463 2156 497 2184 (Ie
516 2156 580 2184 sede
606 2155 659 2183 Dei
682 2158 708 2183 et
730 2155 816 2192 Ayni.
839 2172 875 2176 -—
896 2156 955 2193 Ipsa
976 2156 1157 2184 nibilominus
1179 2157 1221 2183 est

368 2203 472 2232 donum
486 2226 491 2237 ‚
506 2211 556 2240 per
567 2202 652 2240 ,quod
673 2201 764 2230 anima
779 2202 922 2238 perficitur
943 2206 970 2232 et
984 2203 1104 2232 efficitur
1120 2210 1220 2239 sponsa

369 2251 487 2285 Christi,
510 2251 566 2279 filia
586 2249 674 2279 Patris
695 2249 800 2278 aeterni
821 2252 849 2278 et
870 2250 1003 2287 templum
1017 2250 1137 2287 Spiritus
1158 2258 1219 2279 san-

370 2298 419 2333 cti;
441 2298 515 2335 quod
544 2297 621 2327 nullo
652 2296 734 2325 modo
765 2296 796 2324 lit
817 2296 868 2324 nisi
900 2304 936 2325 ex
961 2296 1100 2334 dignativa
1121 2296 1220 2326 conde-

370 2345 511 2374 scensione
532 2347 559 2373 et
573 2342 786 2373 condescensiva
799 2342 955 2379 dignatione
971 2343 1117 2372 Maiestatis
1130 2346 1220 2372 aeter-

256 1835 323 1855 Thesis
336 1835 353 1854 1.

256 1930 322 1950 'rhesis
334 1930 352 1948 Ξ.

257 2167 325 2186 Thes-is
337 2166 354 2185 3.

261 2404 357 2424 Themi.
372 2400 422 2421 nae
443 2400 493 2429 per
524 2392 628 2420 donum
656 2390 760 2428 gratiae
782 2397 856 2418 suae.
880 2406 916 2410 —
939 2390 999 2427 Ipsa
1029 2390 1148 2427 denique
1178 2393 1220 2419 est

237 2451 359 2471 uniiugae.
371 2439 490 2473 donum,
506 2438 580 2476 quod
594 2438 714 2467 animam
733 2439 848 2475 purgat,
870 2436 1008 2468 illuminat
1028 2440 1055 2466 et
1075 2437 1219 2474 perficit³;

273 2480 319 2494 com.

372 2486 507 2520 viviticat,
530 2486 663 2515 reformat
693 2487 720 2514 et
750 2484 868 2517 stabilit3
901 2483 1005 2518 elevat,
1037 2484 1169 2513 assimilat
1188 2486 1221 2512 =et

372 2534 428 2562 Deo
450 2533 553 2570 iungit,
574 2541 606 2563 ac
627 2541 676 2570 per
707 2532 760 2561 hoc
787 2531 983 2569 acceptabilem
1005 2531 1083 2565 facit;
1106 2533 1220 2569 propter

436 2743 443 2756 ¹
462 2745 532 2773 Epist.
549 2745 564 2766 l.
581 2744 634 2767 Cor.
652 2745 691 2772 l2,
710 2745 773 2767 8-11.
790 2744 889 2772 Vulgata
913 2744 965 2766 hinc
983 2745 1037 2768 inde
1059 2745 1126 2773 plura
1147 2744 1220 2767 addit.

371 2795 403 2800 —
415 2783 526 2811 Superius
543 2782 641 2805 vocibus
657 2783 750 2806 diversa
768 2782 843 2813 officia
861 2784 869 2804 *l
892 2783 1005 2806 Interserit
1020 2785 1085 2807 sunl.

435 2820 444 2834 ²
463 2822 506 2844 lac.
525 2822 546 2849 l,
564 2822 600 2844 17.
617 2834 648 2838 -
667 2822 720 2851 Seq.
743 2823 807 2845 locus
824 2824 858 2844 est
874 2822 947 2850 Apoc.
969 2823 1011 2850 22,
1031 2823 1056 2844 l:
1078 2823 1104 2845 Et
1120 2821 1221 2845 ostendit

374 2860 430 2883 mihi
456 2860 553 2882 fluxium
580 2866 655 2889 aquae
676 2859 738 2883 vitae
764 2860 913 2889 splendidum
943 2863 1053 2889 tanquam
1075 2861 1220 2889 crystallum,

374 2899 540 2928 procedentem
558 2900 587 2922 de
604 2900 659 2922 sede
675 2903 719 2923 etc.
735 2912 766 2917 —
783 2900 878 2922 luserius
896 2899 967 2922 verba
982 2899 1108 2930 perficilur
1124 2901 1146 2924 et
1163 2900 1221 2922 (lesi-

374 2939 483 2962 derantur
501 2939 524 2962 in
540 2938 656 2968 aliquibus
672 2939 753 2967 codd.‚
771 2939 792 2961 in
811 2939 870 2966 Vat„
889 2939 897 2960 .1
919 2942 941 2961 et
959 2939 980 2961 3.

437 2977 446 2990 Β
463 2978 509 3001 Cfr.
525 2985 595 3007 supra
614 2985 668 3007 pag.
685 2979 742 3007 225,
760 2982 813 3001 uota
831 2979 853 3001 6.

1246 2745 1250 2884 l

1272 1164 1345 1201 quod
1367 1165 1469 1193 donum
1493 1166 1651 1195 liuiusmodi
1663 1168 1767 1205 qratia
1780 1171 1902 1205 qratiam
1917 1166 2030 1204 faciens
2045 1171 2118 1197 recte

1271 1211 1373 1240 dicitur
1394 1215 1421 1240 et
1441 1212 1536 1241 debuit
1556 1215 1686 1250 appellari
1699 1216 1719 1242 4.

1351 1259 1427 1287 Ratio
1448 1263 1540 1287 autem
1561 1261 1594 1289 ad
1609 1261 1816 1299 intelligentiam
1832 1261 2037 1299 praedictorum
2052 1263 2118 1292 haec
2132 1270 2194 1288 natio.

1271 1309 1331 1334 est:
1364 1306 1445 1343 quia,
1474 1315 1537 1335 cum
1564 1308 1685 1344 primum
1714 1309 1882 1346 principium
1911 1309 2119 1345 productivum

1272 1361 1323 1389 pro
1337 1361 1388 1381 sua
1403 1361 1512 1381 summa
1533 1354 1721 1384 benevolentia
1738 1356 1834 1385 fecerit
1855 1355 1985 1393 spiritum
2000 1355 2120 1384 rationa-
2132 1363 2168 1382 Pro
2182 1363 2230 1382 mesa
2243 1363 2259 1381 i.

1272 1400 1323 1428 lem
1343 1408 1470 1436 capacem
1492 1401 1668 1431 beatitudinis
1686 1406 1813 1432 aeternae
1825 1403 1851 1437 ⁵3
1871 1406 1898 1431 et
1915 1402 2120 1439 reparatioam

1272 1447 1438 1484 principium
1461 1447 1638 1483 capacitatem
1661 1448 1734 1477 illam
1765 1450 1933 1478 infirmatam
1955 1457 2004 1486 per
2025 1456 2120 1486 pecca-

1272 1497 1331 1522 tum
1355 1494 1494 1530 reparavit
1515 1494 1549 1522 ad
1571 1494 1703 1529 salutem;
1724 1499 1752 1524 et
1773 1497 1914 1525 beatitudo
1929 1500 2041 1526 aeterna
2056 1504 2120 1525 con-

1272 1540 1343 1569 sistit
1364 1540 1391 1568 in
1416 1540 1541 1569 liabendo
1563 1548 1703 1569 summum
1725 1542 1843 1576 bonum;
1866 1547 1893 1572 et
1915 1544 1966 1572 lioc
1988 1546 2029 1572 est
2048 1543 2120 1572 Deus

1272 1590 1299 1616 et
1314 1588 1418 1616 bonum
1433 1587 1572 1616 excellens
1587 1587 1868 1624 improportionaliter
1880 1599 1990 1619 omnem
2007 1589 2120 1619 luunani

1272 1634 1396 1671 obsequii
1419 1634 1594 1671 dignitatem:
1610 1634 1704 1663 nullus
1718 1636 1828 1664 omniuo
1849 1637 1882 1665 ad
1897 1637 1965 1666 illud
1980 1645 2120 1666 summum

1273 1681 1377 1710 bonum
1399 1681 1499 1718 dignus
1521 1684 1562 1710 est
1583 1681 1744 1718 pervenire,
1764 1690 1827 1711 cum
1849 1684 1883 1712 sit
1903 1685 2015 1713 omnino
2037 1692 2121 1721 supra

1273 1737 1368 1758 omnes
1391 1729 1491 1757 limites
1505 1731 1637 1762 naturae,
1652 1728 1720 1762 nisi,
1735 1729 1791 1757 Deo
1806 1730 2039 1760 condescendente
2054 1731 2120 1765 sibi,

1274 1776 1398 1805 elevetur
1420 1776 1477 1813 ipse
1499 1784 1585 1813 supra
1605 1784 1642 1804 se.
1665 1776 1739 1804 Deus
1753 1779 1846 1805 autem
1861 1785 1915 1805 non
1930 1778 2122 1807 condescendit

1275 1831 1323 1860 per
1345 1824 1386 1852 sui
1410 1824 1563 1852 essentiam
1578 1823 1847 1858 incommutabilem,
1862 1824 1909 1852 sed
1930 1833 1979 1861 per
2000 1825 2122 1862 influen-

1275 1870 1347 1898 tiam
1368 1871 1403 1899 ab
1424 1871 1483 1907 ipso
1504 1874 1676 1905 manantenu
1699 1878 1749 1899 nec
1771 1869 1885 1907 spiritus
1899 1871 2023 1899 elevatur
2038 1879 2123 1908 supra

1275 1925 1304 1945 se
1325 1925 1374 1953 per
1395 1918 1482 1946 sitnm
1506 1918 1640 1952 localem,
1662 1917 1709 1946 sed
1731 1925 1781 1955 per
1799 1916 1931 1945 habitum
1945 1917 2121 1954 deiformem.

1276 1965 1390 1994 Necesse
1420 1968 1461 1994 est
1490 1965 1574 2002 igitur
1602 1965 1712 2003 spiritui
1738 1964 1878 1998 rationali,
1901 1967 1932 1992 ut
1952 1964 2052 2001 dignus
2076 1965 2123 1994 fiat

1276 2015 1405 2040 aeternae
1426 2012 1616 2047 beatitudinis,
1638 2012 1713 2051 quod
1738 2012 1875 2050 particeps
1896 2012 1944 2040 liat
1964 2011 2123 2040 influentiae

1276 2058 1426 2088 deiformis.
1449 2060 1518 2088 llaec
1539 2063 1632 2089 autem
1653 2060 1797 2089 influentia
1817 2058 1975 2092 deiformis,
1998 2058 2063 2095 quia
2083 2062 2124 2087 est

1276 2114 1292 2134 a
1313 2105 1370 2133 Deo
1391 2108 1418 2133 et
1439 2106 1591 2134 secuudum
1620 2107 1708 2136 Deum
1736 2110 1763 2136 et
1791 2109 1905 2143 propter
1934 2105 2042 2138 Deum,
2064 2104 2125 2133 ideo

1277 2152 1367 2181 reddit
1389 2152 1535 2189 imaginem
1557 2144 1667 2183 nostrae
1688 2154 1788 2183 mentis
1810 2153 1979 2182 conformem
2001 2151 2125 2181 beatissi—

1277 2200 1359 2229 mae⁶
1385 2200 1404 2228 T
1408 2200 1510 2228 rinitati
1534 2209 1588 2229 non
1610 2203 1717 2230 tantum
1739 2201 1890 2230 secundum
1913 2200 2043 2236 ordinent
2066 2199 2124 2228 ori-

1275 2247 1371 2285 gyinis,
1393 2254 1491 2275 verum
1513 2247 1595 2275 etiam
1617 2240 1768 2277 secundum
1790 2248 1992 2276 rectitudinem
2017 2246 2124 2275 electio-

1276 2294 1323 2323 nis
1345 2296 1372 2322 et
1392 2293 1545 2323 secuudum
1559 2295 1754 2332 qnietiulineni
1767 2294 1930 2332 fruitionis.
1947 2295 1979 2323 Et
1992 2293 2124 2332 quoniam

1277 2342 1325 2380 qui
1347 2342 1399 2370 lioc
1421 2341 1504 2369 habet
1531 2341 1687 2371 immediate
1708 2342 1741 2371 ad
1762 2343 1849 2371 Deum
1872 2342 2031 2375 reducitur,
2054 2341 2125 2369 sicut

1277 2388 1434 2418 immediate
1465 2388 1488 2416 ei
1521 2388 1724 2423 conformatum
1754 2389 1813 2418 ideo
1843 2389 1947 2417 donum
1976 2389 2043 2417 illud
2074 2388 2125 2416 im-

1277 2435 1395 2465 mediate
1415 2434 1535 2463 donatur
1556 2443 1572 2462 a
1594 2434 1648 2463 Deo
1677 2438 1807 2473 tanquam
1838 2444 1855 2464 a
1886 2435 2021 2472 principio
2043 2435 2125 2463 influ-

1278 2483 1359 2517 xivo;
1375 2484 1419 2515 ut,
1434 2481 1506 2510 sicut
1527 2481 1682 2511 immediate
1703 2485 1812 2511 emanat
1831 2491 1847 2511 a
1868 2482 1925 2510 Deo
1946 2481 1993 2509 Dei
2016 2481 2124 2518 imaqo,

1277 2530 1315 2559 sic
1337 2529 1493 2558 immediate
1521 2531 1613 2557 manet
1643 2529 1677 2557 ab
1708 2529 1767 2566 ipso
1791 2529 1838 2559 Dei
1860 2528 2031 2561 similitudo,
2053 2535 2124 2564 quae

1339 2742 1349 2755 ⁴
1366 2743 1411 2766 Csr.
1428 2743 1452 2765 ll.
1470 2743 1531 2765 Sent.
1549 2742 1573 2764 d.
1589 2742 1627 2764 26.
1645 2747 1668 2770 q.
1687 2741 1707 2763 l.
1725 2747 1774 2769 seq.
1793 2753 1824 2757 —
1843 2741 1861 2763 Α
1878 2740 1984 2769 pluribus
2002 2739 2082 2766 codd,
2100 2741 2125 2761 ut

1278 2783 1294 2804 B
1305 2782 1379 2809 (ΗΜ,
1396 2782 1508 2805 omittitur
1525 2780 1611 2805 dicitur
1629 2782 1658 2803 et.

1340 2820 1349 2833 ⁵
1367 2822 1395 2844 Ut
1411 2824 1530 2844 ostensum
1548 2824 1582 2843 est
1599 2826 1669 2848 supra
1687 2826 1710 2847 p.
1728 2819 1750 2841 ll.
1768 2825 1788 2841 c.
1806 2819 1827 2845 9,
1844 2821 1927 2847 etseq.
1944 2818 2071 2846 propositiO
2090 2824 2125 2840 ex-

1278 2861 1352 2890 posita
1370 2864 1404 2883 est
1420 2868 1444 2889 p.
1461 2862 1499 2883 lV.
1516 2867 1536 2883 c.
1554 2861 1576 2883 t.
1593 2866 1659 2888 seqq.
1676 2871 1707 2875 —
1725 2858 1820 2880 Inferius
1837 2863 1879 2885 pro
1896 2857 2020 2887 reparavit
2040 2857 2073 2881 acl
2089 2863 2125 2880 sa-

1278 2901 1351 2924 lutem
1369 2900 1395 2930 [2
1412 2907 1467 2923 cum
1484 2900 1590 2929 pluribus
1603 2899 1672 2922 codd.
1689 2898 1753 2921 addit
1764 2896 1895 2926 aeternam]
1913 2896 1947 2919 Cl
1962 2897 1980 2925 Q
1991 2898 2007 2919 U
2020 2900 2042 2920 et
2061 2897 2068 2919 t
2091 2903 2126 2919 re-

1274 2939 1400 2970 paraverit
1416 2939 1448 2962 ad
1462 2939 1578 2967 salutem,
1590 2945 1617 2961 ac
1628 2937 1729 2961 subinde
1746 2943 1788 2966 pro
1805 2935 1912 2959 consistit
1926 2936 1986 2958 DEl
2004 2936 2127 2960 consistat.

1341 2977 1351 2991 ⁶
1368 2979 1404 3001 ΙΜ
1423 2978 1599 3009 beatificativae.

2137 2208 2213 2232 Triplex
2223 2214 2267 2227 con—

2158 2232 2248 2251 formitas.
2284 2235 2285 2240 ¹
