2285 3398
203 1733 321 1752 'testimonia

203 1757 323 1776 Sanctorum.

331 136 384 164 126

327 214 435 243 Glossa:
457 227 468 238 «
484 214 574 243 Noluit
589 214 722 242 Dominus
737 214 839 242 habere
860 213 927 251 quid
948 214 1091 251 perderet;
1108 222 1174 250 111111-

328 270 377 299 per
399 261 488 295 venit,
510 268 544 289 ne
566 260 680 289 haberet
700 260 826 289 diabolus
841 260 915 298 quod
929 260 1052 289 auferret
1067 271 1093 287 ».·
1109 267 1175 296 ergo

328 309 349 338 si
371 309 463 338 omnia
485 308 646 344 temporalia
666 311 781 345 possunt
803 308 896 345 perdi,
911 308 979 336 nihil
995 307 1092 336 habuit
1107 310 1175 334 tem-

329 356 430 394 porale.

409 404 451 431 11.
475 402 556 437 Item,
578 402 714 431 secundae
735 402 769 431 ad
790 402 946 431 Corinthios
960 404 1056 430 octavo
1069 402 1093 428 1;
1114 400 1175 429 Sei-

329 451 364 479 tis
384 449 516 488 qratiam
545 449 665 478 Domini
684 449 779 478 nostri
802 450 865 478 lesa
889 448 1013 482 Christi,
1035 447 1175 486 quoniam

324 501 445 535 propter
468 505 516 526 uos
537 505 643 535 6961111.»-
663 496 762 535 factas
784 500 839 531 est,
856 505 923 525 cum
944 498 1014 524 esset
1034 494 1128 527 (lives,
1144 496 1176 521 at

328 545 407 574 illius
427 544 610 582 inopiaetc.:
626 552 692 582 ergo
707 544 754 581 qui
770 544 808 573 sie
823 543 1015 575 abrenuntiat,
1037 544 1068 570 ut
1082 544 1175 578 egeat,

326 592 413 630 magis
435 600 463 622 se
484 592 595 621 Christo
615 592 777 621 conformat.

410 641 452 669 12.
476 640 558 674 Item,
586 648 670 676 super
698 639 766 667 illud
788 638 862 676 quod
883 638 1010 675 sequitur
1032 636 1133 665 ibidem
1147 637 1176 664 2:

327 688 363 716 In
378 686 429 716 1106
445 687 599 716 eonsilium
620 687 678 720 (to,·
699 686 869 723 Augustinus
884 686 910 713 in
927 683 1051 721 originali
1065 694 1070 711 :
1092 695 1104 707 «
1120 684 1177 711 Fa-

328 739 391 764 ctus
412 739 453 764 est
473 743 579 772 egenus
600 734 627 762 in
650 736 775 767 tantum,
795 736 895 761 utnon
912 732 1026 760 haberet
1041 730 1115 767 quod
1130 730 1178 759 lia-

327 783 393 812 bent
414 783 530 820 vulpes;
552 785 576 811 et
597 782 628 810 in
644 780 696 810 lioc
709 780 864 809 consilium
883 780 933 813 clo,
949 778 1132 812 subauditur,
1149 781 1179 806 111

327 831 388 860 61115
415 833 607 868 paupertatem
636 828 780 858 imitemini
796 839 823 862 ”3
852 827 898 856 sed
927 827 974 864 qui
1001 826 1180 854 abrenuntiat

327 878 456 907 omnibus
477 877 537 906 eius
558 879 750 914 paupertatem
772 875 916 903 imitatur:
939 882 1005 911 ergo
1026 876 1077 902 etc.

410 925 453 953 13.
476 924 558 959 item,
581 931 666 960 super
680 916 753 951 'illud
768 922 854 951 Iacobi
867 922 897 950 ³:
921 921 1022 950 Nonne
1037 921 1114 949 Dens
1129 920 1179 949 ele-

326 972 369 1010 yit
391 980 558 1009 pauperes;
586 970 698 999 Glossa:
733 981 746 994 «
761 969 899 1006 Pauperes
927 968 1008 1005 elegit
1036 971 1179 1005 parentes,

329 1028 450 1058 quorum
476 1019 644 1048 educaretur
665 1017 755 1046 officio
770 1028 797 1051 »;
827 1016 873 1045 sed
902 1018 1049 1053 parentum
1076 1008 1179 1044 'Christi

327 1066 450 1095 maxima
460 1065 512 1094 fuit
524 1065 681 1102 indigentia,
694 1064 846 1094 secundum
862 1064 929 1093 illud
941 1064 1029 1092 Lucae
1044 1062 1179 1093 seeundo:

328 1115 444 1144 Paomis
464 1123 530 1143 eum
546 1113 663 1142 involuit
677 1116 702 1141 et
716 1112 870 1141 reclinavit
883 1112 914 1140 in
926 1111 1095 1149 praesepio:
1115 1119 1181 1148 ergo

328 1162 456 1191 Christus
470 1169 524 1189 non
546 1163 654 1189 tantum
676 1160 703 1188 in
725 1167 753 1188 se
774 1159 834 1196 ipso
854 1161 1046 1196 paupertatem
1068 1157 1181 1191 dilexit,

330 1217 430 1238 verum
451 1207 534 1237 etiam
557 1207 584 1235 in
606 1206 673 1235 aliis.

414 1255 456 1284 14.
479 1255 562 1288 Item,
584 1253 712 1281 Christus
727 1252 849 1280 maxime
864 1252 915 1280 fuit
930 1250 1070 1279 imitabilis
1085 1258 1182 1278 secun-

332 1303 399 1331 dum
422 1305 537 1335 statum,
559 1308 642 1337 quem
657 1299 755 1328 habuit
776 1299 804 1327 in
826 1306 924 1331 611166,
946 1297 1098 1326 secundum
1114 1296 1181 1324 illud

332 1349 438 1386 primae
460 1347 531 1377 Petri
553 1346 674 1375 seeundo
685 1346 715 1373 4:
739 1344 874 1374 Clas-istus
886 1352 996 1381 passus
1011 1346 1051 1371 est
1062 1351 1118 1380 pro
1132 1351 1181 1371 no-

333 1396 392 1430 bis,
415 1395 579 1433 relinquens
603 1392 781 1430 exemplum,
810 1396 843 1420 iit
869 1390 1035 1430 sequamini
1063 1390 1182 1428 uestigia

331 1444 415 1477 eiiis;
437 1443 483 1472 sed
505 1442 532 1471 in
554 1449 636 1470 cruce
658 1440 709 1469 suit
730 1440 841 1468 omnino
862 1438 973 1473 nudus;
995 1438 1068 1467 unde
1090 1438 1181 1466 Hiero-

331 1499 433 1529 nymus
453 1490 487 1519 ad
508 1488 666 1518 Hedibiam:
694 1499 707 1512 «
722 1487 768 1515 Vis
789 1494 848 1515 esse
870 1485 990 1523 perfecta
1008 1488 1035 1514 et
1050 1485 1077 1513 in
1092 1485 1182 1522 primo

332 1543 405 1569 stare
427 1537 534 1575 fastigio
554 1535 709 1574 dignitatis,
732 1534 773 1564 fao
794 1534 869 1571 quod
897 1533 1022 1562 fecerunt
1047 1532 1181 1569 Apostoli:

330 1586 418 1615 vende
439 1585 555 1618 omnia,
582 1592 656 1622 qaae
680 1582 783 1616 liabes,
812 1586 837 1610 et
865 1581 904 1609 da
930 1579 1129 1618 pauperibus,
1158 1582 1182 1607 et

332 1641 448 1671 sequere
468 1632 651 1665 Salvatorem,
667 1633 694 1659 et
709 1629 811 1658 nudam
829 1628 971 1665 solamque
993 1634 1104 1656 cruceni
1126 1626 1181 1654 vir-

333 1683 393 1709 tute
414 1679 488 1708 nuda
509 1678 634 1716 sequaris
655 1680 682 1707 et
703 1678 761 1706 sola
775 1688 801 1705 »:
824 1684 891 1714 ergo
912 1678 963 1704 eto.

413 1727 495 1760 Item,
510 1727 563 1755 hoe
577 1726 668 1763 ipsum
683 1725 794 1753 videtur
810 1724 987 1753 Sanctorum
1003 1721 1180 1751 testimoniis.

415 1775 458 1802 15.
481 1773 640 1802 Ambrosius
662 1780 746 1809 super
768 1773 868 1800 Lucam
881 1771 910 1799 ⁵:
939 1770 1061 1807 «Qualis
1085 1769 1183 1798 debeat

335 1827 394 1849 esse
415 1819 461 1856 qui
485 1819 652 1855 evangelizat
667 1826 783 1855 regnum
806 1818 869 1852 Dei,
892 1816 1046 1854 praeceptis
1066 1824 1183 1853 evange-

335 1867 394 1895 licis
421 1866 597 1902 designatur,
619 1868 650 1892 ut
671 1865 728 1893 sine
750 1865 843 1901 virga,
866 1864 923 1892 sine
945 1872 1027 1900 pera,
1050 1863 1107 1892 sine
1128 1863 1183 1891 oal-

335 1916 492 1946 ceamento,
514 1912 572 1953 sine
593 1919 678 1948 pane,
700 1912 757 1940 sine
779 1911 911 1948 pecunia,
934 1911 986 1939 hoe
1000 1914 1053 1944 est,
1069 1909 1183 1938 subsidii

335 1960 485 1990 saecularis
506 1958 672 1987 adminicula
700 1966 753 1986 non
782 1958 943 1994 requirens,
969 1957 1078 1994 fideque
1106 1960 1184 1985 tutus

334 2010 413 2046 putet
434 2006 501 2040 sihi,
523 2014 579 2043 quo
594 2005 686 2033 minus
701 2012 732 2033 ea
746 2005 885 2041 requirat,
908 2004 994 2040 magis
1014 2011 1094 2040 posse
1119 2011 1184 2039 sup—

335 2058 470 2093 petere».
493 2053 518 2082 si
542 2053 626 2090 igitur
656 2052 705 2080 hor
728 2054 873 2080 attestatur
895 2050 1054 2088 perfectioni
1077 2050 1184 2086 praedi-

977 135 1201 171 QUAES'I‘IONES
1223 133 1423 162 DISPU'I'ATAE

1232 212 1332 240 catoris
1354 211 1525 248 evangelicae
1551 211 1740 248 perfectionis,
1770 217 1801 241 111
1829 214 1935 241 11111111111
1965 222 2080 250 11101505

1232 261 1348 295 quaerat
1369 257 1566 286 adminiculum
1588 258 1744 291 saecular&
1767 263 1794 287 et
1820 260 1870 287 1106
1898 263 1939 288 651
1966 268 2025 289 6556
2053 262 2079 289 111

1232 299 1395 342 paupertate
1416 305 1567 334 altissima:
1589 308 1664 342 patet
1685 309 1736 334 etc.

1315 353 1357 380 16.
1382 352 1462 387 Item,
1484 353 1512 381 in
1536 353 1605 381 libro
1626 353 1659 382 de
1681 353 1822 392 Officiis⁶:
1843 354 1982 382 «Nullum
1996 354 2080 383 admi-

1233 399 1357 428 niculum
1378 402 1520 436 praestant
1541 399 1652 439 divitiae
1679 399 1713 428 ad
1740 400 1825 428 vitam
1854 400 1980 436 beatam;
2008 401 2082 437 quod

1233 445 1374 474 evidenter
1396 446 1529 475 Dominus
1550 446 1749 475 demonstravit
1770 446 1797 475 111
1814 447 1959 484 Evangelio
1973 446 2081 476 dicens:

1235 493 1318 521 Beati
1336 501 1482 530 pauperas-
1503 493 1612 530 spirita
1634 496 1684 522 etc.
1709 493 1802 530 Itaque
1824 497 2028 531 paupertatem,
2044 494 2082 521 sa-

1234 548 1322 573 mem,
1344 540 1483 574 dolorem,
1505 548 1577 577 quae
1598 540 1670 568 mala
1690 543 1842 577 putantur,
1858 549 1912 568 non
1928 541 2017 569 solum
2032 540 2082 568 im-

1234 587 1389 624 pedimento
1411 595 1465 615 non
1487 595 1546 616 esse
1567 587 1601 616 ad
1623 587 1706 616 vitam
1735 587 1858 621 beatam,
1883 587 1931 616 sed
1952 587 2033 616 etiam
2055 587 2082 615 in

1233 634 1424 663 adiumentum
1453 642 1528 668 6556,
1557 634 1759 663 evidentissime
1788 634 1933 671 probatum
1962 637 2010 662 est.
2040 633 2082 661 Sie

1234 688 1300 718 ergo
1322 689 1376 709 non
1397 681 1487 710 solum
1509 681 1675 710 adminiculo
1696 690 1750 710 non
1773 684 1838 710 sunt
1859 681 1892 710 ad
1916 681 1998 709 vitam
2020 681 2083 709 bea-

1236 730 1290 756 tam
1306 729 1431 765 corporis
1445 732 1563 757 externa
1577 729 1664 764 bona,
1676 729 1723 758 sed
1734 729 1816 758 etiam
1827 729 1969 766 dispendio
1980 732 2081 758 sunt».

1236 775 1286 803 Sed
1308 783 1379 812 quae
1401 784 1454 804 non
1480 779 1545 805 sunt
1569 776 1752 810 adminiculo,
1775 777 1821 806 sed
1842 776 1999 814 dispendio,
2021 784 2083 813 per-

1236 823 1337 851 fectum
1359 826 1400 851 est
1422 823 1597 860 relinquere:
1620 832 1686 861 ergo
1707 827 1758 853 etc.

1318 872 1361 899 17.
1371 871 1446 905 Item,
1458 871 1639 907 Hieronymus
1651 871 1684 900 ad
1696 871 1870 900 Heliodorum
1882 871 2048 899 monachum
2057 871 2083 899 ⁷:

1242 918 1350 952 «Nolo,
1379 918 1560 955 pristinarum
1582 919 1776 947 necessitatum
1799 918 1967 953 recorderis3
1996 918 2085 947 nudos

1236 969 1310 994 amat
1331 973 1458 1000 ereinus3
1480 966 1559 999 nolo,
1582 969 1607 995 te
1629 966 1759 1003 antiquae
1780 966 2009 1003 peregrinationis
2029 969 2085 995 ter-

1238 1016 1296 1041 reat
1317 1013 1472 1041 dil'lioullas.
1496 1013 1547 1049 Qui
1569 1013 1596 1041 in
1611 1012 1753 1042 Christum
1768 1012 1873 1046 credis,
1888 1015 1915 1041 et
1929 1012 1989 1041 eius
2004 1012 2084 1041 crede

1237 1060 1426 1089 sern‘ionibus:
1451 1060 1587 1096 Quaerite
1605 1061 1738 1097 primum
1754 1069 1877 1097 requam
1895 1060 1961 1093 Dei,
1977 1064 2001 1088 et
2016 1059 2085 1088 liaec

1238 1108 1337 1135 onmia
1359 1107 1536 1136 adiicientur
1560 1107 1645 1136 vobis.
1662 1108 1718 1136 Non
1735 1115 1802 1144 pera
1817 1107 1865 1135 tibi
1880 1107 2014 1135 sumenda
2028 1110 2084 1141 est,

1237 1163 1291 1183 non
1314 1155 1409 1191 virga;
1431 1155 1533 1183 affatim
1555 1155 1631 1183 dives
1652 1157 1693 1183 est
1714 1154 1840 1191 quicum
1856 1155 1965 1183 Christo
1980 1162 2085 1192 pauper

1238 1204 1279 1229 est
1294 1211 1319 1227 »z
1342 1208 1408 1236 ergo
1429 1201 1520 1228 omnia
1535 1201 1654 1237 relinqui
1669 1203 1800 1236 possunt,
1822 1208 1869 1237 spe
1884 1201 1972 1237 posita
1986 1201 2012 1229 in
2028 1201 2085 1229 solo

1238 1246 1355 1274 Christo.
1400 1263 1402 1265 >
2078 1255 2081 1257 ’

1322 1294 1362 1321 18.
1377 1293 1450 1327 Item,
1464 1293 1645 1329 Hieronymus
1657 1300 1741 1329 super
1753 1292 1819 1321 illud
1832 1292 1959 1321 Matthaei
1971 1293 2085 1321 sextoss:

1239 1340 1339 1369 Nonne
1360 1341 1463 1368 (11111110Υ
1480 1340 1549 1377 pla-s
1570 1343 1609 1368 est
1631 1348 1721 1378 qnam
1742 1339 1832 1368 esca?
1859 1351 1871 1363 ι(
1888 1339 1915 1367 111
1944 1339 2086 1375 promissis

1239 1388 1367 1417 Veritatis
1388 1396 1468 1417 nemo
1489 1388 1613 1422 dubitem
1630 1387 1664 1416 sit
1679 1387 1761 1416 homo
1776 1386 1849 1424 quod
1868 1394 1927 1416 esse
1948 1386 2044 1421 demet,
2059 1389 2086 1415 et

1238 1445 1305 1465 mox
1327 1436 1490 1464 adiicientur
1512 1435 1535 1464 ei
1557 1435 1665 1469 omnia,
1688 1438 1801 1471 propter
1826 1442 1909 1472 quem
1931 1434 2001 1463 sacta
2022 1437 2087 1463 sunt

1238 1484 1329 1512 omnia
1344 1496 1369 1511 ».
1393 1483 1462 1520 Ergo
1481 1483 1528 1520 qui
1544 1483 1637 1511 omnia
1651 1482 1782 1519 relinquit
1798 1485 1910 1519 propter
1929 1481 2086 1515 Christum,
2100 1510 2102 1515 ,

1238 1531 1378 1560 conlidens
1399 1531 1425 1559 in
1448 1531 1584 1568 promisso
1606 1529 1723 1563 Christi,
1747 1529 1802 1566 agit
1824 1529 1977 1558 secundum
1998 1528 2087 1566 perse-

1239 1581 1310 1607 ctam
1339 1578 1419 1607 fidem
1449 1578 1554 1614 ipsius;
1584 1577 1635 1606 1106
1661 1579 1753 1605 autem
1780 1576 1920 1613 potissime
1949 1575 2012 1604 facit
2039 1576 2087 1613 qui

1239 1625 1349 1653 omnino
1371 1624 1439 1653 nihil
1461 1624 1511 1653 sibi
1533 1627 1672 1658 reservat,
1700 1631 1749 1652 nec
1776 1623 1802 1651 in
1828 1623 1965 1652 communi
1989 1631 2045 1651 neo
2060 1623 2087 1651 in

1240 1672 1368 1709 speciali:
1390 1679 1456 1709 ergo
1478 1675 1529 1700 etr.

1321 1720 1363 1747 lt).
1399 1719 1479 1753 Item,
1501 1718 1687 1755 Augustinus,
1709 1720 1830 1746 tractans
1862 1717 1929 1745 illud
1961 1717 2087 1745 Matthaei

1240 1766 1360 1795 sext0⁹:
1394 1766 1531 1803 Respieite
1560 1765 1689 1793 volatitia
1715 1764 1808 1792 caeli:
1843 1776 1855 1787 «ι
1871 1764 1960 1792 Sancti
1990 1764 2088 1793 merito

1240 1814 1337 1843 avibus
1366 1816 1578 1850 comparantur,
1607 1812 1673 1849 quia
1701 1811 1807 1840 caelum
1834 1814 1945 1848 petunt,
1974 1814 2001 1840 et
2021 1812 2086 1849 quia

1240 1862 1293 1890 iam
1310 1862 1347 1889 ita
1368 1861 1466 1890 remoti
1489 1863 1554 1889 sunt
1575 1868 1591 1888 a
1611 1858 1730 1892 1111111110,
1752 1861 1783 1886 ut
1805 1858 1857 1886 iam
1880 1858 1907 1886 in
1923 1859 2005 1888 terris
2019 1860 2087 1888 011111

1240 1912 1337 1946 agant,
1359 1908 1427 1937 nihil
1454 1908 1593 1941 laborent,
1620 1906 1665 1935 sed
1695 1906 1751 1934 sola
1779 1906 2006 1943 contemplati0ne
2034 1907 2087 1936 iam

1240 1956 1267 1984 in
1283 1956 1357 1984 caelo
1371 1956 1475 1992 degunt
1490 1967 1516 1982 ».
1532 1954 1557 1982 Si
1574 1961 1639 1990 ergo
1654 1953 1720 1981 haec
1736 1952 1791 1980 vita
1806 1952 1937 1981 altissima
1951 1957 2006 1987 est,
2022 1962 2088 1991 ergo

1241 2003 1340 2039 spretis
1361 2002 1502 2036 omnibus,
1526 2005 1608 2030 totam
1632 2007 1708 2036 spem
1730 1999 1801 2028 vitae
1823 2008 1889 2029 suae
1911 2000 1937 2029 in
1953 2001 2008 2030 Deo
2023 2009 2087 2030 con-

1241 2050 1356 2078 stituere
1377 2052 1418 2078 est
1440 2049 1551 2077 virtutis
1572 2047 1716 2084 perfectae.

398 2237 406 2251 ¹
426 2239 491 2261 Vers.
509 2239 534 2260 9:
548 2237 613 2259 ScitIs
630 2237 691 2259 enim
705 2236 800 2264 gratiam
819 2238 861 2258 etc.
872 2247 903 2251 —
915 2235 992 2257 Finem
1011 2240 1060 2262 arg.
1072 2234 1079 2256 I
1092 2232 1184 2255 exhibet

337 2279 382 2301 sic:
400 2277 505 2301 maoeinze
522 2283 546 2300 se
558 2276 665 2306 exemplo
684 2275 772 2299 Christi
788 2275 930 2305 conformat.

398 2317 407 2330 ²
425 2318 490 2340 Vers.
518 2318 551 2340 10.
570 2329 601 2334 -
621 2316 697 2339 Verba
721 2315 823 2338 subnexa
845 2321 893 2337 non
915 2317 969 2337 sunt
989 2312 1123 2341 Augustini,
1141 2312 1183 2334 sed

336 2357 474 2387 Haymonis,
491 2357 530 2386 qui
543 2357 565 2379 in
582 2356 729 2384 Expositione
746 2355 810 2384 (alias
827 2354 932 2382 Remigio
946 2352 1070 2376 Rhemensi
1088 2350 1181 2379 tributa)

336 2403 407 2425 super
424 2398 485 2419 hunc
502 2397 579 2418 locum
598 2395 631 2424 (v.
648 2395 669 2417 9.
687 2397 709 2416 et
727 2394 772 2423 lo.)
786 2394 830 2416 ait:
849 2394 944 2423 qumts
955 2392 1034 2423 factus
1046 2392 1080 2415 est
1091 2393 1113 2413 et
1125 2397 1183 2419 pau-

336 2442 379 2465 per
395 2437 417 2458 in
434 2438 547 2458 tantum...
564 2435 671 2463 vulpes..
688 2433 718 2458 Et
739 2433 864 2457 consilinm
882 2433 906 2456 in
927 2432 970 2456 Ιιοο
992 2431 1035 2460 do,
1058 2430 1183 2457 subaudis,

337 2479 362 2499 ut
378 2476 427 2498 eius
444 2478 487 2498 etc.

400 2513 409 2526 Β
426 2514 482 2542 Cap.
500 2515 526 2541 -2,
543 2514 565 2536 5.
580 2526 611 2530 —
625 2514 718 2540 Glossa,
740 2513 803 2540 apud
821 2512 928 2535 Strabum
945 2515 968 2535 et
989 2513 1105 2540 Lyranum
1123 2509 1184 2534 ordi-

337 2553 424 2582 naria,
445 2555 520 2575 sumta
546 2555 580 2575 est
600 2558 628 2574 ex
650 2552 711 2574 Beda
734 2552 755 2573 in
782 2553 843 2574 hunc
869 2553 912 2575 loc.
931 2565 962 2569 —
983 2552 1036 2581 Seq.
1061 2552 1125 2574 locus
1151 2553 1185 2573 est

338 2594 393 2616 Luc.
412 2593 438 2620 2,
455 2592 478 2614 7.

401 2630 410 2643 ⁴
429 2632 494 2654 vers.
517 2631 555 2653 21.
577 2629 635 2653 Cum
654 2630 752 2657 Vulgata
770 2628 841 2651 verbo
859 2629 995 2660 relinquens
1012 2631 1066 2653 edd.
1083 2631 1109 2657 2,
1128 2630 1153 2657 3,
1171 2629 1184 2652 4

339 2672 472 2701 praefigunt
489 2669 560 2694 vobis.
577 2682 609 2686 —
626 2668 742 2691 Sententia
759 2668 863 2695 Hieron.,
881 2669 903 2690 in
920 2675 966 2698 qua
984 2670 1096 2698 allegatur
1108 2670 1184 2692 Matth.

340 2712 380 2738 19,
405 2711 432 2733 15
450 2709 501 2739 (cfr.
523 2715 593 2737 supra
617 2708 720 2730 fundam.
747 2707 787 2736 l.),
810 2706 906 2729 habetur
929 2708 950 2729 in
972 2708 1022 2730 eius
1044 2709 1114 2737 Epist.
1132 2709 1185 2731 4-20.

340 2751 404 2781 (alias
425 2750 484 2779 150.)
502 2755 522 2772 c.
540 2749 565 2776 ¹l;
584 2748 653 2781 finem
672 2747 743 2776 ipsius
754 2747 847 2775 profert
864 2749 937 2769 textus
948 2746 1066 2774 originalis
1082 2748 1185 2770 5161831-

339 2793 457 2817 vatorem,
475 2789 561 2812 nudam
580 2788 700 2816 solamque
717 2792 810 2809 crucem
829 2784 865 2815 [in
883 2788 934 2807 nota
956 2785 1044 2808 adiecta
1065 2785 1185 2809 exhibetur

339 2830 419 2857 lectio,
437 2829 459 2851 in
476 2835 522 2857 qua
540 2827 684 2851 substituitur
696 2825 807 2849 virtutem
824 2830 866 2853 pro
884 2824 988 2854 crucem]
1001 2825 1063 2847 nuda
1081 2825 1185 2854 sequaris

340 2872 362 2892 et
376 2869 432 2891 sola.

402 2906 411 2919 ⁶
428 2906 485 2935 Cap.
502 2907 528 2934 9,
546 2906 568 2928 5.
586 2906 608 2928 in
626 2906 663 2928 Vl.
680 2906 763 2933 Expos.
779 2910 802 2926 n.
820 2904 857 2926 65.
875 2903 898 2925 In
917 2903 967 2930 ipso
985 2905 1045 2925 textu
1064 2903 1185 2931 respicitur

340 2949 396 2971 Luc.
413 2947 440 2974 9,
458 2947 484 2969 3:
502 2946 558 2968 Nihil
577 2945 671 2968 tuleritis
689 2945 711 2966 in
728 2944 777 2971 xia,
795 2948 871 2971 neque
888 2942 978 2970 virgam
996 2944 1050 2969 ete.,
1067 2942 1123 2963 etin
1141 2942 1185 2964 stne
1213 2948 1216 2970 1

1239 2232 1276 2254 ed.
1294 2232 1390 2254 Manrin.
1408 2232 1472 2259 legit:
1486 2238 1531 2254 non
1545 2231 1666 2259 requirens
1683 2228 1783 2257 fideique
1800 2228 1893 2251 deditus
1910 2229 1950 2256 sit,
1967 2233 1989 2252 et
2000 2233 2087 2259 quanto

1239 2271 1316 2293 minus
1338 2273 1432 2298 appetat
1453 2271 1600 2298 temporalia,
1622 2273 1684 2292 tanto
1707 2268 1781 2296 magis
1802 2270 1879 2296 speret
1901 2274 1928 2290 ea
1950 2269 1993 2291 sibi
2018 2276 2088 2298 posse

1239 2312 1364 2337 suppetere
1381 2308 1416 2338 (in
1436 2311 1487 2331 nota
1506 2309 1595 2331 adiecta
1612 2309 1723 2336 allegatur
1740 2307 1808 2329 etiam
1826 2307 1891 2329 lectio
1909 2308 2005 2337 nostra).

1301 2346 1311 2360 ⁶
1328 2347 1390 2370 Libr.
1408 2348 1431 2370 11.
1449 2354 1469 2370 e.
1487 2347 1508 2370 4.
1526 2354 1548 2370 n.
1567 2348 1604 2370 «¹5.
1620 2354 1670 2376 seq.
1685 2348 1759 2369 Locus
1778 2345 1909 2373 Scripturae
1921 2349 1955 2369 est
1971 2347 2048 2370 Matth.
2060 2347 2086 2375 5,

1240 2389 1262 2411 3.
1280 2388 1331 2417 (cfr.
1348 2388 1403 2409 Luc.
1421 2387 1447 2414 6,
1460 2387 1507 2416 20.)
1520 2393 1587 2416 seqq.
1598 2399 1629 2403 —
1640 2386 1786 2410 Circassnem
1802 2385 1852 2407 Vat.
1865 2391 1918 2408 eum
1936 2386 1973 2409 ed.
1990 2387 2086 2410 Maurin.

1240 2427 1355 2451 Ambrosii
1374 2427 1440 2454 legit:
1462 2425 1504 2449 sed
1519 2425 1592 2448 etiam
1608 2424 1745 2448 adiumento
1762 2423 1932 2448 evidentissime
1946 2426 2085 2455 pronuntia-

1240 2469 1291 2491 tum
1307 2468 1348 2490 est.
1367 2466 1452 2488 Textus
1468 2464 1587 2492 originalis
1602 2464 1640 2486 hic
1658 2465 1723 2492 plura
1741 2463 1812 2486 addit.
2002 2462 2004 2466 '

1302 2504 1310 2517 ⁷
1329 2506 1399 2533 Epist.
1421 2504 1455 2527 14.
1473 2504 1537 2533 (alias
1559 2504 1586 2532 1.)
1605 2509 1627 2528 n,
1646 2503 1666 2525 l.
1683 2503 1758 2525 Locus
1770 2502 1901 2530 Scripturae
1917 2506 1951 2526 est
1968 2504 2045 2527 Matth.
2057 2505 2084 2532 6,

1241 2547 1285 2570 33;
1307 2544 1413 2574 Quaerite
1436 2550 1492 2572 ergo
1514 2543 1616 2571 primum
1632 2547 1733 2570 regnum
1754 2541 1794 2564 Dei
1812 2543 1834 2564 et
1850 2541 1957 2566 iustitiam
1980 2544 2041 2572 eius,
2063 2547 2085 2566 et

1241 2587 1297 2609 haec
1314 2587 1357 2607 etc.
1375 2583 1478 2606 Subinde
1495 2581 1629 2611 respicitur,
1647 2582 1705 2604 sicut
1722 2581 1742 2603 in
1760 2582 1847 2609 penult.
1864 2587 1925 2610 arg„
1947 2583 2002 2606 Luc.
2019 2584 2045 2610 9,
2063 2583 2084 2605 3.

1303 2623 1312 2637 ³
1330 2625 1396 2647 Vers.
1408 2624 1445 2646 25.
1457 2635 1488 2639 —
1500 2621 1590 2649 Verba,
1602 2627 1663 2651 quae
1680 2620 1779 2644 subinde
1790 2620 1882 2643 Hieron.
1897 2621 2035 2650 tribuuntur,
2047 2623 2084 2644 ha-

1241 2665 1325 2688 bentur
1338 2664 1360 2686 in
1377 2664 1457 2686 Glossa
1469 2661 1595 2685 ordinaria
1612 2660 1675 2689 apud
1688 2659 1795 2683 strabum
1812 2662 1834 2682 et
1845 2660 1960 2688 Lyranum
1979 2661 2010 2691 (in
2023 2663 2084 2684 hune

1241 2705 1306 2735 loc.),
1324 2704 1346 2726 in
1363 2709 1409 2733 qua
1427 2701 1567 2731 propositio,
1583 2707 1644 2730 quae
1659 2699 1732 2723 verba
1748 2700 1843 2727 allegata
1860 2701 1988 2729 praecedit,
2006 2704 2039 2724 est
2051 2708 2084 2724 se·

1241 2745 1345 2767 cundum
1362 2743 1456 2766 Hieron.
1473 2742 1505 2771 (in
1524 2743 1585 2764 111106
1602 2740 1664 2770 106).

1304 2782 1313 2795 ⁹
1331 2784 1397 2806 Vers.
1414 2784 1451 2806 26.
1462 2795 1494 2799 —
1506 2780 1583 2804 Verba
1599 2779 1728 2808 Augustino
1740 2778 1854 2806 adscripta
1871 2780 1940 2802 refert
1956 2780 2035 2803 Glossa
2047 2786 2084 2803 or·

1241 2822 1336 2847 dimria
1352 2823 1415 2851 apud
1439 2821 1546 2845 Strabum
1564 2823 1586 2843 et
1607 2820 1739 2848 Lyranum,
1756 2817 1785 2840 ita
1803 2819 1892 2845 tamen,
1904 2822 1929 2841 ut
1940 2825 1981 2847 pro
1993 2821 2015 2843 et
2026 2819 2083 2850 quia

1241 2863 1289 2886 iam
1306 2862 1457 2885 substituatur
1473 2863 1495 2886 et
1511 2860 1621 2892 quidam,
1639 2862 1661 2882 et
1682 2858 1799 2881 omittatur
1814 2856 1874 2880 nihil
1899 2857 2012 2883 laborent.
2036 2858 2083 2882 Csr.

1242 2909 1311 2931 supra
1330 2902 1433 2925 fundam.
1452 2902 1473 2924 5.
