2285 3398
22 1108 56 1127 Aci
69 1108 145 1133 opposi-

62 1134 101 1151 tum
104 1146 109 1151 .

610 188 651 215 iil:
675 189 894 218 l’ERFliCTlONE
918 189 1118 218 EVANGELICA
1139 190 1274 226 QfflliST.
1299 192 1336 219 llI.
1361 193 1431 221 ΛΒΤ.
1455 194 1471 221 1.

166 267 207 292 est
219 264 330 292 liabitus
342 264 368 293 in
382 265 494 293 modum
507 269 623 294 naturae
637 266 732 294 rationi
746 270 946 296 ‹rorisentaneus
961 279 973 291 »
987 268 1009 301 ¹;

163 310 210 339 sed
232 311 399 340 continentia
420 312 571 349 coniugalis
585 316 715 341 consonat
737 313 854 342 naturali
870 313 1009 342 dictamini

164 360 191 386 et
212 365 247 386 cx
269 358 375 386 ratione
397 359 538 395 procedit:
561 368 627 395 ergo
649 362 698 387 etc.

246 405 288 432 11.
313 405 393 439 Item,
415 406 488 442 quod
511 409 641 434 consonat
657 406 728 435 hono
742 408 877 436 materali
897 411 920 436 ec
935 416 1010 436 com-

162 451 247 479 muni
267 455 398 480 consonat
420 452 469 489 legi
494 453 556 487 Dei,
579 453 625 481 sed
646 456 724 482 actus
738 454 888 491 coniugalis
902 458 943 483 est
958 454 1010 483 bu-

164 496 296 531 iusmodi,
319 498 385 534 quia
406 501 447 527 cst
467 500 500 527 ad
523 499 665 528 bominum
688 500 941 537 multiplicationem
960 509 1009 530 seu

162 544 261 580 speciei
285 546 540 574 conservationem:
563 554 629 583 ergo
650 550 699 575 etc.

247 592 287 619 12.
312 592 393 625 Item,
417 592 516 629 triplex
543 596 584 621 est
613 593 682 621 ratio
708 594 878 631 appetibilis,
907 595 1009 623 scilicet

162 636 310 665 honestam
321 660 328 671 ,
345 638 495 675 conserens
510 642 536 667 et
551 639 710 668 delectabile
721 640 749 673 ²:
771 641 816 669 sed
840 641 1009 678 ubicumque

162 686 227 711 sunt
249 683 299 711 ista
322 684 389 718 tria,
416 685 482 713 illud
504 689 545 714 est
566 694 716 715 consonum
741 687 789 724 legi
813 688 879 722 Dei;
903 688 929 716 in
951 696 1008 716 ma-

162 729 292 757 trimonio
313 733 354 758 est
375 730 524 760 honestum
547 741 595 769 pei·
618 733 697 761 Iidem
713 737 740 762 et
754 734 835 762 etiam
858 734 1007 772 conferens

161 778 188 803 et
210 775 370 805 delectabile
391 786 440 813 per
462 778 582 807 liliorum
604 780 826 815 generationem:
849 789 914 817 ergo
935 783 985 809 etc.

243 822 285 851 13.
310 823 390 857 Item,
413 825 485 861 quod
507 828 548 853 est
569 826 648 854 cibus
668 826 701 855 ad
716 828 950 856 conservationem
966 827 1006 855 in-

160 869 281 904 dividui,
304 870 355 899 hoc
380 875 421 899 est
450 872 613 901 concubitus
633 873 666 901 ad
688 874 923 902 conservationem
946 882 1006 910 spe-

159 916 228 950 ciei;
250 916 297 945 sed
318 917 478 946 moderatus
500 926 567 947 usus
588 919 640 948 cibi
656 923 697 948 est
712 920 837 954 virtutis,
857 923 887 948 ut
901 920 1006 949 sobrie-

159 963 240 992 tatis:
263 971 328 1000 ergo
349 967 376 992 et
397 964 555 994 moderatus
576 966 740 995 concubitus
760 969 801 995 est
817 967 938 1001 virtutis,
954 967 1005 995 sci-

159 1010 222 1039 licet
243 1011 393 1039 castitatis:
412 1020 478 1049 ergo
499 1015 540 1041 est
561 1021 698 1042 consonus
720 1013 769 1050 legi
792 1013 848 1042 Dei.

236 1057 364 1086 Commi:
384 1060 406 1087 1.
424 1060 511 1087 Lucae
528 1059 657 1096 vigesimo
669 1060 692 1087 5.-
710 1060 779 1088 Filii
793 1059 881 1088 liuius
895 1060 1006 1089 saccali

157 1103 271 1133 nubunt
292 1109 315 1132 1²!
338 1106 500 1134 traduntur
522 1107 561 1134 ad
582 1107 702 1143 'nupcias
723 1109 790 1140 etc.;
813 1106 859 1136 sed
881 1107 928 1135 filii
951 1108 1003 1136 hu-

157 1150 201 1179 ius
222 1151 322 1179 saeculi
346 1160 400 1180 non
421 1155 487 1181 sunt
508 1153 554 1180 lilii
577 1153 644 1181 Dei:
666 1161 732 1189 ergo
752 1161 801 1190 per
822 1155 914 1181 actum
939 1161 1003 1182 con-

157 1197 291 1234 iugalem,
314 1206 396 1234 quem
418 1202 566 1232 exercent,
589 1207 643 1227 non
672 1202 737 1228 sunt
764 1199 812 1228 filii
842 1199 908 1228 Dei:
937 1208 1003 1237 ergo

156 1243 323 1273 continentia
343 1245 494 1282 coniugalis
515 1248 556 1274 est
576 1253 735 1282 repugnans
756 1246 806 1282 legi
828 1246 885 1274 Dei.

235 1292 260 1319 9..
285 1291 366 1325 ltem,
395 1292 427 1320 ad
456 1293 589 1321 Romanos
609 1293 745 1321 octavo4:
770 1292 828 1328 Oui
846 1296 943 1321 autem
971 1292 1002 1321 in

156 1345 245 1366 carne
258 1332 334 1366 ‘sunt
358 1339 413 1367 Deo
431 1338 547 1376 plaeere
566 1347 625 1367 ηοη
643 1343 788 1376 postauam
802 1339 849 1368 sed
864 1347 913 1376 per
928 1339 1002 1376 quod

156 1386 248 1412 actum
278 1385 415 1413 carnalem
444 1388 576 1414 exercent
604 1385 735 1414 dicuntur
764 1393 823 1414 esse
850 1386 877 1414 in
899 1393 1000 1428 carne:

155 1438 221 1468 ergo
243 1431 310 1461 tales
332 1432 388 1460 Deo
408 1432 517 1468 placere
538 1440 592 1461 non
614 1435 748 1469 possunt:
771 1440 837 1469 ergo
858 1435 908 1461 etc.

234 1478 259 1506 3:
284 1478 364 1512 Item,
396 1478 429 1507 ad
459 1478 567 1508 Galatas
598 1479 718 1507 sext05:
743 1478 801 1514 Qui
819 1478 944 1507 seminat
970 1478 1002 1507 in

154 1533 243 1553 carne
264 1525 298 1553 cle
318 1533 407 1554 carne
434 1528 513 1554 metet
539 1525 776 1562 corruptionem;
797 1524 844 1554 sed
866 1525 1002 1554 seminare

153 1572 181 1600 in
203 1580 285 1601 carne
307 1572 338 1600 Iit
358 1580 408 1609 per
429 1576 521 1601 actum
543 1572 726 1601 continentiae
747 1572 913 1609 coniugalis:
935 1580 1002 1610 ergo

153 1618 320 1647 continentia
340 1619 490 1656 coniugalis
511 1622 552 1648 est
572 1618 711 1648 contraria
731 1619 783 1656 legi
804 1619 862 1648 Dei.

231 1665 258 1693 4.
281 1665 363 1700 Item,
393 1666 498 1702 primae
519 1665 553 1694 ad
574 1665 731 1694 Corinthios
755 1665 914 1702 septimoss:
945 1666 1003 1702 Qui

153 1720 220 1740 cum
241 1720 333 1741 uxore
353 1716 393 1741 est
419 1712 559 1741 sollicita-s
580 1715 620 1740 est
641 1720 716 1749 qaae
739 1715 809 1741 sant
834 1713 955 1747 maruli,
977 1716 1002 1741 et

152 1759 293 1796 quomodo
311 1759 427 1796 placeat
448 1759 558 1792 uoeori;
579 1758 627 1787 sed
648 1759 803 1788 sollicitudo
830 1763 857 1788 et
882 1760 1002 1796 compla-

151 1805 240 1834 centia
266 1805 350 1834 huius
378 1805 473 1833 mundi
494 1805 642 1834 damnatur
664 1808 691 1834 et
719 1809 760 1835 est
789 1806 928 1835 contraria
950 1806 1001 1843 legi

152 1852 219 1880 Dei:
241 1860 307 1889 ergo
328 1855 355 1880 et
377 1852 544 1880 continentia
565 1853 724 1890 coniugalis.

231 1899 256 1926 5.
280 1898 362 1932 item,
385 1898 485 1927 ibidem
498 1898 524 1926 ⁷:
548 1899 606 1934 Qui
619 1897 723 1927 liabent
736 1907 843 1928 uxores
864 1899 923 1927 sinc
937 1902 1001 1927 tan-

150 1953 242 1983 quam
261 1953 321 1973 mm
342 1943 496 1979 liabentes;
518 1945 565 1974 sed
579 1945 626 1983 qui
642 1954 696 1974 non
714 1945 796 1974 babet
810 1953 929 1974 uxorem
945 1953 1000 1974 non

150 1991 241 2020 utitur
262 2000 311 2020 ea:
334 1999 400 2029 ergo
422 1991 469 2029 qui
492 1992 574 2021 habet
602 2000 633 2021 ea
660 2000 715 2021 non
741 1994 845 2020 utatur.
869 1992 918 2021 Sed
949 1992 1001 2021 hoc

151 2041 193 2068 est
207 2038 377 2068 contrarium
389 2039 462 2067 actui
478 2039 660 2067 continentiae
675 2038 841 2075 coniugalis:
856 2046 922 2076 ergo
937 2046 1000 2068 con-

151 2085 265 2114 tinentia
287 2085 440 2122 coniugalis
461 2089 597 2122 repugnat
619 2085 669 2122 legi
692 2085 749 2114 Dei.

231 2133 256 2160 (ἱ.
280 2132 361 2167 ltem,
383 2132 525 2161 ibidem&
547 2133 658 2160 Iterum
686 2133 876 2162 revertamini
903 2134 935 2162 in
957 2134 1000 2162 id-

151 2179 267 2216 ipsunw
283 2178 334 2208 hoe
349 2184 446 2208 antem
457 2179 520 2207 :lico
536 2179 690 2207 secundum
707 2179 926 2217 irululqentiam,
941 2189 1000 2209 mm

149 2226 311 2254 sec-mulien
334 2226 511 2262 imperiumn
537 2225 583 2253 sed
605 2225 700 2254 nullus
720 2228 797 2255 actus
819 2226 931 2255 virtutis
951 2227 999 2256 ha-

150 2272 197 2301 bet
218 2272 435 2309 indulgentiam:
457 2280 523 2309 ergo
544 2274 623 2300 actus
644 2272 827 2305 continentiae
848 2273 999 2311 coniugalis

150 2327 204 2347 non
226 2322 267 2348 est
288 2321 367 2347 actus
388 2318 519 2347 virtutis:
541 2326 607 2355 ergo
628 2322 678 2348 etc.

214 2458 221 2472 ¹
241 2460 309 2482 Teste
320 2459 442 2487 Cicerone,
455 2461 479 2482 11.
490 2461 556 2482 Rhet.
568 2466 587 2482 c.
600 2460 642 2488 543
660 2459 700 2483 οἶν.
712 2467 781 2489 supra
793 2468 848 2490 pag.
860 2462 898 2490 53,
910 2466 962 2486 nota
975 2463 997 2486 4.

213 2497 223 2511 ²
240 2498 286 2522 Csr.
304 2499 327 2522 ll.
346 2500 407 2522 Sent.
424 2499 448 2521 d.
465 2499 502 2526 25.
519 2505 543 2527 p.
560 2500 574 2521 l.
591 2506 614 2528 q.
636 2500 654 2522 1.
671 2500 692 2522 in
711 2506 788 2529 corp.,
805 2501 844 2524 ubi
863 2501 884 2524 in
902 2505 955 2525 nota
975 2502 996 2525 1.

151 2538 194 2560 loci
212 2539 303 2562 Aristot.
321 2540 431 2566 vitantur,
449 2542 471 2560 et
488 2539 524 2561 IV.
542 2539 604 2561 Sent.
622 2539 643 2561 tl.
662 2539 700 2562 31.
717 2545 738 2562 a.
759 2541 778 2562 l.
794 2547 818 2569 q.
838 2541 857 2563 l.
870 2553 902 2558 —
913 2542 956 2564 Pro
973 2541 996 2564 in

150 2577 304 2601 matrimonio
322 2579 340 2600 Α
354 2577 398 2601 sed
413 2572 601 2600 matrimonium.

213 2614 223 2628 ⁸
241 2617 306 2639 Vei-s.
325 2616 362 2639 34.
373 2628 404 2632 —
417 2616 476 2638 Loco
489 2615 615 2639 xerborum
633 2616 793 2646 coniugalem,
808 2624 876 2647 quem
887 2620 998 2642 eaeeroenl

150 2655 196 2677 ΕΙ)
215 2654 301 2678 liabent
318 2656 432 2677 lacunam.

213 2692 223 2705 ⁴
240 2693 306 2715 Vers.
325 2694 347 2715 8.
363 2694 416 2716 Post
431 2693 473 2716 sed
485 2700 530 2723 per
547 2695 631 2722 supple
647 2693 699 2725 hoc.
711 2706 743 2711 —
757 2694 831 2718 Codd.
847 2696 933 2724 pluries
949 2702 997 2719 non

151 2732 293 2755 conveniunt
310 2732 333 2754 iii
351 2732 433 2754 ordine
450 2738 529 2761 avgg„
552 2739 612 2762 quae
634 2733 794 2756 ordinavimus
816 2735 946 2758 secundum
963 2742 997 2759 or·

151 2771 230 2794 dinem
247 2772 397 2794 solutionum.

215 2809 224 2822 ⁶
242 2811 309 2833 vers.
326 2811 349 2832 8.
365 2811 479 2839 Vulgata:
492 2811 606 2840 Quoniam
618 2811 683 2840 qui...
695 2817 765 2834 carne
775 2818 821 2836 sua
832 2813 862 2836 de
873 2820 941 2837 carne
952 2816 997 2838 et...

214 2847 223 2861 Β
240 2850 307 2872 Vers.
325 2850 361 2872 33.
849 2850 858 2864 ⁷
875 2853 942 2876 vers.
959 2854 997 2877 29.

214 2887 223 2900 ’³
240 2889 307 2912 Vers.
325 2889 347 2911 5.
365 2889 387 2911 6.
403 2889 455 2911 Post
466 2888 491 2912 in
508 2888 613 2919 idipsum
626 2890 724 2917 Vulgata
740 2890 816 2913 addit:
833 2897 862 2914 ne
873 2895 943 2915 tentet
954 2899 997 2916 vos

148 2930 242 2950 satanas
253 2930 348 2956 propter
361 2928 548 2950 incontinentiam
561 2931 670 2951 vesti-am.
681 2940 713 2945 —
724 2928 748 2951 In
760 2929 777 2951 Α
786 2929 805 2952 D
817 2930 902 2953 desunt
912 2930 996 2954 verba:

151 2972 199 2989 mm
214 2967 345 2990 secundnm
363 2966 489 2996 imperium
507 2973 581 2995 usque
595 2967 624 2990 ad
642 2966 833 3000 inclementiam„

1862 198 1914 226 1417

1147 268 1229 302 Item,
1253 269 1301 297 lioc
1326 270 1395 298 idem
1417 272 1570 301 ostenditur
1593 273 1704 301 racione
1725 275 1771 302 sic.

1147 315 1171 341 7.
1194 315 1281 343 Omne
1304 315 1369 344 illud
1391 320 1432 346 est
1454 319 1570 353 malum,
1593 320 1625 347 ad
1648 321 1719 357 quod
1742 321 1775 350 de
1798 322 1914 350 necessi-

1068 362 1121 388 tate
1142 360 1269 397 sequitur
1298 366 1456 398 peccatum;
1480 365 1525 393 sed
1554 365 1587 393 ad
1615 369 1705 395 actum
1731 368 1914 397 continentiae

1067 407 1217 444 coniugalis
1237 408 1271 437 de
1292 410 1452 439 necessiuite
1474 412 1600 448 sequitur
1630 418 1788 450 peccatum,
1810 415 1913 444 scilicet

1066 454 1198 491 originale
1220 455 1246 483 in
1269 456 1345 492 prole
1367 458 1534 493 generata⁰z
1557 468 1623 496 ergo
1645 464 1694 489 etc.

1145 502 1170 529 8.
1195 501 1276 535 Item,
1298 503 1386 531 omnis
1401 507 1494 538 actus,
1517 514 1599 541 quem
1622 506 1655 535 de
1671 508 1829 537 necessitate
1848 517 1912 537 con-

1067 547 1212 576 comitatur
1234 549 1354 583 malum,
1378 550 1568 587 vituperabilis
1589 556 1645 587 est,
1668 554 1713 582 sed
1735 558 1826 583 actum
1848 564 1912 584 con-

1066 594 1195 623 tinentiae
1217 595 1368 632 coniugalis
1388 596 1422 625 de
1444 598 1604 627 necessitate
1628 601 1827 630 concomitatur
1856 611 1912 631 ma-

1066 640 1140 675 lum,
1162 641 1265 670 scilicet
1286 642 1385 671 libido:
1408 652 1474 681 ergo
1495 648 1536 673 est
1552 645 1757 682 vituperabilis:
1780 657 1845 685 ergo
1860 652 1910 678 etc.

1145 689 1169 716 9.
1194 689 1275 723 Item,
1297 690 1386 718 omnis
1407 694 1498 725 actus,
1520 692 1553 720 de
1575 700 1630 729 quo
1645 693 1744 730 aliquis
1765 695 1911 724 rationabi-

1065 734 1127 763 liter
1148 735 1302 770 erubescit‚
1334 739 1376 776 est
1396 740 1475 766 actus
1507 738 1713 775 vituperabilis,
1746 741 1792 770 sed
1817 745 1895 771 actus

1064 789 1120 818 quo
1141 781 1183 810 vir
1204 782 1399 812 commiscetur
1421 784 1503 813 uxori
1514 785 1545 819 ¹⁰,
1567 789 1608 814 est
1630 786 1705 815 talis:
1727 795 1792 824 ergo
1813 792 1863 817 etc.

1145 830 1187 857 10.
1210 829 1291 864 Item,
1313 830 1402 859 omnis
1423 834 1501 860 actus
1522 834 1549 860 et
1571 835 1661 861 motus
1682 834 1803 863 alienans
1825 843 1840 863 a
1855 835 1911 865 Deo

1063 878 1104 903 est
1124 883 1140 903 a
1161 875 1264 905 virtute
1285 880 1456 912 extraneus;
1478 878 1525 907 sed
1546 882 1624 908 actus
1644 881 1825 910 continentiae
1847 890 1911 911 con-

1063 921 1161 958 iugalis
1191 925 1233 951 est
1254 923 1333 951 talis:
1365 931 1431 961 ergo
1452 928 1503 953 etc.
1527 926 1665 955 Probatio
1693 928 1819 957 mediae.-
1841 928 1911 958 Osee

1062 968 1153 1004 primo
1167 969 1203 1002 ¹¹;
1225 969 1334 998 Glossa:
1362 982 1375 995 «
1390 971 1465 1000 Sicut
1480 971 1575 1000 vinum
1590 972 1707 1002 inebriat
1729 975 1869 1004 hominem
1883 979 1910 1004 et

1062 1022 1078 1042 a
1098 1017 1171 1043 statu
1193 1024 1259 1045 suae
1282 1017 1381 1045 mentis
1401 1018 1517 1053 alienat,
1539 1019 1577 1048 sic
1599 1020 1645 1048 lex
1667 1021 1784 1058 coniugii
1811 1022 1911 1051 alienat

1062 1060 1200 1090 hominem
1221 1063 1256 1091 ab
1278 1063 1320 1091 liis
1341 1071 1412 1100 quae
1434 1064 1481 1092 Dei
1503 1069 1569 1093 sunt
1583 1076 1618 1094 »:
1640 1074 1705 1104 ergo
1726 1071 1776 1096 etc.

1143 1109 1185 1136 11.
1209 1108 1290 1142 Item,
1305 1110 1400 1138 nullus
1413 1113 1506 1144 actus,
1529 1111 1556 1139 in
1571 1120 1627 1148 quo
1641 1113 1806 1142 absorbetur
1824 1115 1909 1150 ratio,

1060 1149 1101 1181 est
1121 1156 1199 1181 actus
1220 1154 1346 1188 virtutis;
1368 1155 1415 1183 sed
1437 1155 1463 1183 in
1485 1159 1549 1184 actu
1563 1158 1746 1187 continentiae
1760 1160 1911 1197 coniugalis

1060 1199 1180 1227 totaliter
1201 1199 1366 1228 absorbetur
1388 1201 1473 1229 ratio:
1495 1210 1562 1239 ergo
1576 1211 1630 1231 non
1645 1208 1687 1233 est
1704 1213 1774 1241 opus
1789 1206 1908 1235 virtutis.

1142 1246 1184 1274 19.
1208 1246 1287 1279 Item,
1304 1247 1397 1275 nullus
1411 1251 1502 1282 actus,
1517 1249 1565 1285 qui
1581 1254 1717 1287 repugnat
1737 1251 1910 1282 delectationi

1059 1291 1213 1328 spirituali,
1235 1295 1277 1321 est
1296 1295 1389 1322 motus
1411 1293 1537 1329 virtutis;
1560 1295 1607 1324 sed
1628 1299 1707 1326 actus
1727 1298 1910 1328 continentiae

1059 1337 1210 1375 coniugalis
1231 1341 1272 1367 est
1293 1339 1370 1368 talis:
1392 1347 1458 1377 ergo
1479 1344 1530 1370 etc.

1141 1384 1183 1414 13.
1207 1385 1290 1420 Item,
1305 1386 1395 1416 omnis
1409 1387 1499 1426 virtus
1511 1389 1637 1418 consistit
1651 1390 1724 1419 circa
1737 1391 1860 1421 medium
1872 1393 1909 1428 ¹²;

1059 1431 1106 1460 sed
1127 1431 1284 1467 delectatio,
1313 1441 1384 1470 quae
1406 1437 1447 1463 est
1474 1435 1502 1464 in
1530 1439 1594 1465 actu
1623 1437 1773 1475 coniugali,
1791 1442 1832 1468 est
1860 1448 1910 1469 ex-

1059 1477 1178 1507 cessiva:
1200 1486 1266 1516 ergo
1297 1479 1358 1509 eius
1378 1484 1457 1510 actus
1488 1490 1541 1510 non
1568 1482 1621 1512 erit
1651 1488 1730 1513 actus
1758 1493 1808 1514 nec
1839 1494 1909 1523 opus

1058 1524 1178 1554 virtutis.

1141 1573 1183 1601 14.
1207 1573 1289 1607 item,
1310 1574 1399 1603 omnis
1420 1574 1510 1604 virtus
1530 1579 1572 1605 est
1592 1576 1666 1606 circa
1687 1577 1790 1607 bonum
1813 1582 1840 1607 et
1858 1579 1909 1608 dif-

1058 1618 1145 1653 ficile,
1168 1619 1215 1648 sed
1245 1623 1324 1649 actus
1352 1621 1503 1658 coniugalis
1523 1624 1565 1651 est
1585 1622 1690 1660 fragilis
1703 1624 1725 1641 ¹³
1747 1627 1774 1653 et
1804 1625 1906 1654 facilis:

1058 1672 1125 1702 ergo
1146 1674 1200 1694 non
1222 1669 1263 1695 est
1284 1675 1354 1704 opus
1376 1668 1496 1697 virtutis.

1140 1713 1183 1741 15.
1200 1713 1276 1747 Item,
1291 1714 1474 1743 continentiae
1489 1718 1573 1744 aetus
1587 1718 1629 1745 est
1643 1717 1804 1751 concinam
1819 1719 1908 1747 conti-

1058 1767 1125 1787 nere
1136 1762 1228 1787 autem
1240 1762 1281 1788 est
1292 1768 1308 1788 a
1319 1760 1468 1790 concubitu
1482 1761 1636 1791 abstinere:
1653 1771 1719 1801 ergo
1731 1764 1796 1793 huic
1809 1765 1832 1782 ¹4
1844 1773 1907 1794 cum

1058 1805 1093 1833 sit
1107 1805 1278 1834 contrarium
1293 1815 1413 1836 uxorem
1428 1815 1609 1845 cognoscere,
1628 1810 1681 1839 erit
1695 1814 1722 1839 et
1736 1812 1908 1841 contrarium

1058 1852 1254 1887 continentiae,
1275 1861 1307 1882 ac
1327 1862 1378 1891 per
1399 1855 1452 1884 hoc
1472 1863 1523 1885 nec
1544 1856 1634 1886 virtus
1655 1865 1705 1886 nec
1726 1866 1797 1895 opus
1818 1859 1908 1888 virtu-

1057 1898 1108 1933 tis,
1129 1901 1156 1928 et
1177 1899 1216 1928 sic
1237 1907 1395 1938 repugnans
1416 1902 1459 1931 vel
1479 1902 1622 1932 dissonum
1642 1912 1658 1933 a
1679 1904 1738 1942 lege
1759 1905 1816 1935 Dei.

1373 2003 1388 2023 6
1397 2003 1413 2024 ο
1421 2004 1440 2023 Ν
1449 2004 1464 2023 6
1472 2004 1489 2024 L
1497 2004 1515 2025 u
1524 2004 1538 2025 s
1546 2005 1555 2025 1
1563 2004 1587 2026 o.

1058 2087 1212 2116 Pudicitia
1239 2088 1404 2126 coniugalia
1431 2089 1632 2127 approbabilis
1660 2095 1700 2120 est
1726 2095 1752 2121 ec
1779 2101 1907 2122 commta

1135 2133 1190 2172 lngi
1210 2134 1279 2169 Dei,
1300 2138 1326 2163 el
1349 2136 1465 2173 quidem
1493 2138 1654 2166 secundum
1681 2147 1779 2168 omnes
1801 2143 1906 2178 tempo-

1133 2181 1178 2209 ris
1199 2181 1380 2210 decurrentis
1399 2186 1503 2212 Status.

1134 2275 1310 2305 Responnao:
1332 2276 1501 2312 Dicendum,
1523 2279 1598 2316 quod
1618 2279 1723 2318 absque
1748 2281 1833 2310 dubio
1854 2290 1905 2319 pu·
1920 2291 2026 2312 canam.

1054 2321 1146 2350 dicitia
1160 2321 1311 2359 coniugalis
1325 2324 1512 2361 approbabiliS
1527 2329 1568 2360 est
1589 2329 1617 2356 et
1631 2335 1749 2357 consona
1771 2328 1822 2365 legi
1843 2328 1905 2363 Dei,

1116 2461 1126 2475 ⁹
1143 2464 1177 2486 De
1190 2465 1233 2487 boe
1245 2467 1267 2488 et
1278 2470 1345 2494 seqq.
1357 2471 1424 2494 argg.
1436 2467 1477 2489 cfr.
1489 2466 1513 2489 ll.
1526 2467 1587 2489 Sent.
1599 2467 1623 2490 d.
1635 2468 1673 2490 30.
1685 2473 1734 2496 seq.
1746 2470 1768 2490 et
1781 2467 1818 2490 IV.
1831 2468 1854 2491 d.
1866 2468 1904 2491 31.

1117 2500 1137 2514 ¹⁰
1153 2503 1184 2525 Ita
1201 2503 1232 2531 A,
1250 2503 1292 2526 sed
1309 2505 1354 2527 ΕΙ)
1368 2504 1471 2528 mulieri.

1117 2540 1135 2554 ²¹
1154 2543 1220 2565 Vers.
1239 2544 1246 2565 1
1258 2545 1275 2565 ἰ.
1286 2543 1366 2566 Glossa
1379 2545 1508 2567 secundum
1520 2550 1613 2567 sensum
1627 2548 1661 2568 est
1672 2548 1747 2568 sumta
1760 2552 1787 2568 ex
1798 2546 1903 2574 Hieron„

1054 2580 1184 2604 comment.
1201 2582 1223 2604 in
1241 2582 1300 2605 Osee
1316 2582 1355 2606 lib.
1372 2584 1388 2606 Ι.
1411 2590 1431 2606 c.
1449 2584 1474 2606 4:
1498 2584 1561 2607 Sicut
1577 2584 1639 2607 enim
1662 2585 1743 2608 vinum
1761 2588 1783 2608 et
1805 2585 1904 2608 ebrietas

1054 2626 1107 2643 eum
1125 2621 1165 2650 qui
1182 2620 1266 2644 biberit
1283 2622 1366 2644 mentis
1388 2628 1445 2644 suae
1471 2622 1582 2650 impotem
1600 2623 1665 2650 facit,
1689 2624 1718 2646 ita
1741 2626 1763 2646 et
1785 2624 1902 2646 fornicatio

1054 2665 1081 2682 ac
1097 2661 1205 2688 voluptas
1222 2661 1333 2689 pervertit
1349 2667 1443 2684 sensum
1455 2662 1608 2691 animumque
1625 2662 1735 2686 debilitat.
1745 2674 1777 2679 —
1787 2662 1862 2686 Codd.
1874 2663 1904 2685 ci·

1054 2701 1104 2721 tant
1120 2699 1164 2721 sic:
1182 2699 1213 2722 Io.
1230 2700 1246 2722 1.

1117 2736 1136 2749 ¹²
1153 2737 1258 2765 Ariston,
1275 2738 1300 2761 11.
1316 2739 1388 2762 Ethic.
1406 2746 1426 2762 c.
1444 2740 1469 2767 6;
1488 2741 1529 2763 cn:
1547 2740 1571 2763 lI.
1588 2740 1649 2763 Sent.
1666 2746 1720 2768 pag.
1738 2740 1796 2768 671,
1809 2743 1862 2763 nota
1880 2740 1903 2763 9.

1117 2775 1136 2788 ¹³
1153 2777 1216 2799 Idem
1234 2777 1271 2799 hic
1288 2781 1322 2800 est
1334 2784 1361 2801 ac
1371 2778 1452 2803 mollis
1468 2780 1519 2802 sive
1535 2779 1696 2810 effeminatus,
1714 2782 1739 2802 ut
1755 2780 1823 2802 etiam
1839 2780 1903 2808 apud

1054 2815 1162 2838 classicos
1186 2819 1319 2844 usurpatur.
1337 2829 1369 2834 —
1386 2817 1464 2841 Μαίον
1489 2819 1585 2841 docetur
1611 2818 1640 2841 ab
1662 2818 1766 2847 Aristot.,
1789 2819 1813 2841 ll.
1830 2819 1902 2841 Ethic.

1054 2859 1074 2876 c.
1091 2854 1116 2882 35
1135 2855 1176 2877 cl'r.
1193 2860 1264 2883 supra
1281 2861 1337 2884 pag.
1354 2856 1412 2884 139,
1429 2859 1483 2879 nota
1500 2856 1522 2880 4.

1117 2891 1136 2905 ¹⁴
1153 2892 1228 2916 Codd.
1252 2895 1313 2916 male
1337 2894 1399 2924 Ῐιοο,·
1424 2897 1466 2918 cfr.
1492 2896 1549 2918 Infra
1573 2902 1593 2919 a.
1616 2897 1639 2919 2.
1664 2902 1714 2924 arg.
1731 2897 1752 2918 2.
1770 2895 1800 2918 ad
1817 2900 1901 2924 oppos.

1054 2933 1136 2961 Quoad
1153 2933 1209 2955 alios
1231 2939 1334 2962 errores,
1359 2937 1422 2957 ortos
1445 2941 1472 2957 ex
1495 2936 1630 2969 confusione
1654 2935 1804 2958 terminorum
1829 2933 1901 2958 confi-

1053 2971 1145 2995 nenticw
1161 2975 1184 2994 et
1200 2972 1332 3002 continere,
1351 2974 1421 2996 codd.
1439 2974 1540 2996 invicem
1557 2980 1582 2996 se
1599 2974 1725 3002 corrigunt.
