2285 3398
351 171 406 199 906

350 249 569 277 conformitatem
591 248 623 277 ad
645 249 737 277 omnia
758 249 909 286 praemissa
924 258 1002 279 sacra
1016 251 1160 288 Scriptura
1174 250 1201 278 in

350 303 406 324 una
428 295 519 323 littera
540 295 740 324 multiformem
762 296 835 333 parit
855 296 1072 334 intelligentiam.

428 342 564 379 Competit
586 343 668 371 etiam
700 343 752 372 hoe
781 344 929 372 auditori:
951 344 1018 381 quia
1045 344 1140 372 nullus
1160 346 1202 372 est

205 397 336 439 mmseefifflq
349 389 514 417 conveniens
535 389 595 418 eius
615 389 729 422 auditor¹
746 390 798 419 nisi
820 389 951 425 lntnzitis,
973 391 1113 423 mundus,
1132 389 1201 426 fide-

206 426 384 485 ῗῑῳξοὲηιωίίς
405 439 432 464 et
453 436 603 464 studiosus
616 437 633 465 ¹.
657 437 718 465 Ideo
749 437 802 466 snb
830 438 932 466 cortice
960 438 1067 466 litterae
1089 439 1202 473 apertae

231 470 282 486 ‘¹²¹³'
348 482 505 511 occultatur
526 483 643 519 mystica
664 487 691 512 et
712 484 850 520 profunda
871 484 1051 521 intelligentia
1072 483 1105 511 ad
1127 490 1201 511 com-

348 529 525 565 primendum
546 530 722 567 superbiam,
748 534 779 559 ut
802 531 889 568 ipsius
904 530 1090 568 profunditate
1106 530 1133 558 in
1148 530 1201 558 liu-

337 576 463 605 ⁴militate
494 577 602 606 litterae
631 578 732 606 latente
760 581 787 607 et
815 578 935 615 superbi
962 577 1200 613 comprimantur,

347 626 375 652 et
396 623 544 652 imminuti·
564 624 748 661 repellantur,
771 629 798 653 et
811 624 999 662 frandulenta*
1012 623 1200 658 declinentur,

348 674 375 699 et
396 670 568 708 negyligyentes
589 672 749 700 excitentur
770 672 804 700 ad
825 671 1034 708 intelligentiam
1055 671 1202 707 mysterio-

348 725 421 746 rum.
445 734 481 738 -—
504 718 535 746 Et
556 718 622 755 quia
651 718 762 747 auditor
793 719 873 747 istius
904 718 1045 747 doctrinae
1077 726 1131 746 non
1160 721 1201 747 est

348 765 433 793 unius
454 765 579 802 generis,
598 765 644 794 sed
667 765 830 800 cuiuslibet;
845 773 941 793 omnes
962 765 1034 794 enim
1057 765 1201 794 salvandos

347 815 457 849 oportet
477 812 571 849 aliqua
591 812 624 841 de
640 812 691 841 liac
705 812 831 841 doctrina
845 812 916 841 scire
928 812 955 846 ’ἢ
971 812 1031 841 ideo
1053 812 1112 848 ipsa
1126 811 1200 840 mul-

205 858 496 899 Quaiuor-er-(ilbi-ment
517 859 600 888 babet
631 859 854 896 intelligentiam,
876 862 908 887 ut
929 859 968 888 sic
989 867 1098 888 omnem
1120 858 1200 887 intel-

240 891 306 909 [κω
347 906 449 935 lectum
464 906 580 943 capiat,
595 906 669 934 omni
685 906 835 935 intellectui
851 906 1072 940 condescendat,
1088 906 1198 935 omnem

347 954 517 982 intellectum
538 953 746 991 superexcedat
767 956 794 982 et
815 961 925 982 omnem
947 953 1119 982 intellectum
1147 953 1199 982 sibi

346 1001 491 1038 diligenter
522 1000 709 1029 intendentem
740 1000 917 1029 multitudine
945 1000 1112 1030 radiositatis
1133 1008 1199 1029 suae

347 1048 490 1076 ‘illuminet
511 1048 615 1085 pariter
637 1051 664 1076 ct
685 1048 833 1077 (tecentlttt.

426 1095 561 1132 Competit
582 1095 664 1124 etiam
683 1095 848 1132 principio,
870 1104 890 1123 a.
915 1104 971 1134 qno
992 1098 1048 1123 est:
1071 1095 1137 1132 quia
1157 1098 1199 1124 est

214 1148 362 1177 'remeari-‘a
386 1143 441 1171 Deo
463 1145 512 1179 pe'r
536 1142 686 1172 Christum
707 1147 734 1171 et
756 1143 900 1180 Spiritum
931 1146 1057 1171 sanctum
1085 1143 1199 1180 loquen-

251 1180 297 1196 ω’
347 1194 401 1218 tem
424 1197 473 1226 per
495 1198 545 1218 ora
567 1190 767 1226 Prophetarum
789 1192 816 1218 et
837 1190 972 1223 aliorum,
988 1190 1035 1226 qui
1058 1190 1129 1218 lianc
1151 1190 1199 1218 do-

347 1236 464 1265 ctrinam
488 1236 660 1273 scripserunt
672 1236 691 1264 ³.
707 1236 842 1272 Quoniam
864 1239 957 1265 autem
978 1237 1054 1265 Dens·
1069 1245 1123 1264 non
1140 1239 1198 1264 tan-

215 1291 276 1311 Μή,
293 1297 334 1310 curn
349 1286 409 1311 tum
420 1283 545 1320 loquitur
560 1291 609 1319 per
624 1283 712 1311 rverbo
722 1306 730 1316 ,
747 1283 938 1311 verumetiam
954 1291 1004 1319 per
1018 1282 1118 1320 faeta,
1134 1283 1200 1320 quia

204 1315 434 1366 ffiffffeifflssiipsius
455 1330 550 1358 (licere
571 1329 660 1357 facere
682 1332 738 1362 est,
761 1332 788 1357 et
816 1329 903 1365 ipsius
923 1328 1021 1366 faeere
1042 1329 1150 1362 dicere3
1172 1332 1200 1357 et

202 1362 265 1380 ‘⁰⁰²⁶'
346 1376 438 1404 onmia
459 1379 551 1404 creata
579 1379 711 1412 tanquam
744 1375 791 1404 Dei
824 1376 938 1404 effectus
970 1376 1091 1404 innuunt
1119 1384 1198 1404 suam

346 1431 473 1452 causam:
497 1423 556 1451 ideo
578 1423 605 1451 in
627 1423 772 1459 Scriptura
794 1423 927 1451 divinitus
949 1423 1051 1451 tradita
1065 1431 1119 1451 non
1142 1426 1199 1451 tan-

346 1473 406 1499 tum
427 1470 528 1499 debent
550 1470 705 1507 significare
719 1470 819 1504 verba,
836 1478 934 1499 verum
949 1470 1032 1499 etiam
1052 1469 1143 1507 fitetct.
1161 1486 1198 1491 -—-

187 1525 190 1529 ·
207 1525 282 1552 enisio
298 1525 332 1543 im-
345 1517 473 1546 Cliristus
493 1517 575 1545 etiam
596 1517 708 1551 doctor,
731 1517 793 1545 licet
814 1520 886 1545 esset
914 1517 1027 1545 humilis
1048 1517 1075 1545 in
1098 1525 1197 1551 carne,

214 1550 331 1568 ”mmmm
345 1565 417 1593 altus
439 1567 529 1593 tamen
552 1567 611 1593 erat
633 1564 659 1592 in
687 1564 803 1593 deitate:
826 1564 887 1593 ideo
911 1564 1025 1593 decebat
1056 1564 1148 1601 ipsum
1171 1567 1198 1593 et

345 1611 405 1640 eius
425 1611 579 1640 doctrinam
601 1611 704 1640 habere
719 1610 912 1639 humilitatem
930 1611 962 1639 in
982 1619 1114 1639 sermone
1132 1619 1196 1640 cum

342 1657 546 1696 profunditate
566 1659 735 1693 sententiae,
751 1662 798 1693 ut,
814 1659 892 1687 sicut*
907 1658 1035 1687 Christus
1056 1658 1108 1687 fuit
1130 1667 1197 1696 pan-

345 1707 444 1735 niculis
465 1706 608 1735 involutus
619 1706 640 1740 4,
656 1706 693 1734 ita
712 1706 845 1743 sapientia
859 1705 908 1735 Dei
924 1705 951 1734 in
966 1706 1111 1742 Scriptura
1126 1706 1197 1744 figu-

254 1762 333 1789 §pisam
346 1754 385 1783 ris
411 1753 579 1791 quibusdam
608 1753 761 1782 humilibus
789 1753 988 1782 involveretur.
1018 1769 1054 1773 —
1077 1753 1197 1790 Spiritus

214 1785 425 1836 ffit'tffl‘li'ffiietimn
448 1804 560 1830 sanctus
580 1800 764 1829 diversimode
785 1800 941 1829 illustrabat
966 1802 994 1829 et
1015 1800 1197 1829 revelationes

214 1834 289 1851 ”mm
344 1849 460 1878 faciebat
481 1848 508 1877 in
530 1847 661 1877 cordibus
683 1848 901 1884 l‘rophetarum;
918 1847 1009 1884 ipsum
1030 1847 1113 1876 etiam
1134 1847 1197 1876 nul-

346 1897 389 1925 lus
410 1896 496 1924 latere
523 1898 613 1932 potest
642 1894 812 1928 intellectus,
834 1897 861 1923 et
882 1894 984 1936 missus
1005 1896 1065 1923 erat
1086 1901 1197 1922 omnem

344 1943 443 1972 docere
464 1942 649 1971 veritatem⁵z
672 1941 732 1970 ideo
753 1942 926 1979 competebat
951 1942 1012 1970 eius
1039 1941 1196 1975 doctrinae,

345 1993 377 2019 ut
396 1990 424 2018 in
446 1998 502 2018 uno
523 1996 651 2018 sermone
674 1987 840 2025 multiplices
861 1989 978 2017 laterent
992 1988 1196 2025 intelligentiae.

424 2036 560 2073 Competit
587 2036 767 2064 nihilominus
795 2036 846 2073 ipsi
866 2035 937 2073 sini.-
959 2035 1026 2073 quia
1054 2035 1198 2072 Scriptura

203 2091 281 2115 Quarto.
301 2092 332 2118 ani
345 2084 408 2113 data
429 2087 486 2117 est,
508 2086 540 2111 nt
561 2091 612 2120 per
634 2083 720 2119 ipsam
735 2083 871 2120 dirigatur
886 2083 969 2112 bomo
984 2083 1011 2111 in
1027 2075 1197 2120 eogynoseen-

215 2115 392 2160 qumdm'dz's
412 2134 439 2160 et
467 2131 603 2168 offendis,
626 2133 657 2158 ut
690 2130 796 2159 tandem
829 2130 972 2167 perveniat
999 2122 1198 2167 adoptando?

346 2179 378 2207 Et
398 2178 465 2215 quia
485 2185 581 2207 omnes
602 2180 747 2206 creaturae
768 2177 802 2205 ad
823 2177 874 2206 boc
889 2177 976 2206 factae
990 2180 1071 2211 sunt,
1093 2180 1125 2206 ut
1140 2185 1198 2206 ser-

410 2339 418 2353 ²
435 2340 481 2363 Cfr.
498 2340 608 2368 August„
626 2339 650 2361 lt.
667 2338 697 2361 de
714 2338 791 2361 Doctr.
807 2339 942 2367 christiana,
960 2346 980 2362 c.
998 2340 1035 2363 41.
1052 2347 1075 2363 n.
1093 2341 1131 2363 6-2.
1148 2346 1197 2369 seq.

346 2380 379 2402 De
400 2386 450 2408 seq.
469 2379 628 2408 propositione
646 2378 700 2400 vide
718 2377 773 2400 ibid.
791 2384 810 2400 c.
829 2379 850 2400 6.
872 2385 895 2400 n.
917 2379 940 2401 7.
961 2385 1024 2408 seq.‚
1046 2382 1068 2402 ct
1086 2379 1198 2402 Clement.

346 2419 468 2442 Alexandr.
485 2419 522 2441 Vl.
540 2419 650 2440 Sti-emat.
666 2424 686 2440 c.
705 2417 785 2440 st5.—
796 2417 892 2439 lnfcrius
909 2424 952 2446 pro
969 2420 1066 2447 apertae
1083 2419 1099 2441 F
1115 2420 1177 2448 apte.

408 2457 418 2471 ⁹
434 2458 495 2481 vide
519 2458 552 2480 ΙΙΙ.
574 2458 636 2480 Sent.
652 2457 676 2479 d.
693 2456 731 2479 23.
748 2463 769 2478 a.
788 2457 808 2479 rl.
826 2463 850 2485 q.
867 2458 889 2479 3.
906 2469 937 2474 -
954 2458 1077 2486 Aliquanto
1103 2458 1199 2481 inferius

346 2504 390 2526 pro
406 2496 557 2520 ‘multitudine
574 2497 592 2519 Α
609 2494 748 2519 multimode
765 2494 864 2518 tamine.

410 2535 419 2548 ³
436 2536 483 2560 Cfr.
500 2537 523 2558 ll.
541 2537 599 2558 l‘etr.
621 2536 643 2563 l,
661 2536 741 2557 21.-
752 2535 785 2557 De
801 2541 851 2564 seq.
868 2536 1027 2563 propositione
1044 2537 1085 2558 cir.
1102 2537 1117 2558 l.
1136 2536 1198 2558 Sent.

347 2576 370 2598 d.
382 2576 419 2598 27.
432 2582 456 2604 p.
468 2576 492 2597 ll.
504 2582 528 2604 q.
539 2576 560 2597 2.
572 2587 604 2591 —
615 2574 721 2596 Nonnulli
739 2574 809 2596 codd.
825 2576 971 2598 sumserunt.
992 2575 1087 2597 inferius
1105 2575 1198 2603 plurimi

347 2615 417 2638 codd.
434 2618 456 2638 et
473 2616 486 2637 2
503 2614 611 2637 omittunt
628 2616 649 2637 et
665 2613 740 2643 ipsius
756 2613 836 2642 facere
852 2614 938 2638 dicerer.

409 2654 418 2666 ⁴¹
436 2654 566 2682 ltespicitur
578 2654 633 2677 Luc.
645 2655 666 2681 2,
678 2654 704 2676 7:
717 2655 743 2676 Et
754 2654 837 2682 pannis
852 2660 906 2676 eum
920 2654 1023 2677 involvit.
1035 2654 1082 2677 Cfr.
1096 2654 1198 2682 Origen.,

348 2694 370 2715 in
387 2694 443 2716 Lev.
460 2693 539 2715 lioniil.
561 2694 579 2715 Ι.
596 2699 619 2715 n.
639 2693 660 2715 t.

410 2731 419 2744 ⁶
436 2733 498 2754 ioan.
520 2733 558 2759 145,
581 2732 618 2754 13:
636 2732 694 2754 Cum
712 2735 790 2754 autem
806 2732 896 2754 venerit
914 2732 949 2754 ille
967 2732 1065 2760 Spiritus
1082 2733 1197 2759 veritatis,

347 2771 440 2795 docebit
456 2778 500 2794 vos
516 2777 611 2793 omnem
629 2771 758 2794 veritatem.
773 2783 805 2788 —
821 2771 864 2793 Pro
881 2772 904 2794 et
919 2771 1007 2794 missus
1032 2772 1083 2794 Vnt.
1100 2775 1122 2794 et
1143 2773 1165 2799 l,
1184 2772 1197 2794 3

348 2811 390 2841 qui
405 2810 500 2834 missus.
518 2811 614 2833 inferius
631 2817 673 2839 pro
691 2809 737 2840 ipsi
751 2810 795 2840 fini
811 2811 855 2832 Eli
873 2810 947 2839 ipsius
963 2810 1013 2841 fini.
1031 2811 1135 2834 Subinde
1152 2811 1198 2834 tide

348 2851 473 2873 inultorum
492 2850 560 2872 codd.
578 2853 600 2872 et
617 2851 630 2872 2
648 2849 809 2872 substituimus
826 2849 931 2879 opmnda
947 2856 990 2878 pro
1007 2852 1095 2879 optata.

410 2888 420 2901 ⁴³
437 2889 483 2912 Cfr.
500 2890 524 2911 ll.
542 2890 604 2911 Scnt.
622 2889 645 2911 d.
667 2889 701 2911 15.
718 2895 739 2911 a.
756 2890 779 2911 2.
791 2895 814 2917 q.
828 2889 848 2911 l.
859 2900 891 2905 —
902 2889 952 2910 Mox
970 2895 1012 2916 pro
1030 2889 1138 2918 ipsarum
1150 2890 1199 2917 plu·

350 2928 401 2951 rimi
414 2929 483 2951 codd.
495 2932 517 2951 et
529 2930 542 2951 2
555 2928 627 2958 ipsas.
640 2928 744 2950 Subinde
756 2934 798 2955 pro
809 2929 925 2956 aqnoscat
936 2928 955 2950 D
964 2928 979 2949 F
989 2928 1006 2949 G
1014 2929 1032 2950 ll
1040 2929 1055 2950 L
1065 2930 1198 2957 coquoscat.

414 2965 422 2979 ⁷
442 2968 471 2989 lta
490 2968 508 2990 {tl
519 2968 542 2994 Ρ,
555 2970 589 2989 ast
602 2968 620 2995 Q
638 2966 783 2994 terribiliter,
796 2966 814 2988 T
827 2965 1003 2994 universaliter,
1018 2966 1054 2988 alii
1071 2967 1107 2988 vel
1119 2972 1173 2989 cum
1185 2968 1199 2989 2

1104 172 1351 208 BREVILOQtssit'M

1259 249 1334 277 viant
1355 248 1459 277 homini
1482 249 1603 277 tendenti
1631 249 1665 277 ad
1694 258 1843 286 supernam
1870 253 2024 288 patriam⁰;
2048 255 2107 283 ideo

1259 296 1403 332 Scriptura
1427 296 1545 325 assumit
1576 296 1699 332 ipsarum
1728 300 1921 327 creaturarum
1944 301 2047 336 specics
2067 302 2107 330 di-

1258 350 1368 377 versas,
1392 346 1422 371 ut
1443 343 1482 371 sie
1503 351 1553 380 per
1575 343 1634 371 illas
1655 342 1751 372 doceat
1781 352 1831 372 nos
1860 345 2020 381 sapientiam
2042 347 2108 376 diri-

1258 392 1366 425 gentem
1388 397 1439 417 nos
1460 389 1493 417 ad
1515 393 1642 417 aeterna.
1667 389 1697 418 Et
1718 390 1784 426 quia
1799 390 1882 418 homo
1903 399 1957 419 non
1979 391 2108 429 dirigitur

1258 435 1293 464 ad
1313 439 1441 469 aeterna,
1463 436 1515 465 nisi
1543 436 1690 473 coynitt'oct
1718 430 1847 473 agnoscat
1875 445 1973 466 verum
1996 439 2109 467 creden-

1258 482 1341 517 dum,
1362 486 1390 512 et
1411 483 1563 520 operation
1584 483 1664 512 faciat
1685 483 1789 512 bonum
1811 484 1997 520 operandum,
2019 488 2046 513 et
2061 485 2108 522 αβ-

1258 529 1364 567 fection
1385 531 1507 567 suspiret
1531 531 1565 559 ad
1586 531 1674 559 Deum
1694 530 1843 559 videndum
1865 534 1892 559 et
1914 532 2062 561 amandum
2083 536 2111 562 et

1258 576 1475 612 perfruendum:
1505 577 1569 605 liinc
1594 580 1651 611 est,
1677 577 1752 614 quod
1778 577 1922 614 Scriptura
1944 586 2038 612 sacra,
2060 586 2110 615 per

1259 623 1392 660 Spiritum
1414 628 1540 653 sanctum
1565 624 1643 659 data,
1672 625 1789 653 assumit
1817 625 1920 654 librum
1949 629 2109 660 creaturae,

1259 670 1403 699 referendo
1425 670 1451 698 in
1474 671 1556 700 tinem
1578 671 1731 700 secundum
1747 671 1883 708 triplicem
1898 672 2011 701 modum
2031 672 2110 701 intel<
2123 680 2197 707 Triplex
2214 686 2253 708 rm.»

1259 717 1400 753 ligentiae3
1416 720 1448 746 ut
1470 718 1508 746 sic
1529 726 1579 755 per
1601 718 1794 756 tropologiam
1816 718 1968 748 habeamus
1983 719 2108 748 notitiam
2135 704 2254 750 gggfflfin-

1258 765 1441 801 “penitorum
1463 765 1617 800 viriliter⁷;
1640 774 1689 802 per
1711 765 1883 803 allegoriam
1898 766 2110 795 eredendorzwn

1258 811 1409 845 veraciter;
1432 820 1481 848 per
1503 813 1684 850 amtqoycctm
1705 812 1971 841 desider-anctorum
1991 813 2109 842 delecta-

1258 858 1372 892 biliter3⁴
1387 861 1419 887 ut
1434 859 1472 887 sic
1487 859 1596 896 purgati
1612 867 1662 896 per
1683 859 1837 888 virtuosam
1857 860 2056 896 operationem,
2078 860 2109 889 il—

1257 906 1383 934 lnminati
1404 913 1455 942 per
1477 906 1614 935 radiosam
1642 906 1725 935 fidem
1753 909 1781 935 et
1805 906 1919 943 perfecti
1940 914 1989 943 per
2010 907 2109 935 arden-

1257 953 1391 981 tissimam
1413 953 1572 988 caritatem,
1594 954 1791 990 perveniamus
1808 953 1916 983 tandem
1932 953 1966 982 ad
1981 953 2109 983 bravium

1257 999 1394 1028 felicitatis
1414 1003 1552 1036 aeternae.

1415 1096 1432 1130 ᾖ
1455 1096 1480 1123 o'.
1507 1095 1545 1123 De
1559 1095 1644 1123 inodo
1659 1095 1836 1132 procedendi
1857 1095 1952 1133 ipsius

1526 1150 1631 1170 Sttcrtte
1653 1142 1834 1179 Scripturae.

1337 1235 1363 1263 ln
1387 1238 1461 1263 tanta
1482 1235 1567 1272 igitur
1594 1236 1817 1265 multiformitate
1843 1236 2008 1273 sapientiae,
2036 1244 2108 1274 quae

1256 1281 1414 1310 continetur
1429 1282 1456 1309 in
1479 1282 1566 1318 ipsius
1580 1290 1675 1312 sacrae
1690 1282 1849 1319 Scripturae
1865 1283 2033 1317 latitudine,
2049 1283 2109 1312 ton-

1255 1328 1403 1365 9itttsline,
1419 1329 1572 1357 altitudine
1586 1333 1614 1358 et
1625 1329 1793 1367 profundo,
1809 1338 1883 1358 unus
1898 1333 1940 1359 est
1954 1331 2108 1359 communis
2284 1363 2285 1372 ἵ

1256 1375 1355 1404 modus
1376 1376 1541 1413 procedendi
1564 1375 1749 1405 authenticus
1761 1376 1782 1411 Β,
1798 1376 1924 1406 videlicet
1938 1377 2011 1405 intra
2025 1384 2109 1413 quem
2122 1384 2142 1402 in
2151 1389 2188 1402 uno
2195 1384 2254 1411 moda

1256 1422 1414 1451 continetur
1436 1423 1535 1451 modus
1562 1423 1757 1457 ‘nari-atiena,
1777 1423 2016 1461 praeceptorias,
2038 1432 2109 1460 pro-
2134 1407 2252 1457 Εξῖἓῗέἳὲἓῖ
2284 1437 2285 1440 =

1256 1468 1404 1503 heticium,
1426 1469 1636 1504 exhortativus,
1649 1471 1872 1508 praedications
1884 1471 1905 1505 9,
1921 1471 2108 1500 comminato-
2133 1454 2160 1473 αι’

1256 1517 1338 1551 ritis,
1357 1517 1571 1554 promissivus,
1593 1517 1813 1555 deprecatorias
1833 1521 1860 1546 et
1882 1518 2061 1546 ltttttlatiotts.
2079 1518 2110 1546 Et

1253 1569 1350 1593 'omnes
1371 1564 1398 1592 hi
1415 1564 1488 1593 modi
1510 1564 1562 1593 sub
1577 1573 1633 1593 uno
1648 1564 1729 1593 modo
1743 1565 1904 1593 authentico
1923 1568 2109 1602 reponuntur,

1254 1613 1282 1639 et
1303 1611 1355 1640 lioc
1376 1611 1487 1648 quidem
1510 1612 1576 1640 satis
1598 1615 1681 1641 recte.

1333 1658 1404 1694 Quia
1424 1658 1497 1687 enim
1519 1659 1586 1687 haec
1607 1659 1734 1688 doctrina
1748 1662 1805 1693 est,
1826 1663 1858 1687 ut
1879 1659 1947 1688 boni
1963 1659 2074 1697 fiamus
2085 1660 2108 1676 ¹⁰
2121 1665 2236 1690 Explicatur-

1254 1708 1281 1735 et
1302 1705 1455 1740 salvemur;
1476 1708 1503 1735 et
1525 1706 1577 1734 hoc
1598 1714 1653 1734 non
1676 1706 1707 1734 fit
1728 1713 1778 1742 per
1792 1706 1895 1734 nudam
1911 1706 2108 1736 consideratio-

1254 1760 1330 1786 nem,
1352 1752 1400 1781 sed
1427 1752 1520 1789 potius
1545 1760 1595 1789 per
1623 1753 1829 1781 inclinationem
1858 1753 2024 1782 voluntatis:
2046 1753 2107 1782 ideo

1254 1799 1399 1837 Scriptura
1419 1799 1512 1828 divina
1526 1807 1558 1828 eo
1573 1799 1654 1828 modo
1668 1799 1764 1828 debuit
1779 1799 1864 1834 tradi,
1879 1807 1936 1837 quo
1950 1800 2031 1828 modo
2049 1807 2107 1829 ma—

1254 1847 1295 1884 gis
1316 1854 1461 1884 possemus
1482 1846 1617 1875 inclinari.
1640 1847 1672 1875 Et
1699 1846 1765 1883 quia
1786 1846 1874 1883 magis
1893 1849 2022 1875 movetur
2043 1847 2108 1876 affe-

1255 1897 1317 1923 ctus
1337 1893 1371 1922 ad
1391 1893 1522 1931 exemplet
1537 1902 1620 1931 quam
1642 1893 1677 1922 ad
1695 1896 1875 1930 argumenta,
1890 1893 1978 1931 magis
1992 1893 2026 1922 ad
2036 1902 2108 1931 pro-

1254 1941 1405 1969 missiones
1419 1949 1504 1978 quam
1520 1940 1554 1969 ad
1569 1940 1801 1974 ratiocinationes,
1816 1940 1903 1977 magis
1921 1948 1971 1978 per
1986 1940 2108 1969 deuotio-

1254 1997 1303 2017 ηας
1327 1996 1412 2025 quam
1434 1996 1483 2025 per
1511 1988 1701 2021 definitiones;
1721 1987 1782 2016 ideo
1807 1987 1951 2024 Scriptura
1972 1987 2024 2016 ista
2052 1995 2108 2016 non

1254 2036 1350 2065 debuit
1364 2036 1467 2065 habere
1482 2035 1595 2064 modum
1616 2034 1813 2072 definitivum,
1836 2034 1995 2063 divisivum
2010 2037 2038 2064 et
2052 2035 2108 2064 eot-

1255 2083 1388 2112 leetiourn
1408 2083 1442 2111 ad
1457 2082 1632 2120 probandum
1647 2079 1787 2119 passiones
1801 2082 1909 2120 aliquas
1923 2082 1957 2111 de
1982 2083 2108 2112 subiecto

1254 2130 1288 2158 ad
1309 2129 1423 2159 modum
1437 2129 1556 2158 aliarum
1572 2129 1749 2158 scientiarum
1762 2130 1799 2163 ¹¹3
1816 2129 1863 2158 sed
1877 2129 2017 2167 oportuit,
2032 2130 2107 2167 quod

1254 2177 1370 2206 liaberet
1397 2176 1493 2205 modos
1524 2176 1668 2213 proprios,
1692 2175 1845 2205 secundum
1874 2177 1966 2205 varias
1995 2176 2108 2205 inclina-

1255 2338 1424 2367 materffllMer,
1437 2339 1474 2361 vel
1486 2345 1541 2361 cum
1558 2339 1621 2366 Vat„
1638 2339 1642 2361 Ι
1659 2342 1681 2361 et
1694 2339 1706 2361 3
1720 2337 1852 2362 moraliter.
1869 2337 1927 2359 Voci
1945 2337 2053 2360 notitiam
2064 2338 2109 2360 DF

1255 2379 1406 2407 praemittunt
1422 2377 1602 2407 intellt‘qentiam
1619 2378 1676 2401 sire.
1792 2408 1795 2410 q

1318 2416 1328 2429 Β
1345 2418 1380 2440 Du
1397 2417 1489 2445 Gange,
1506 2413 1647 2440 Glossarium
1665 2420 1707 2439 ete.
1724 2417 1794 2439 refert
1810 2421 1837 2437 ex
1855 2415 1936 2450 ¹⁰23}st
1956 2416 2041 2438 lanua:
2060 2416 2108 2439 Ait-

1255 2457 1371 2481 tltenticus
1390 2456 1434 2486 [ab
1452 2453 1563 2478 αΰθεντεῖν
1581 2457 1594 2479 i.
1606 2462 1626 2479 e.
1639 2456 1753 2479 dominari
1763 2455 1784 2485 ]‚
1796 2454 1937 2478 auctoritate
1949 2452 2044 2484 plenus’,
2061 2454 2108 2485 fide

1255 2496 1354 2526 diffluas,
1372 2496 1408 2518 cui
1426 2496 1502 2524 primo
1520 2495 1657 2518 credebatur
1674 2502 1701 2517 ex
1719 2494 1753 2517 sui
1776 2494 1895 2521 dignitate.
1912 2494 1979 2520 item,
1996 2494 2108 2516 authenti-

1255 2542 1296 2559 cus
1313 2536 1396 2559 dicitu·
1412 2535 1481 2558 etiam
1500 2534 1591 2558 nobilis.
1607 2547 1638 2552 —
1652 2534 1734 2557 Verbis
1751 2533 1895 2561 transpositis
1918 2534 1922 2554 Ι
1944 2532 2051 2556 videlicet
2066 2539 2108 2555 utt-

1256 2575 1380 2599 mentiens.

1318 2614 1328 2627 ⁰
1345 2616 1375 2638 lta
1392 2615 1408 2637 P
1418 2615 1437 2643 Q
1447 2615 1474 2642 S,
1492 2614 1528 2636 alii
1544 2612 1734 2644 praedicatorias
1741 2621 1749 2642 ,·
1760 2612 1782 2634 in
1794 2611 1843 2634 aliis
1857 2611 1926 2634 codd.
1938 2613 1960 2633 et
1971 2611 2026 2633 edd.
2035 2617 2107 2640 prae-

1255 2653 1363 2682 ‹tit-tans,
1380 2654 1445 2682 qnod
1463 2653 1540 2675 minus
1557 2653 1682 2675 convenire
1708 2651 1803 2674 videtur
1827 2649 1905 2672 verbis
1931 2649 2040 2679 beneficia
2063 2649 2108 2673 sibi

1255 2695 1359 2721 ostensa,
1377 2692 1463 2722 quibus
1481 2693 1525 2714 lioc
1542 2692 1684 2714 adiectivnm
1702 2689 1836 2718 respondet.

1319 2731 1338 2745 ¹⁰
1354 2733 1394 2754 llis
1411 2731 1489 2754 verbis
1507 2731 1615 2754 describit
1632 2731 1731 2757 aristot,
1749 2729 1773 2751 ll.
1784 2729 1855 2751 Etliic.
1871 2734 1892 2751 e.
1909 2729 1936 2755 2,
1948 2728 2017 2750 finem
2035 2728 2107 2750 selen-

1256 2772 1300 2794 tiae
1317 2772 1418 2794 moralis.
1435 2771 1481 2794 Cfr.
1499 2771 1513 2793 l.
1532 2772 1592 2793 Sent.
1610 2771 1717 2792 Prooem.
1734 2775 1757 2797 q.
1774 2768 1796 2790 3.

1319 2810 1338 2823 ¹¹
1355 2811 1454 2838 Aristot,
1467 2811 1481 2832 l.
1494 2811 1579 2833 Poster.
1592 2816 1612 2832 c.
1623 2810 1650 2832 7:
1669 2808 1723 2837 Tria
1740 2807 1802 2829 enim
1819 2809 1872 2829 sunt
1889 2806 1910 2829 in
1929 2806 2107 2829 demonstratio-

1255 2849 1336 2872 nibus:
1355 2856 1428 2872 unum
1445 2849 1541 2878 quidem
1558 2854 1619 2878 qnae
1637 2848 1808 2870 demonstratur
1824 2845 1964 2868 conclusio...
1982 2851 2055 2868 unum
2068 2851 2106 2867 au-

1256 2892 1302 2911 tem
1320 2889 1443 2917 dignitates
1460 2887 1623 2918 [axiomata];
1640 2886 1763 2914 dignitates
1785 2888 1862 2907 autem
1886 2888 1951 2912 sunt,
1969 2891 1996 2907 ex
2019 2883 2106 2913 quibus

1256 2932 1290 2951 est
1306 2919 1485 2955 demonstr-atim
1503 2928 1689 2953 tertiumeutem
1713 2931 1787 2953 genus
1809 2924 1952 2951 subiectum,
1970 2925 2036 2947 cuins
2052 2930 2106 2952 pas-

1256 2968 1333 2990 siones
1350 2966 1382 2997 [i.
1395 2974 1415 2990 e.
1428 2966 1595 2995 proprietates]
1612 2968 1635 2988 et
1652 2971 1693 2993 per
1710 2971 1735 2987 se
1745 2964 1876 2987 accidentia
1894 2964 1995 2986 ostendit
2011 2964 2106 2986 demon-
