2285 3398
219 275 315 295 Secunda.

245 560 315 578 Tertia.

239 888 315 911 Quarta.

330 144 387 173 392

410 223 456 251 27.
480 221 606 250 Secunda
626 221 757 259 allegoria
784 221 818 250 de
842 221 922 250 beata
942 221 1027 250 Maria
1048 222 1178 259 Virgine3

329 269 432 299 dicitur
456 269 484 298 in
516 268 622 297 Psalmo
635 269 661 296 ¹:
683 268 718 297 In
738 268 797 297 sole
824 268 926 306 posuit
955 268 1178 298 tabernaculum

327 325 432 351 suum;
452 315 526 345 unde
547 318 589 344 est
606 315 716 353 pulcra
737 319 770 344 ut
791 315 881 349 luna,
902 315 989 345 electa
1003 320 1036 345 ut
1049 316 1108 351 sol,
1124 320 1179 345 ter-

328 363 424 393 ribilis
444 366 476 391 ut
497 366 666 391 castrorum
693 363 771 391 acies
799 363 948 392 ordinata.
971 363 1047 392 Unde
1067 367 1109 392 est
1130 370 1178 391 vas

329 411 442 440 luminis
459 410 664 447 susceptivum,
679 410 752 439 sicut
772 410 815 439 sol
835 419 889 439 vas
903 410 1089 445 admirabile,
1105 418 1179 447 opus

330 458 459 492 Excelsi,
481 458 513 486 in
532 457 719 494 firmamento
740 457 814 486 caeli
833 457 1024 495 resplendens.

407 506 452 534 28.
476 505 568 534 Tertia
595 504 727 542 allegoria
753 504 787 533 de
820 504 965 539 Ecclesia,·
986 505 1014 533 in
1046 504 1178 533 Ecclesia-

329 553 435 583 stico2:
461 552 544 582 Sicut
567 552 612 581 sol
638 552 736 581 oriens
766 552 798 581 in
828 553 938 581 mundo
967 552 999 581 in
1026 550 1179 580 altissimis

329 600 397 634 Dei,
421 600 464 628 sic
491 599 626 628 mulieris
657 599 748 628 bonae
773 599 880 637 species
913 599 944 627 in
973 601 1179 628 ornamentum

328 647 433 676 dmnus
453 646 525 675 eius.
548 647 617 675 Haec
644 646 752 675 mulier
783 646 827 675 vel
856 646 961 675 domus
980 650 1022 674 est
1043 645 1178 674 Ecclesia:

328 693 444 728 mulier,
460 693 532 731 quia·
547 694 651 728 activa;
666 693 772 722 domus
792 693 855 727 Dei,
871 693 937 730 qnia
957 692 1178 729 contemplativa.

330 740 427 770 Mulier
448 741 522 769 enim
543 741 596 769 ista
616 744 658 769 est
676 741 800 775 Martha,
825 748 897 777 quae
915 739 1057 768 Christum
1083 738 1180 776 recipit

330 790 357 816 et
378 787 453 816 circa
472 787 561 816 multa
581 790 743 824 occupatur.

409 835 454 863 29.
476 834 581 871 Quarta
601 834 732 871 allegoria
752 836 795 862 est
825 833 859 862 de
886 841 976 862 sacra
1005 833 1180 870 Scriptura,

329 881 363 911 de
384 889 440 919 qua
460 881 488 909 in
509 881 642 910 Genesi⁸t
666 880 743 909 Fecit
767 881 842 910 Deus
863 881 922 909 duo
936 880 1103 909 luminaria
1117 889 1181 908 ma-

327 936 405 966 yna:
428 927 576 957 luminare
595 928 712 962 minus,
733 931 767 957 ut
794 931 940 965 praeesset
965 927 1056 961 nocti,
1078 926 1182 956 scilicet

328 978 409 1005 vetus
431 978 640 1010 testamentum,
655 979 680 1004 et
694 975 842 1004 luminare
855 975 970 1010 maius,
986 978 1019 1003 ut
1036 977 1182 1012 praeesset

327 1023 399 1058 diei,
421 1023 526 1052 scilicet
549 1031 653 1052 novum
675 1025 881 1052 testamentum.
901 1023 978 1052 Sicut
999 1023 1066 1051 luna
1087 1022 1181 1051 lumen

328 1071 411 1100 habet
431 1079 447 1099 a
468 1071 537 1105 sole,
553 1070 591 1100 sic
612 1073 693 1100 vetus
714 1073 912 1100 testamentum
932 1079 949 1099 a
968 1078 1049 1099 novo.
1065 1069 1181 1106 Quando

327 1126 393 1156 ergo
414 1118 454 1147 sol
469 1121 523 1147 stat
544 1118 571 1146 in
593 1117 713 1152 oriente,
728 1121 755 1147 et
770 1118 836 1147 luna
856 1117 982 1155 opposita
996 1117 1048 1147 sibi
1063 1117 1091 1146 in
1109 1117 1181 1146 occi—

327 1165 562 1195 dente—losne:
585 1165 647 1199 Sol,
670 1165 775 1202 inquit,
797 1168 902 1194 contra
920 1164 1044 1194 Gabaon
1064 1173 1099 1193 ne
1120 1173 1180 1193 mo-

328 1212 436 1247 vearis,
458 1216 482 1241 et
502 1212 576 1241 luna
597 1215 700 1241 contra
721 1211 825 1240 vallem
840 1211 948 1240 Aialon
963 1214 1078 1241 —tunc
1101 1214 1180 1241 vetus

329 1261 523 1288 testamentum
552 1258 740 1293 illnminatur;
766 1258 846 1287 aliter
877 1259 971 1287 lucere
1003 1267 1057 1287 non
1090 1261 1180 1295 potest

329 1305 380 1334 nisi
402 1313 452 1342 per
472 1314 585 1334 novum.

409 1352 454 1381 30.
478 1352 506 1380 In
527 1352 701 1389 tropologico
723 1353 863 1382 intellectu
885 1353 955 1382 solis
969 1353 1096 1382 similiter
1110 1362 1178 1391 qua-

207 1407 318 1431 nopoiogia
332 1402 395 1428 tuor
416 1399 506 1428 facies.
523 1399 627 1433 Primo,
643 1400 774 1437 Spiritus
793 1401 890 1429 sancti
909 1401 1028 1438 qratia,·
1043 1401 1141 1430 Esther
1153 1402 1177 1429 ⁴:

227 1431 294 1454 prima.

331 1446 396 1475 Lua‘
417 1450 442 1474 et
472 1446 515 1475 sol
545 1450 628 1475 ortus
658 1450 711 1480 est,
740 1450 765 1475 et
796 1446 918 1476 humiles
948 1448 1069 1476 caealtali
1092 1452 1177 1482 sunt,

938 143 970 172 IN
992 136 1213 172 HEXA'EMERON
1234 141 1397 171 COLLATlO
1418 141 1483 169 XIV.

1236 220 1340 249 scilicet
1361 219 1473 256 quando
1501 219 1575 249 Dens
1603 227 1653 257 per
1681 221 1799 258 gratiam
1827 223 1933 252 habitat
1953 223 1980 252 in
2003 223 2088 252 nobis.

1236 267 1311 296 Unde
1330 266 1402 295 sicut
1423 266 1463 295 sol
1485 267 1615 296 continue
1630 267 1780 303 illuminat,
1796 269 1834 297 sic
1848 269 1940 298 anima
1960 270 2090 299 continue

1235 314 1316 343 dehet
1331 313 1455 351 recipere
1470 314 1686 343 illuminationes
1706 323 1722 343 a
1743 315 1833 351 gratia
1853 316 1972 353 Spiritus
1992 317 2087 345 sancti.

1314 361 1360 389 31.
1383 361 1509 390 Secundo
1531 369 1580 398 per
1608 361 1696 390 solem
1728 361 1892 399 intelligitur
1922 363 2089 400 spiritualis

1237 409 1305 438 cita.
1328 408 1404 438 Unde
1425 409 1453 437 in
1482 409 1710 438 Ecclesiasticofi:
1732 409 1825 438 Homo
1846 413 1968 438 saiwtus
1990 409 2021 438 in
2041 419 2089 438 sa-

1233 456 1345 494 pientia
1372 460 1470 485 manet
1497 456 1575 484 sicut
1594 456 1654 490 sol,-
1675 465 1746 485 nam
1775 456 1882 485 stultus
1909 457 1987 485 sieut
2018 457 2089 485 luna

1235 507 1388 536 mutatum
1410 503 1481 532 sicut
1502 504 1542 533 sol
1564 504 1638 533 vadit
1659 504 1763 533 directe
1785 512 1835 541 pcr
1861 504 2015 542 eclipticam
2040 512 2090 533 nec

1236 550 1417 588 retrogradus
1438 559 1488 580 nec
1509 552 1687 581 stationarius
1708 556 1757 581 est.

2103 371 2195 389 semuncia.

1316 598 1362 626 32.
1385 598 1477 626 Tertio
1498 598 1661 636 intelligitur
1681 599 1850 637 spiritualis
1871 598 2012 628 cathedra
2032 599 2089 628 sive
2103 605 2172 623 '‘vri-³·

1237 645 1403 679 doctrinae,
1427 644 1484 673 sive
1510 646 1720 682 praelationis,
1743 646 1801 675 sive
1826 646 1939 675 iudicii.
1963 646 2037 675 Unde
2062 646 2089 674 in

1237 692 1381 721 Psalm0⁶:
1404 691 1539 720 Thronus
1553 693 1615 722 cius
1629 694 1707 723 sicut
1728 694 1771 722 sol
1793 694 1823 722 in
1844 697 1996 731 conspeetu
2020 702 2088 727 mco,

1237 743 1262 768 et
1282 739 1359 768 sicut
1384 739 1456 768 luna
1478 739 1608 777 perfecta
1636 741 1668 769 in
1696 745 1856 770 aeternum.
1879 741 2021 770 Praelatus
2049 743 2090 769 est

1236 787 1280 815 sol
1301 789 1438 824 quantum
1460 787 1494 815 ad
1515 787 1679 817 documenta
1701 789 1840 823 veritatis,
1860 788 1932 816 luna
1953 790 2089 825 quantum

1238 833 1271 862 ad
1292 834 1438 871 exemplar
1460 834 1586 868 virtutis;
1602 836 1645 864 vel
1662 835 1706 864 sol
1726 835 1892 873 sapientiae,
1908 835 1980 863 luna
2002 835 2088 864 scien-

1239 881 1306 915 tiae;
1328 881 1372 910 vel
1393 881 1451 915 sol,
1475 881 1502 910 in
1528 885 1661 919 qnantum
1692 883 1810 917 iudicat,
1834 883 1923 917 luna,
1946 883 1972 911 in
2001 891 2089 920 quan-

1239 931 1298 957 tum
1319 928 1478 958 miseretur.

1318 976 1364 1005 33.
1387 976 1491 1012 Quarto
1512 984 1561 1013 pcr
1575 977 1660 1006 solem
1675 977 1839 1015 intelligitur
1852 977 2021 1015 spiritualis
2033 986 2088 1014 pu-

1237 1031 1307 1061 9na.
1329 1023 1368 1051 De
1390 1031 1445 1060 quo
1458 1023 1481 1051 ⁷:
1505 1023 1553 1052 Sol
1574 1023 1795 1058 obscurabitur,
1817 1028 1842 1052 ct
1864 1025 1936 1053 luna
1959 1033 2015 1053 non
2036 1024 2089 1052 da-

1239 1070 1277 1099 bit
1299 1070 1395 1099 lumen
1416 1079 1513 1098 suum.
1537 1071 1651 1107 Quando
1672 1080 1765 1109 pugna
1785 1072 1839 1100 erit
1854 1071 1925 1100 inter
1947 1071 2089 1100 Christum

1238 1120 1265 1146 et
1286 1118 1497 1151 antichristum,
1520 1118 1591 1146 inter
1618 1118 1772 1147 doctrinam
1794 1119 1918 1147 veritatis
1939 1122 1966 1147 et
1987 1118 2089 1147 falsita-

1238 1165 1287 1199 tis;
1311 1168 1377 1193 tnnc
1398 1165 1441 1193 sol
1460 1165 1508 1202 fiet
1534 1165 1610 1194 sicut
1641 1174 1746 1194 saccus
1767 1166 1919 1200 cilicinus,
1941 1169 1968 1195 et
1989 1165 2090 1203 aliquis

1236 1211 1333 1240 doctor
1365 1212 1488 1241 veritatis
1520 1213 1562 1241 vel
1594 1213 1735 1250 praelatus
1766 1213 1919 1242 secundum
1945 1213 2089 1242 veritatem

1237 1259 1435 1288 obscurabitur
1457 1267 1506 1296 per
1528 1267 1653 1294 errores3
1676 1260 1720 1288 alii
1742 1262 1835 1289 autem
1857 1260 1970 1289 stabunt
1997 1259 2088 1288 sortis-

1236 1307 1312 1341 sinii,
1334 1306 1383 1335 etsi
1407 1306 1552 1335 videantur
1573 1307 1716 1336 obscurari
1739 1310 1875 1344 quantum
1889 1307 1923 1336 ad
1939 1306 2089 1344 reputatio-

1236 1362 1307 1383 nem.
1324 1371 1363 1374 —
1378 1354 1430 1383 liae
1445 1358 1511 1383 sunt
1532 1358 1661 1392 quatuor
1675 1353 1768 1392 facies
1783 1354 1961 1383 animalium
1975 1358 2002 1384 et
2017 1354 2088 1383 duo-

1235 1402 1327 1430 decim
1348 1402 1480 1435 lumina,
1502 1401 1535 1430 ad
1557 1410 1628 1439 quae
1650 1402 1826 1430 reducuntur
1846 1402 1953 1436 omnia,
1975 1402 2088 1439 quaein

1236 1449 1380 1485 Scriptura
1401 1449 1588 1477 continentur.

1001 1618 1267 1666 OOLLATIO
1302 1620 1417 1667 XIV.

353 1750 398 1783 De
424 1749 510 1783 tertia
538 1748 653 1782 visione
679 1746 818 1781 tractatio
844 1745 999 1787 secunda,
1026 1757 1107 1792 quae
1132 1745 1237 1791 incipit
1261 1757 1351 1791 agere
1376 1746 1414 1780 de
1440 1748 1617 1793 Scripturae
1644 1749 1748 1793 figuris
1774 1750 2064 1791 sacramentalibus,

432 1809 530 1855 primo
548 1808 578 1842 in
596 1818 724 1853 genere,
744 1812 774 1840 et
791 1805 903 1840 deinde
921 1805 958 1839 de
976 1805 1138 1839 duodecim
1158 1805 1309 1850 mysteriis
1326 1806 1546 1851 principalibus
1563 1807 1716 1841 Christum
1735 1808 1986 1853 significantibus.

334 1944 510 1972 Snnmmnn.
527 1960 563 1964 -
579 1942 769 1971 Introduc-tio.
788 1942 844 1970 Per
857 1941 1099 1979 yet-minationem
1115 1944 1211 1969 terrae
1227 1939 1429 1977 intelliquntur
1442 1938 1559 1977 fiyitrae
1573 1941 1801 1969 sacramentales
1816 1941 1998 1978 Scriptarac,
2017 1943 2040 1970 1.
2054 1958 2088 1962 -—

411 1995 476 2023 Pars
490 1995 507 2022 l.
524 1995 563 2023 De
584 1994 627 2023 his
648 1994 746 2031 liguris
767 1993 824 2022 sive
845 1993 984 2030 mysteriis
998 1993 1025 2021 in
1041 2000 1150 2030 genere.
1174 1992 1243 2020 Tres
1257 1991 1411 2030 qualitates
1425 1991 1648 2029 yerminationis
1663 1994 1768 2025 terrae,
1784 2000 1859 2029 quae
1876 1996 2090 2029 comparantur

408 2045 640 2083 proprietatibus
655 2045 863 2083 mysteriorum
879 2045 1060 2082 Scripturae.
1080 2044 1191 2078 Primo,
1206 2043 1348 2082 mysteria
1364 2042 1433 2071 llaec
1450 2046 1519 2070 sunt
1536 2042 1712 2079 permutatio
1733 2041 1841 2075 vivida,
1857 2043 1882 2070 Ξ).
1897 2059 1933 2062 -
1946 2042 2089 2077 Secundo,

414 2097 580 2130 uberrima,
603 2096 628 2125 3.
652 2112 689 2117 ——
717 2096 820 2130 Tertio,
842 2100 980 2131 venusta,
1003 2096 1029 2125 lt.
1054 2113 1089 2116 —
1113 2096 1148 2124 ln
1169 2095 1342 2132 Scriptura,
1367 2099 1397 2123 ut
1417 2094 1448 2123 in
1468 2098 1596 2128 natura,
1619 2097 1660 2122 est
1683 2093 1826 2122 successio
1848 2093 1879 2121 in
1899 2093 2091 2131 quadruplici

412 2148 581 2177 evolationis
603 2148 715 2181 ordine,
732 2148 756 2175 5.
775 2164 811 2168 -—
826 2147 904 2176 Haec
925 2152 1064 2186 quatuor,
1085 2147 1146 2176 scil.
1168 2147 1241 2184 sirio
1263 2146 1414 2180 radicum,
1434 2146 1590 2183 productio
1611 2144 1769 2183 soliorum,
1788 2143 1944 2181 pullulatio
1964 2143 2089 2180 florum,

410 2199 560 2237 plenitudo
580 2198 753 2236 fructuum,
775 2198 992 2234 confirmantur
1016 2208 1071 2236 per
1099 2199 1305 2236 Scripturam,
1330 2199 1354 2226 6.
1379 2215 1414 2218 —
1444 2197 1587 2226 Traditur
1616 2196 1774 2234 Scriptura
1796 2195 1829 2224 ob
1851 2198 1979 2233 quatuor
2001 2194 2090 2223 ratio-

415 2259 473 2285 nes,
489 2252 514 2278 7.
532 2267 567 2271 —
585 2250 697 2283 Primo,
720 2249 760 2278 ad
781 2250 1042 2278 commendandam
1060 2250 1213 2288 qratiam,-
1232 2250 1336 2287 tripler
1358 2249 1521 2287 indigyentia
1543 2249 1572 2277 in
1595 2248 1708 2277 bomine
1730 2247 1811 2285 lapso
1833 2246 1985 2284 tripliciter
2006 2254 2090 2282 repa—

415 2306 513 2335 ratur,
535 2302 561 2330 8.
585 2318 621 2322 —
644 2301 786 2335 Secundo,
808 2301 848 2329 ad
873 2302 1115 2330 introducendam
1142 2300 1244 2337 fidem,
1268 2303 1292 2329 9.
1318 2318 1351 2321 fl
1382 2301 1486 2334 Tertia,
1508 2301 1548 2329 ad
1573 2299 1765 2328 reserandam
1790 2298 1983 2336 sapientiam,
2005 2297 2090 2326 cuius

415 2353 492 2382 duae
514 2353 644 2381 radices.-
667 2352 754 2381 timor
775 2355 800 2380 et
820 2360 906 2380 amor
931 2361 997 2381 cum
1022 2352 1134 2390 duplici
1154 2352 1358 2390 promissione,
1384 2353 1426 2380 10.
1450 2368 1486 2373 --
1511 2352 1633 2388 Quat-te,
1655 2351 1695 2380 ad
1717 2350 1947 2379 restaurandam
1968 2349 2090 2377 salutem

412 2413 467 2441 per
489 2402 652 2437 Christum,
677 2405 720 2432 ll.
742 2420 781 2424 —-
802 2404 867 2432 Pars
889 2404 916 2431 11.
939 2404 977 2432 De
998 2404 1143 2433 duodecim
1164 2403 1303 2440 mysteriis
1324 2403 1524 2440 principalibus
1546 2404 1572 2431 in
1594 2402 1769 2440 quadruplici
1791 2401 1888 2430 ordine
1909 2405 1936 2430 et
1958 2404 2088 2437 tempore.

418 2455 530 2489 Primo,
552 2457 619 2483 ante
640 2454 738 2491 Legem
766 2457 835 2482 sunt
863 2455 922 2483 tria
950 2456 1107 2493 mysteria,
1132 2457 1175 2484 1⁹2.
1197 2471 1237 2476 —
1258 2455 1344 2488 item,
1367 2454 1427 2482 tria
1450 2454 1504 2482 sub
1526 2455 1605 2492 Legye,
1631 2454 1673 2483 13,
1697 2471 1735 2474 -—
1758 2454 1835 2482 'Tria
1856 2453 1942 2482 etiam
1966 2456 2090 2489 tempore

412 2505 592 2544 prophetiae,
611 2505 654 2534 lli.
670 2522 708 2526 —
730 2504 801 2533 Tria
822 2505 943 2544 denique
963 2515 982 2534 a
999 2505 1113 2535 Christo
1135 2515 1226 2545 usque
1248 2506 1288 2534 ad
1307 2505 1410 2543 finem,
1430 2506 1472 2533 15.
1488 2522 1525 2526 ψ-
1543 2506 1581 2534 De
1602 2505 1648 2534 llis
1669 2509 1708 2534 est
1730 2508 1789 2533 tota
1804 2504 1974 2541 Scriptura,
1993 2504 2035 2531 16.
2052 2519 2090 2523 —

419 2559 451 2587 ln
473 2557 518 2587 liis
539 2557 691 2586 duodecim
712 2556 915 2593 intelliyumur
935 2557 1023 2585 simul
1044 2557 1178 2586 Christus
1198 2566 1264 2586 cum
1288 2565 1408 2594 corpore
1428 2565 1481 2584 sao
1504 2560 1537 2585 ut
1557 2557 1668 2594 liynum
1692 2556 1777 2590 vilae,
1799 2560 1824 2584 et
1845 2554 2036 2584 antichristus
2059 2557 2090 2581 ut

402 2752 409 2765 ¹
427 2753 510 2775 esaim.
536 2753 578 2779 ⁴8,
596 2753 617 2774 6.
634 2764 666 2769 —
683 2752 737 2780 Seq.
764 2752 828 2774 locus
853 2754 887 2773 est
911 2750 975 2773 Cant.
1002 2752 1028 2778 6,
1052 2752 1080 2778 93
1106 2753 1184 2775 tertius

340 2792 407 2815 Eccli.
425 2791 465 2819 43,
483 2793 512 2814 2:
531 2792 568 2814 Sol
587 2791 609 2813 in
626 2793 720 2819 aspectu
743 2790 883 2813 annuntians
901 2790 922 2812 in
940 2790 1013 2817 exitu,
1032 2797 1073 2813 vas
1090 2794 1145 2817 etc.;
1163 2795 1185 2813 et

340 2837 363 2852 v.
376 2831 404 2852 9:
420 2831 466 2853 Vas
483 2831 621 2854 castrorum
638 2829 661 2852 in
679 2828 786 2856 excelsis,
803 2828 828 2851 in
841 2828 992 2858 firmamento
1010 2829 1069 2852 caeli
1084 2830 1185 2859 resplen-

341 2869 398 2890 dens
415 2868 525 2897 ytoriosc.
644 2888 649 2893 .

405 2905 413 2918 ²
431 2906 486 2933 Cap.
504 2908 546 2934 26,
564 2908 588 2929 2⁴
604 2916 610 2930 z
627 2908 689 2930 Sicut
711 2909 744 2930 sol
768 2908 845 2930 oriens
868 2908 957 2930 mundo
975 2911 1016 2930 etc.
1034 2921 1064 2925 -—
1083 2908 1185 2930 Subinde

344 2944 465 2972 suspicitur
482 2944 536 2966 Luc.
553 2946 595 2971 ⁴0,
611 2947 646 2968 38.
664 2953 729 2975 seqq.
748 2947 787 2975 (de
804 2947 908 2975 Martha).

1304 2751 1312 2763 ³
1330 2751 1387 2779 Cap.
1408 2752 1430 2777 1,
1453 2752 1485 2773 le.
1503 2763 1533 2767 —
1551 2752 1603 2779 Seq.
1622 2751 1686 2773 locus
1703 2753 1737 2771 cst
1754 2750 1796 2772 los.
1819 2750 1857 2776 10,
1880 2750 1913 2771 1-2.

1303 2791 1313 2803 ⁴
1330 2791 1385 2819 Cap.
1408 2792 1445 2818 ll,
1468 2792 1502 2813 ll.

1304 2830 1313 2843 ⁶
1331 2831 1387 2858 Cap.
1405 2830 1446 2857 27,
1465 2831 1502 2852 12.

1304 2869 1313 2882 ⁶
1331 2870 1413 2892 psalm.
1432 2870 1473 2896 88,
1491 2870 1529 2891 38.

1304 2908 1312 2921 ⁷
1331 2910 1399 2931 Malli.
1421 2909 1462 2935 24,
1481 2909 1518 2930 20.
1534 2921 1565 2925 -—
1583 2908 1686 2930 Subinde
1709 2907 1830 2935 respicitur
1854 2906 1925 2934 Apoc.
1947 2905 1972 2931 6,
1998 2904 2038 2925 12:
2064 2903 2087 2924 Et

1242 2949 1275 2971 sol
1294 2950 1366 2971 sactns
1383 2951 1416 2970 est
1433 2948 1499 2974 nigror
1517 2951 1626 2976 tanquam
1644 2952 1725 2969 saccus
1742 2945 1853 2968 cilicinus.

2102 983 2177 1005 Qnarla.

2102 1358 2195 1382 Epilogus.
