2285 3398
388 218 444 246 378

385 295 485 333 ycnnit
506 295 593 324 Isaac
606 296 625 329 ¹,
648 295 705 324 sive
727 295 798 324 sacta
819 295 1013 332 particularia,
1036 296 1172 333 quaedam
1187 304 1237 323 au—

387 346 441 372 tem
463 342 604 372 credibilia
632 344 698 371 sunt
719 342 932 380 intelliqibilia:
957 346 985 371 el
1006 343 1116 380 quando
1139 342 1237 370 intelli-

387 392 507 427 guntur,
530 389 651 418 rationes
672 389 772 418 solidas
793 389 903 418 liabent.

466 438 491 465 3.
514 436 552 465 ,ld
573 436 766 465 sufficientiam
782 436 884 465 lioruui
903 436 1048 465 duodecim
1071 439 1148 468 nota,
1164 434 1238 472 quod
1281 438 1283 442 '

257 475 373 518 Ὗὲξξῗξῗῐῧ
386 484 496 513 claritas
517 483 580 511 lidei
602 483 770 520 speculanda
784 486 871 512 estut
893 483 1017 512 veritatis
1042 482 1238 519 praeexisten-

245 538 321 580 Veglritas¹
331 543 374 561 riua-
388 532 440 565 tls,
462 534 494 559 ut
510 530 634 559 veritatis
655 529 816 568 efficientis,
832 533 864 558 ut
886 530 1009 559 veritatis
1024 528 1191 565 reficientis,
1208 531 1239 556 ut

281 567 352 585 ‘⁰⁹⁹¹'
388 578 511 607 veritatis
529 577 715 615 perficientis.

467 626 492 652 ti.
506 625 539 653 Ut
554 624 679 653 veritatis
689 624 913 661 praeeristentis
929 622 1086 659 tripliciter:
1100 622 1142 650 vel
1154 629 1240 658 quan-

245 675 446 711 Veritasiujae-tuni
473 671 507 700 ad
535 671 706 705 essentiam,
736 671 779 699 vel
807 673 942 707 quantuni
971 669 1005 697 ad
1026 668 1239 702 excellentiam,

244 704 430 767 ssffdffi'ffir‘ffilvel
452 721 589 755 quantum
616 718 650 746 ad
679 717 893 755 refulgentiam.
924 717 993 745 Esse
1014 715 1086 744 enim
1115 715 1240 744 divinum

245 750 325 773 ''me‘'
387 765 509 802 primum
531 767 586 799 est,
608 765 682 802 quod
704 764 821 794 venitin
844 766 943 792 mente.
960 762 1036 791 Unde
1057 762 1141 798 Moysi
1156 769 1241 798 quae-

387 811 458 841 renti
471 812 491 845 2,
513 812 588 848 quod
609 814 681 840 esset
703 819 802 839 nomen
824 810 885 843 Dei;
908 808 1050 846 respondit
1071 809 1157 837 Deus:
1184 809 1241 845 Eyo

386 867 454 887 sain
475 858 527 896 qai
546 866 632 891 snm;
652 861 679 886 et
694 858 721 886 in
737 858 790 886 boc
812 856 1022 893 comprehendit
1043 855 1179 892 quidquid
1201 857 1242 883 est

387 906 444 935 sive
469 906 593 940 bonam,
616 905 674 934 sive
692 909 802 942 potens.
827 920 863 924 —
885 903 1026 937 Secundo,
1048 906 1185 940 quantum
1207 901 1242 930 ad

386 954 592 987 excellentiam,
609 956 640 982 ut
655 953 730 982 Deus
748 960 838 986 unus,
854 952 946 980 trinus
965 954 992 980 et
1014 958 1106 980 verus.
1123 966 1159 971 —
1175 950 1242 978 Ter-

387 1001 440 1035 tio,
455 1003 593 1038 quantum
614 999 648 1028 ad
670 999 895 1037 resnlgyentiam,
919 1001 950 1027 ut
971 998 1116 1035 exemplar
1136 1005 1240 1026 rerum.

465 1049 491 1075 7.
514 1047 539 1076 Si
562 1049 656 1076 autem
678 1046 789 1075 claritas
814 1045 1006 1075 consideratur
1025 1048 1056 1073 ut
1078 1044 1180 1073 veritas
1201 1042 1242 1080 ef-

243 1101 372 1144 ufflgggssffi
384 1095 501 1132 ficiens,
524 1095 575 1123 hoc
597 1097 639 1123 est
661 1093 821 1130 tripliciter:
844 1096 893 1122 aut
914 1093 941 1121 in
963 1095 1099 1129 quantum
1125 1090 1243 1120 inchoat

350 1138 354 1143 ’
387 1147 546 1175 natio-anm
567 1144 617 1170 aut
638 1141 666 1169 in
687 1143 824 1178 quantum
852 1140 983 1169 illustrat
1005 1139 1241 1176 intelligyentianm

386 1193 435 1218 aut
459 1189 486 1217 in
514 1192 651 1226 quantuni
679 1188 809 1225 inspirat
835 1187 976 1225 qratiam.
1006 1185 1127 1215 Inchoat
1154 1189 1241 1214 nata-

388 1245 455 1264 ram
476 1236 533 1264 sive
555 1235 706 1268 mundum,
729 1234 804 1271 quod
832 1243 887 1263 non
912 1234 1002 1262 solum
1031 1236 1072 1262 est
1093 1232 1240 1265 credibile,

388 1283 435 1311 sed
456 1282 539 1311 etiam
560 1281 738 1318 intelligibile.
762 1281 796 1309 Ut
817 1281 945 1309 illustrat
962 1280 1193 1316 intelliquiann
1215 1281 1242 1307 ct

389 1329 426 1358 sic
449 1329 549 1357 format
569 1328 705 1361 animam,
727 1328 831 1356 scilicet
852 1327 1023 1356 intellectum
1044 1327 1198 1355 humanum
1215 1329 1242 1354 et

388 1375 561 1413 angelicum,
583 1378 615 1403 ut
636 1375 671 1403 sit
691 1374 765 1403 Deus
780 1374 918 1402 obiectum
942 1374 1112 1407 intellectus;
1131 1377 1158 1402 et
1177 1373 1241 1401 hinc

389 1426 446 1457 est,
467 1422 541 1459 quod
564 1422 647 1450 habet
668 1421 802 1450 rationem
820 1421 955 1458 perpetui
968 1423 1104 1457 quantum
1125 1420 1159 1449 ad
1174 1421 1241 1448 ima-

389 1469 481 1506 ginem
513 1468 676 1501 creationis,
708 1467 906 1503 reparationis,
938 1466 1144 1500 similitudinis,
1176 1467 1242 1503 quia

389 1516 479 1553 imago
500 1519 541 1544 est
563 1514 715 1544 essentialis
736 1513 918 1550 dependentia
939 1516 965 1541 et
986 1513 1083 1541 relatio
1094 1513 1114 1540 ³.
1136 1513 1170 1541 Ut
1198 1513 1241 1541 in-

389 1563 487 1600 spirat
512 1562 664 1600 ¹q1·atiani;
687 1560 731 1589 liic
762 1563 804 1589 est
825 1559 1041 1593 consummatio,
1070 1561 1097 1588 et
1117 1559 1170 1587 hoc
1202 1562 1243 1587 est

389 1609 523 1638 credibile
544 1611 571 1637 ot
586 1606 768 1645 intelligibile.
792 1606 925 1634 Voluntas
940 1605 1013 1634 enini
1029 1613 1083 1634 non
1098 1605 1243 1641 perficitur

390 1657 441 1686 nisi
464 1665 514 1694 per
535 1656 639 1685 donum
661 1654 781 1692 Spiritus
803 1653 889 1682 sancti
912 1652 1043 1681 infusum.

468 1705 494 1732 8.
512 1703 551 1738 ¹Si
579 1705 673 1731 autem
701 1701 812 1730 claritas
841 1699 965 1728 veritatis
992 1698 1185 1728 consideratur
1213 1701 1245 1727 ut

247 1757 376 1799 ltemfixseriyas
390 1751 538 1789 reficiens,
560 1749 688 1779 similiter
709 1748 855 1786 tripliciter
870 1747 981 1776 claritas
1003 1746 1122 1783 refulget
1136 1746 1163 1774 in
1186 1745 1244 1774 ani-

264 1786 284 1800 m
299 1786 357 1799 “enm
389 1807 448 1828 ina:
470 1801 519 1827 aut
539 1799 676 1835 quantum
697 1796 731 1824 ad
757 1796 896 1824 humanae
917 1798 944 1823 et
965 1793 1104 1831 angelicae
1132 1801 1243 1830 repara-

390 1846 471 1874 tionis
492 1844 694 1882 prineipiani,
726 1843 769 1871 vel
791 1844 927 1879 quantum
959 1841 993 1870 ad
1021 1840 1168 1878 pretinm,
1201 1840 1244 1868 vel

390 1895 525 1929 quantum
557 1891 591 1920 ad
622 1890 760 1928 effectam.
791 1889 882 1918 Primo
912 1892 954 1918 est
985 1887 1122 1925 speculari
1155 1887 1244 1916 Deum

390 1939 478 1968 carni
499 1939 634 1972 anitum,
659 1937 733 1974 quod
755 1939 796 1966 est
817 1936 948 1965 credibile
970 1938 997 1965 et
1012 1935 1199 1972 intelligibilc3
1221 1934 1242 1962 si

391 1990 422 2014 ut
442 1986 587 2023 pretinm,
610 1985 649 2013 sic
677 1984 753 2013 cruci
783 1983 916 2017 allixum3
939 1983 960 2012 si
993 1986 1025 2012 ut
1045 1981 1175 2020 effectas,
1205 1981 1244 2010 sic

392 2033 466 2061 Deus
488 2032 632 2060 medicina
653 2034 695 2059 est
716 2030 832 2059 animae.
856 2030 901 2059 Est
921 2038 988 2067 ergo
1009 2029 1177 2066 principium
1196 2036 1244 2056 no-

393 2083 467 2108 strae
488 2078 662 2112 creationis,
689 2077 902 2114 reparationis,
921 2076 1156 2114 pracmiationis.

473 2127 498 2153 tl.
522 2125 548 2153 si
569 2128 663 2153 autem
685 2123 876 2153 consideratur
897 2127 929 2153 ut
949 2132 1159 2153 consummans
1187 2123 1245 2152 sive

252 2178 380 2221 &teg-3⁰33:
393 2172 554 2209 perficiens,
577 2171 615 2200 sic
638 2170 797 2207 tripliciter:
820 2173 851 2199 ut
871 2171 958 2199 ¹vitale
984 2170 1126 2208 pabulum
1153 2170 1244 2199 Eccle-

250 2231 310 2245 mans-
393 2220 448 2249 siae
470 2218 613 2247 militantis
630 2220 658 2246 et
686 2218 895 2255 triumphantis,
925 2221 956 2247 ut
984 2218 1062 2246 ‘altor
1089 2217 1243 2251 scelernm,

393 2270 425 2296 ut
445 2266 532 2302 finale
555 2265 733 2303 praemium.
762 2265 892 2302 Oportet,
914 2266 1003 2294 Deum
1024 2274 1084 2294 esse
1105 2265 1244 2302 primum;

394 2323 460 2352 ergo
481 2317 523 2343 est
543 2313 674 2342 credibile
694 2315 722 2341 et
753 2312 938 2349 intelligibile,
959 2315 986 2341 et
1009 2313 1060 2341 lioc
1091 2311 1244 2341 secundum

395 2361 567 2391 influentiam
589 2360 743 2389 secundum
764 2360 852 2396 legem
873 2359 1052 2393 clementiae,
1069 2359 1198 2388 iustitiae
1219 2361 1246 2388 et

395 2408 583 2438 concordiae:
610 2407 763 2436 secundum
793 2406 930 2443 primum,
953 2410 984 2435 ut
1010 2406 1125 2439 virttis:
1147 2414 1245 2434 secun-

394 2457 460 2485 dnm
482 2455 652 2488 secundum,
674 2456 705 2482 ut
729 2453 838 2481 veritas
846 2463 855 2486 ;
880 2453 1034 2481 secundum
1063 2453 1192 2486 tertium,
1215 2454 1247 2481 ut

1012 218 1043 246 IN
1065 211 1287 246 HEXAEMERON
1307 216 1471 244 COLLATIO
1493 216 1523 244 X.

1295 293 1437 332 aequitas.
1455 309 1491 314 -
1513 294 1567 322 Hae
1593 297 1659 323 sunt
1679 295 1825 324 duodecim
1858 299 1969 333 portae,
1991 298 2025 327 de
2046 298 2150 335 quibus
2165 304 2252 331 Epilogus
2279 323 2281 331 ,,

1297 340 1458 369 psalmus&
1483 340 1599 377 Aperite
1619 340 1694 369 milii
1710 345 1815 378 portas
1835 343 1972 372 iustitiae.
2003 345 2079 373 Iusti
2106 346 2150 373 in-
2166 329 2224 351 'mm
2239 328 2253 346 ¹*
2281 350 2283 354 '

1296 386 1418 415 trabant
1438 387 1470 415 in
1491 395 1573 420 eanz,·
1594 387 1661 425 quia
1682 389 1778 416 iustus
1799 397 1834 417 ex
1854 389 1911 426 stile
1931 391 2010 418 vivit.
2279 415 2280 420 ,

1378 435 1421 462 10.
1445 434 1567 463 Primum
1583 434 1750 471 speculabile
1765 438 1815 469 est,
1837 436 1926 465 Deum
1941 444 2009 466 esse.
2030 438 2151 468 Primum
2177 431 2272 451 ''³‘⁵¹¹‘¹

1296 488 1397 509 nomen
1428 481 1476 509 Dei
1508 485 1550 510 est
1577 489 1645 516 esse,
1667 481 1742 519 quod
1770 485 1812 511 est
1842 483 2097 512 manifestissimum
2125 488 2153 513 et
2168 460 2272 502 ἃῖπῗῗέξὲ

2161 507 2196 520 Cle.

1296 527 1542 564 perfectissimum,
1558 528 1618 558 ideo
1632 529 1768 565 primum;
1784 529 1858 558 unde
1873 529 1942 558 nibil
1964 530 2272 565 inanifestius,1)eu=jestes

1297 574 1363 611 quia
1384 575 1519 612 quidquid
1533 576 1567 605 de
1588 576 1645 605 Deo
1666 576 1768 605 dicitur
1790 576 1935 605 reducitur
1953 577 1987 605 ad
2008 586 2084 611 asse,-
2099 578 2152 607 hoc
2181 565 2279 584 prmum*

1297 624 1339 650 est
1360 622 1473 658 proprie
1494 623 1640 659 proprium
1662 631 1761 652 nomen
1784 623 1841 652 Dei.
1864 623 1938 652 Deus
1960 632 2014 653 non
2035 624 2152 653 dixisset

1298 668 1382 704 Moysi
1405 668 1462 697 sive
1484 669 1562 698 latori
1585 670 1700 707 Legis⁵t
1730 671 1788 708 Eyo
1813 679 1881 698 sain
1909 670 1961 708 qai
1987 680 2071 705 sani,
2100 671 2151 700 nisi

1298 718 1371 743 esset
1392 715 1508 751 primus.
1532 716 1626 745 Postea
1650 717 1737 745 dixit:
1768 717 1845 745 Dens
1874 716 2045 751 Abraham,
2075 718 2153 746 Dens

1299 762 1406 795 Isaac,
1431 762 1507 790 Dens
1528 763 1631 797 Jacob;
1653 764 1680 792 in
1702 772 1758 801 quo
1790 764 1964 802 mysterium
1999 764 2152 793 Trinitatis

1299 808 1446 845 expressit.
1470 809 1562 838 Tertio
1583 810 1666 839 dixit:
1692 811 1750 847 Qui
1768 810 1838 848 feeit
1851 820 1883 839 os
1904 810 2031 839 lionzinis
2051 814 2076 839 et
2098 811 2152 840 lin-

1298 864 1410 893 9aanz;
1431 855 1457 883 in
1480 864 1536 893 quo
1557 857 1718 893 explicavit,
1741 866 1770 886 se
1791 866 1851 887 esse
1875 857 2031 895 exemplar.
2275 888 2276 891 ,

1383 904 1426 930 11.
1450 903 1538 931 Deum
1559 911 1618 932 esse
1636 905 1788 941 prinnini,
1812 904 2067 934 manifestissimum
2095 908 2152 939 est,
2178 911 2217 929 Hoc
2233 916 2281 942 sem

1300 949 1366 986 quia
1387 957 1423 978 ex
1455 950 1529 978 omni
1551 951 1754 987 propositione,
1786 954 1842 980 tam
1871 952 2038 980 affirmativa
2068 936 2276 989 quamffipgssiiffl

1300 997 1442 1034 negativa,
1465 997 1602 1034 sequitur,
1624 998 1712 1026 Deum
1728 1006 1803 1031 esse,
1826 998 1908 1026 etiam
1924 998 1945 1027 si
1966 998 2056 1027 dicas:
2079 999 2153 1028 Deus
2274 983 2277 994 Ι

1300 1052 1354 1072 non
1376 1046 1433 1078 est,
1456 1044 1599 1081 sequitur:
1622 1045 1643 1073 si
1666 1045 1740 1074 Deus
1761 1053 1815 1073 non
1835 1047 1892 1078 est,
1914 1045 1989 1074 Deus
2009 1049 2065 1080 est;
2088 1046 2153 1083 quia

1299 1091 1389 1120 omnis
1411 1091 1562 1128 propositio
1583 1092 1666 1121 insert
1691 1101 1720 1121 se
1749 1092 1964 1130 affirmativam
1991 1095 2018 1121 ot
2042 1094 2153 1130 nenati-

1299 1147 1385 1172 vam,
1408 1141 1439 1167 ut
1460 1139 1482 1167 si
1505 1139 1631 1168 Socrates
1657 1147 1711 1168 non
1733 1139 1839 1173 currit,
1862 1147 1959 1167 verum
1982 1141 2035 1173 est,
2058 1140 2154 1168 Socra-

1300 1188 1355 1214 tem
1377 1193 1433 1214 non
1455 1194 1571 1214 currere
1583 1186 1603 1213 θ.

1382 1234 1425 1260 1⁹2.
1447 1232 1645 1261 Consideratur
1675 1233 1758 1262 etiam
1780 1234 1847 1262 llaec
1879 1233 1983 1262 veritas
2000 1227 2092 1271 'quasi
2126 1234 2170 1264 in.
2187 1238 2208 1257 Et
2221 1234 2276 1265 virle

1299 1279 1419 1315 quodam
1442 1279 1570 1315 speculo,
1592 1280 1667 1316 quod
1682 1280 1819 1308 confortat
1828 1283 1860 1312 ‚et
1880 1280 1927 1309 dat
1942 1281 2041 1310 visum.
2057 1267 2285 1311 01111115ἷίἷῐοπωῗῗῖοἷ»ἶ

1299 1325 1373 1354 enim
1394 1328 1523 1354 creatura
1545 1326 1687 1354 concurrit
1702 1326 1735 1355 ad
1758 1327 1810 1355 boc
1832 1328 1976 1363 speculum
1998 1327 2154 1357 faciendum
2165 1309 2214 1327 cum*
2272 1317 2279 1358 T.

1299 1375 1324 1401 et
1347 1372 1473 1409 iungitur
1495 1372 1523 1400 in
1546 1373 1597 1401 lioc
1619 1372 1732 1409 speculo
1753 1373 1906 1402 secundum
1928 1374 2001 1402 viam
2023 1375 2153 1409 ordinis,
2167 1378 2244 1403 Triplex
2260 1366 2279 1400 if

1299 1419 1441 1456 ortyz'm's,
1463 1419 1667 1456 completionis.
1692 1436 1726 1439 Α
1750 1419 1841 1448 Primo
1862 1420 2027 1456 tripliciter:
2057 1429 2155 1450 secun-
2165 1426 2228 1445 Prima
2237 1415 2279 1456 tri,

1298 1466 1366 1495 dum
1388 1466 1523 1494 rationein
1534 1466 1707 1503 posterioris
1721 1466 1755 1495 ad
1771 1466 1863 1503 prius,
1886 1466 2040 1503 inferioris
2061 1467 2094 1496 ad
2110 1476 2156 1496 su-
2204 1450 2258 1468 ΜΕ
2276 1460 2281 1475 ³

1299 1513 1410 1549 perius,
1433 1512 1570 1549 temporis
1592 1512 1625 1541 ad
1646 1521 1746 1541 aevum
1769 1516 1796 1541 et
1816 1513 1876 1541 aevi
1897 1513 1931 1541 ad
1954 1513 2154 1542 aeternitatem.

1300 1560 1473 1588 Manifestum
1495 1560 1568 1588 enim
1599 1563 1653 1594 est,
1686 1560 1707 1588 si
1730 1562 1772 1588 est
1799 1560 1964 1597 posterius,
1986 1563 2028 1588 est
2050 1560 2272 1597 prias:0rdopriu

1300 1613 1367 1642 ergo
1388 1608 1415 1634 et
1433 1606 1584 1642 pri-mani:
1606 1614 1673 1643 ergo
1694 1606 1721 1634 in
1743 1606 1796 1635 isto
1817 1606 1914 1635 ordine
1928 1614 1978 1643 per
1990 1606 2156 1643 posteriora
2270 1607 2271 1610 ’

1301 1652 1334 1680 ad
1360 1652 1469 1688 priora
1497 1655 1524 1681 et
1550 1653 1584 1681 ad
1603 1653 1738 1690 primam
1759 1653 1931 1690 pervenitur.
1954 1653 2054 1682 Omnia
2082 1653 2156 1682 enim

1301 1699 1345 1727 vel
1367 1702 1432 1727 sunt
1453 1699 1622 1735 posteriora,
1645 1701 1688 1729 vel
1709 1701 1814 1735 inedia,
1837 1700 1880 1729 vel
1901 1700 1992 1738 prima
2003 1701 2022 1729 ⁷.
2274 1726 2275 1729 ,

1385 1745 1427 1773 13.
1451 1745 1576 1774 Secundo
1593 1749 1636 1775 est
1649 1747 1717 1775 ordo
1732 1746 1886 1785 inferioris
1907 1747 1941 1776 ad
1956 1748 2107 1785 saperius,
2130 1752 2157 1777 et
2169 1753 2270 1772 Secund-¹2

1301 1792 1466 1829 superioris
1497 1792 1531 1820 ad
1551 1802 1716 1828 summam,
1748 1802 1820 1831 quae
1848 1795 1951 1824 babent
1982 1796 2156 1825 essentialem

1301 1839 1427 1869 ordinem
1442 1842 1469 1868 et
1483 1839 1694 1876 dependentiam
1714 1841 1868 1870 secundum
1882 1842 2007 1871 ordinem
2030 1846 2155 1872 naturae.

1303 1887 1334 1916 Et
1355 1895 1409 1915 non
1431 1886 1533 1915 dicitur
1559 1887 1604 1915 llic
1631 1888 1771 1924 saperius
1789 1891 1817 1917 et
1845 1888 1973 1926 inferius
2002 1889 2156 1918 secundum

1302 1934 1401 1963 lineam
1423 1933 1701 1970 praedicamentalem
1714 1934 1734 1968 ⁸,
1756 1935 1803 1963 sed
1825 1936 1978 1964 secundum
2000 1935 2086 1973 magis
2108 1944 2156 1964 no-

1302 1981 1356 2010 bile
1377 1984 1405 2009 et
1426 1981 1518 2009 minus
1539 1980 1638 2009 nobile.

1385 2028 1428 2056 14.
1451 2027 1544 2056 Tertio
1565 2030 1606 2056 est
1626 2027 1695 2056 ordo
1716 2029 1853 2065 temporis
1874 2030 1907 2057 ad
1929 2038 2034 2058 aevum
2049 2033 2076 2058 et
2091 2030 2157 2058 aeui
2169 2034 2250 2054 Tertius·
2268 2041 2271 2052 s

1301 2076 1335 2105 ad
1345 2075 1574 2104 aeternitatem:
1597 2074 1677 2112 quia,
1700 2074 1721 2103 si
1750 2079 1791 2103 est
1812 2075 1916 2112 aliquid
1944 2079 2059 2113 propter
2080 2076 2156 2105 aliud
2267 2070 2268 2073 ¹

1302 2126 1441 2157 creatum,
1456 2131 1523 2160 ergo
1538 2125 1565 2151 et
1580 2122 1647 2150 illud
1662 2121 1737 2163 alliud
1758 2125 1800 2150 est
1813 2122 1917 2159 aliquid
1939 2126 2052 2159 propter
2067 2123 2155 2155 aliud,

1302 2171 1406 2200 scilicet
1428 2170 1596 2203 increatum,
1619 2171 1646 2197 et
1667 2168 1735 2197 illud
1756 2168 1810 2197 erit
1830 2171 1945 2205 propter
1966 2177 2010 2203 se3
2032 2172 2064 2197 ut
2078 2169 2099 2198 si
2114 2173 2156 2198 est

1303 2226 1348 2246 res
1381 2216 1540 2254 temporalis
1561 2219 1676 2252 propter
1707 2215 1841 2249 animam,
1862 2218 1889 2244 et
1919 2215 2011 2244 anima
2040 2218 2155 2252 propter

1303 2265 1408 2297 Deum3
1431 2263 1587 2292 necessario
1613 2270 1680 2300 ergo
1709 2262 1783 2290 Deus
1803 2269 1854 2299 per
1882 2269 1911 2290 se
1936 2264 1963 2290 et
1991 2264 2105 2298 propter
2127 2269 2155 2289 se
2267 2286 2269 2290 .

1303 2309 1352 2340 est'.
1370 2327 1406 2332 —
1422 2309 1579 2340 Secundum
1601 2309 1727 2338 ordinem
1748 2317 1814 2346 ergo
1835 2307 2037 2341 causalitatis,
2059 2307 2155 2344 (liyni-
2166 2313 2266 2333 eoactum

1304 2357 1373 2386 tatis
1394 2360 1421 2386 et
1440 2356 1510 2393 sinis
1530 2356 1624 2385 omnia
1643 2355 1801 2389 declarant,
1823 2362 1883 2384 esse
1900 2354 2049 2392 primum,
2074 2362 2154 2382 sam-

1304 2413 1386 2433 mmn
1407 2407 1435 2433 ct
1455 2404 1610 2438 ultimam,
1636 2402 1740 2432 scilicet
1767 2402 1795 2431 in
1824 2401 1930 2430 ratione
1958 2400 2078 2430 finiendi.
2102 2401 2154 2429 Hoc

1304 2459 1370 2488 ergo
1391 2451 1545 2480 secundum
1568 2450 1701 2479 rationein
1724 2449 1846 2478 ordinis.

460 2662 466 2674 ¹
486 2663 561 2685 Malui.
584 2662 607 2689 1,
625 2663 647 2684 2.
664 2660 710 2684 Cfr.
728 2666 797 2688 supra
816 2665 871 2687 pag.
888 2659 930 2685 53,
948 2662 1000 2682 ηοω
1023 2661 1040 2681 1.
1095 2682 1102 2685 ,

458 2700 467 2713 ²
486 2701 557 2723 Exod.
575 2701 600 2727 3,
618 2700 656 2722 13.
678 2705 728 2728 seq.
749 2698 796 2721 Csr.
819 2703 890 2725 supra
915 2698 990 2720 collat.
1007 2698 1027 2720 5.
1047 2705 1069 2721 n.
1087 2700 1124 2721 30.
1141 2705 1208 2728 seqq.
1225 2701 1248 2720 et

397 2740 539 2763 ltincrarium
558 2739 641 2762 mentis
658 2739 681 2761 in
699 2739 786 2765 Deum,
804 2744 825 2760 c.
843 2738 863 2759 3.
882 2743 904 2759 n.
923 2738 945 2759 3.
961 2740 984 2759 et
1000 2744 1019 2759 c.
1033 2738 1055 2760 5.
1067 2744 1091 2760 n.
1103 2740 1125 2761 2.
1137 2744 1203 2767 seqq.
1217 2750 1246 2753 —

397 2780 454 2801 Ante
474 2778 535 2802 venit
551 2778 575 2800 in
593 2779 669 2801 mente
686 2778 770 2805 supple
786 2776 814 2800 de
831 2776 887 2799 Deo.

459 2816 469 2829 ⁸
486 2818 544 2840 Gen.
565 2818 587 2844 l,
600 2818 643 2839 26:
660 2817 780 2839 Faciamus
798 2815 916 2838 hominem
934 2815 964 2837 ad
982 2815 1109 2845 imayinmn
1126 2820 1148 2839 ot
1163 2815 1247 2839 simili-

398 2856 502 2880 tudinem
525 2858 635 2879 nostram.
658 2855 705 2878 Csr.
727 2856 742 2877 l.
765 2856 827 2877 Sent.
849 2854 873 2877 d.
890 2854 928 2876 31.
945 2861 969 2882 p.
986 2855 1010 2876 ll.
1027 2861 1048 2877 a.
1066 2856 1087 2877 1.
1104 2863 1126 2885 q.
1146 2857 1168 2878 1.
1184 2862 1247 2885 seq.;

398 2898 422 2919 ll.
439 2897 502 2919 Seni.
519 2896 543 2917 d.
561 2895 598 2917 16.
615 2901 636 2917 a.
655 2894 674 2916 ·l.
692 2901 715 2923 q.
734 2891 756 2917 t.
775 2900 825 2922 seq.
841 2905 872 2910 —
889 2893 906 2915 B
924 2892 980 2922 qaia
1002 2893 1089 2917 scilicet
1112 2896 1145 2918 cst
1168 2894 1247 2924 inzaglo

397 2937 418 2959 et
434 2934 591 2959 essentazliter
606 2940 621 2956 a
638 2934 686 2956 Deo
703 2932 842 2962 dependens.

460 2972 470 2985 Δ
487 2973 571 2995 psalm.
594 2972 652 2999 117,
672 2972 709 2994 le.
734 2977 783 3000 seq.
800 2983 831 2987 —
849 2972 902 2999 ch.
928 2971 993 2993 locus
1018 2974 1052 2993 est
1077 2972 1144 2994 Rom.
1162 2973 1187 2999 1,
1209 2972 1248 2999 17,

398 3013 445 3035 Gal.
464 3013 490 3039 3,
510 3012 546 3034 ll.
562 3011 610 3034 Csr.
626 3010 712 3033 Habac.
729 3011 756 3037 2,
774 3010 796 3032 4.

1367 2657 1377 2670 ⁶
1394 2659 1465 2681 Exod.
1484 2660 1510 2685 3,
1530 2658 1565 2680 tl.
1582 2670 1614 2674 —
1630 2658 1681 2680 Duo
1698 2664 1764 2686 seqq.
1783 2656 1825 2679 loci
1844 2656 1957 2681 habentur
1976 2653 2031 2676 ibid.
2048 2660 2070 2676 v.
2084 2654 2121 2676 15.
2133 2657 2155 2676 et
2264 2662 2273 2694 Γ

1305 2698 1331 2724 4,
1350 2698 1374 2719 11
1390 2705 1395 2719 :
1412 2697 1468 2726 Quis
1486 2697 1538 2719 fecit
1554 2703 1581 2719 os
1598 2696 1717 2719 hominis?
1735 2699 1775 2718 aut
1791 2695 1844 2724 quis
1862 2694 1986 2717 fabricatus
2008 2695 2042 2714 cst
2064 2695 2154 2715 mutum
2264 2696 2271 2723 [1

1304 2740 1327 2759 et
1343 2737 1455 2763 surdum,
1472 2736 1590 2758 videntem
1607 2738 1630 2758 et
1647 2736 1762 2758 caecum?
1780 2740 1859 2757 nonne
1875 2734 1939 2761 ego?
2270 2724 2271 2733 ¹

1367 2774 1376 2787 ⁶
1393 2775 1440 2798 Csr.
1457 2775 1550 2803 Quaest.
1567 2775 1653 2802 disput.
1671 2774 1701 2796 de
1718 2772 1828 2801 mysterio
1847 2771 1910 2794 Trin.
1926 2777 1960 2799 qs
1971 2770 1992 2792 1.
2009 2776 2030 2792 a.
2048 2770 2069 2792 1.
2086 2770 2116 2792 ad
2133 2770 2155 2791 5.

1367 2813 1376 2826 ⁷
1394 2814 1440 2837 Cfr.
1458 2820 1528 2842 supra
1546 2814 1622 2836 collat.
1639 2813 1661 2835 5.
1678 2819 1700 2835 n.
1718 2813 1756 2835 28.
1780 2817 1847 2840 seqq.
1868 2813 1891 2833 et
1912 2809 2054 2832 itinerarium
2073 2809 2155 2831 mentis

1305 2854 1329 2876 in
1346 2855 1434 2881 Deum,
1453 2859 1473 2875 c.
1491 2853 1513 2875 1.
1530 2859 1554 2875 n.
1572 2852 1609 2874 14.
1625 2863 1656 2868 -
1672 2851 1718 2874 DE
1735 2850 1839 2873 addunt:
1851 2851 1874 2873 et
1888 2848 1923 2873 sic
1939 2847 2021 2872 nullus
2038 2847 2085 2872 nisi
2102 2848 2155 2871 insi-

1302 2892 1372 2923 piens
1386 2893 1466 2922 posset
1483 2891 1576 2915 dicere:
1595 2891 1644 2913 Nou
1661 2893 1696 2913 est
1716 2890 1778 2912 Deus
1795 2889 1845 2919 [Ps.
1863 2889 1904 2915 13,
1923 2887 1966 2917 1.].

1368 2930 1378 2944 ⁸
1394 2932 1419 2954 ln
1435 2938 1482 2960 qua
1499 2930 1548 2954 scil.
1565 2929 1609 2953 sub
1627 2936 1712 2958 genere
1723 2934 1836 2959 supremo
1847 2928 1897 2951 sive
1909 2927 2083 2956 generalissimo
2095 2927 2168 2957 ordig

1305 2973 1390 2994 uantur
1406 2970 1450 2993 alia
1473 2976 1559 2999 genera
1582 2972 1605 2992 et
1628 2969 1719 2997 species
1744 2974 1819 2997 usque
1843 2967 1872 2990 ad
1898 2966 2017 2989 individua
2044 2969 2154 2995 tanquam

1305 3009 1429 3040 inferiora.
1445 3021 1477 3026 —
1493 3008 1540 3032 Ctr.
1557 3014 1627 3037 supra
1646 3014 1701 3036 pag.
1718 3007 1777 3035 304,
1794 3009 1848 3030 nota
1865 3007 1887 3028 6.

2259 3056 2267 3064 „-
2259 2961 2270 3044 wat
2260 2900 2271 2953 συ..
2260 2829 2269 2894 *r
