2285 3398
424 198 447 226 X
1129 196 1372 225 PROLEGOMENA
1394 197 1422 225 C.
1445 197 1473 226 ll.

422 277 472 300 sive
488 275 666 299 demandatione
682 278 758 304 potest
774 278 853 304 petere
863 274 1027 305 supplicative.
1042 283 1053 295 «
1064 274 1217 303 Respondeo:
1229 274 1272 297 lsta

422 323 509 347 verba:
525 323 566 353 qui
583 322 652 346 habet
675 322 879 346 subauctoritatem
904 322 1055 350 praedicandi
1080 323 1155 350 potest
1179 327 1273 344 sumere

422 374 513 394 sumtus
529 370 693 399 supplicative,
705 376 752 393 non
768 372 821 393 sunt
836 368 909 392 verba
927 369 1070 397 scripturae,
1082 369 1124 391 sed
1135 368 1229 390 inventa
1241 366 1274 390 ad

422 416 590 441 excusandum
600 416 766 440 exewotitmes
777 416 803 440 in
811 415 915 446 peccatis
927 415 973 446 [ΡΒ.
985 415 1030 438 lio
1038 433 1044 443 ,
1057 414 1100 445 4.].
1111 415 1168 438 Nam
1186 413 1273 437 habere

422 464 626 487 subauctoritatem
643 466 682 486 aut
698 466 733 486 est
748 463 835 486 habere
857 465 1008 491 potestatem,
1033 464 1073 485 aut
1093 468 1156 489 non;
1173 461 1193 484 si
1209 467 1272 484 non:

421 518 479 541 ergo
495 517 588 534 sumere
599 513 690 534 sumtus
705 517 751 534 non
769 511 839 534 debet
853 510 983 533 secundum
1000 510 1136 538 Apostolum
1154 511 1177 531 et
1193 509 1273 537 Augu-

421 559 507 582 stinum
524 558 577 588 [cir.
593 564 665 586 supra
681 558 712 580 ad
729 557 771 587 1.].
789 558 812 580 Si
823 557 994 580 subauctoritas
1004 556 1060 579 dicit
1070 557 1221 584 potestatem,
1233 557 1273 578 aut

421 606 478 629 dicit
493 607 631 634 potestatem
648 605 780 633 propriam,
798 607 837 627 aut
848 604 946 627 alienam
955 612 962 631 ς
974 603 993 626 si
1005 603 1061 626 dicit
1071 604 1209 631 potestatem
1221 608 1273 631 pro-

421 653 509 682 priam,
526 652 560 675 slc
576 657 669 675 sumere
690 654 780 675 sumtus
802 654 878 680 potest
899 654 1009 680 tanquam
1031 649 1160 679 plebanus,
1176 649 1195 672 si
1217 649 1274 673 dicit

421 701 558 728 potestatem
569 699 681 726 alienam,
697 701 752 721 tunc
762 700 854 721 sumtus
870 700 946 726 potest
962 699 1041 725 petere
1051 702 1097 719 non
1108 702 1122 719 a
1139 695 1219 724 plebe,
1231 696 1273 719 sed

422 752 435 769 a
453 746 571 774 mittente,
588 747 663 769 Extra.
687 746 717 769 de
741 745 822 769 Officio
838 745 922 768 iudicis
937 744 1048 767 ordinarii
1064 742 1116 773 [lib.
1133 744 1150 766 l.
1165 743 1199 765 tit.
1215 743 1240 765 31
1247 741 1274 772 .],

424 795 487 818 Inter
497 795 576 817 cetera
592 792 646 823 [⁴5,
664 792 704 816 ubi
720 793 850 821 episcopis,
866 791 907 821 qui
924 797 967 820 per
983 797 1009 813 se
1025 796 1071 813 non
1086 792 1198 819 possunt,
1209 795 1274 818 prae⁴

422 841 519 871 cipitur,
536 843 561 864 ut
577 843 695 863 assumant
711 840 821 867 idoneos,
845 839 887 868 qui
911 839 1037 867 suppleant
1060 838 1111 860 loco
1134 843 1178 860 suo
1194 836 1274 866 quoad

422 888 619 918 praedicationes,
636 887 778 910 visitationes
798 889 821 910 et
844 885 1016 909 confessionum
1039 884 1182 911 auditioneS‚
1193 892 1213 905 Ἶιι
1225 884 1274 913 qui-

421 935 467 959 bus
478 935 534 964 ipsi,
545 941 599 958 cum
617 934 770 963 indiguerint,
787 938 891 961 congrue
907 931 1036 955 necessaria
1047 930 1233 958 subministrent,
1244 935 1274 952 ne

422 990 465 1013 pro
482 982 667 1006 necessariorum
684 981 776 1004 defectu
793 973 961 1008 compellantur
972 978 1083 1002 desistere
1094 977 1125 1001 ab
1137 978 1228 1006 incepto
1239 975 1274 1007 n].

485 1031 509 1053 ln
524 1028 678 1059 responsione
703 1028 733 1051 ad
754 1027 914 1057 quaestionem
931 1025 1075 1055 propositam
1093 1026 1117 1048 S.
1132 1025 1222 1048 Bonav.
1238 1023 1274 1047 tri-

422 1078 507 1107 plicem
529 1077 627 1099 modum
649 1074 825 1098 mendicationis
841 1073 963 1102 distinguit
978 1075 1001 1096 et
1016 1079 1060 1101 pro
1077 1071 1181 1095 secundo
1203 1070 1274 1094 modo

422 1124 476 1155 [qui
491 1127 526 1147 est
541 1130 572 1147 ex
591 1122 638 1147 otio
659 1121 760 1153 fovendo
777 1121 831 1151 ete]
856 1120 1004 1150 reprobando
1021 1119 1117 1143 adducit
1138 1117 1211 1142 verba
1228 1119 1275 1141 Au-

422 1172 508 1202 gustini
526 1172 555 1195 de
572 1171 648 1200 Opere
665 1171 834 1193 monachorum
853 1168 904 1199 [cfr.
921 1174 977 1197 pag.
995 1167 1114 1195 Moscol.
1134 1166 1171 1197 1.].
1190 1166 1274 1190 Contra

421 1221 466 1243 hoc
490 1219 589 1247 insurgit
613 1218 741 1241 Gulielmus
765 1216 860 1240 dicens:
885 1214 978 1244 «Quod
994 1214 1050 1237 dicit
1066 1213 1223 1242 Augustinus,
1244 1213 1275 1235 lo-

421 1272 496 1296 quens
512 1268 591 1289 contra
608 1265 660 1288 illos
680 1264 722 1294 qui
743 1263 876 1286 mendicant
891 1268 936 1291 pro
952 1262 1000 1285 otio
1024 1261 1137 1288 fovendo,
1157 1260 1194 1283 vel
1210 1260 1275 1282 lucro

421 1312 550 1341 captando,
566 1311 622 1335 dicit
637 1311 674 1341 [S.
695 1310 805 1340 BonaV.],
822 1310 886 1339 quod
903 1308 1060 1338 principaliter
1075 1308 1178 1337 loquitur
1194 1309 1275 1330 contra

422 1360 472 1383 illos
492 1360 534 1389 qui
558 1360 615 1382 sorte
636 1359 692 1381 tales
708 1360 787 1385 erant3
804 1357 870 1386 quod
886 1359 964 1379 tamen
981 1362 1027 1379 non
1049 1354 1147 1378 habetur
1166 1361 1193 1378 ex
1215 1355 1276 1383 capi-

421 1408 470 1431 tulo
486 1406 552 1437 [isto]
561 1415 567 1434 ;
584 1406 734 1429 nihilominus
750 1408 829 1428 tamen
845 1404 948 1433 loquitur
958 1406 1038 1426 contra
1049 1409 1132 1425 omnes
1142 1402 1276 1425 mendicare

422 1454 539 1481 volentes,
556 1459 610 1476 cum
627 1452 717 1481 possint
733 1451 848 1480 captando
864 1449 996 1480 [operando
1005 1449 1028 1479 i]
1045 1455 1158 1478 quaerere
1174 1449 1275 1477 victum,

422 1500 460 1522 vel
476 1499 569 1523 aliunde
586 1499 635 1522 sine
660 1501 755 1527 peccato
776 1497 876 1525 habere,
892 1497 934 1520 sed
951 1495 1042 1525 [licetil
1059 1496 1104 1519 sint
1119 1496 1179 1518 sicut
1194 1495 1276 1518 intenti

422 1546 534 1576 operibus
550 1545 717 1575 spiritualibus.
733 1546 799 1568 Unde
811 1545 874 1573 dicit,
887 1544 952 1574 quod
968 1544 1028 1567 sicut
1039 1543 1209 1566 intermittenda
1222 1546 1276 1566 sunt

422 1600 494 1623 opera
510 1593 637 1622 spiritualia
654 1592 794 1623 [sequuntur
811 1592 927 1621 quaedam
944 1590 1017 1613 verba
1034 1596 1082 1613 non
1098 1589 1234 1620 legibiliaJ...
1245 1590 1274 1612 ita

423 1641 550 1664 omittenda
566 1643 620 1664 sunt
636 1640 667 1663 ad
679 1642 785 1668 tempus,
796 1642 822 1662 ut
833 1639 921 1661 victum
933 1638 1054 1667 operando
1070 1643 1212 1667 quaeramus
1224 1636 1275 1667 [cfr.

422 1695 493 1718 supra
510 1689 538 1711 ad
557 1688 595 1711 34.
617 1687 686 1718 arg.].
707 1688 734 1710 Et
754 1687 868 1710 rationem
889 1685 1021 1714 subiungit,
1043 1685 1149 1708 videlicet
1172 1691 1202 1708 ne
1222 1685 1275 1714 quis

422 1736 566 1760 Christianus
583 1735 716 1758 mendicare
733 1735 869 1763 compulsus
891 1733 978 1756 vendat
993 1734 1155 1762 paupertatem
1172 1732 1276 1755 christia-

423 1790 466 1807 nae
477 1783 625 1812 persectionis
636 1782 687 1812 [cfr.
698 1788 769 1811 supra
786 1782 816 1804 ad
833 1787 884 1809 arg.
895 1780 936 1810 6.],
948 1779 1055 1803 videlicet
1072 1782 1097 1803 ut
1107 1780 1147 1802 flat
1158 1779 1275 1809 adulator,

423 1832 461 1854 vel
478 1831 594 1854 detractor
611 1833 634 1852 et
651 1830 718 1852 cadat
734 1830 757 1852 in
774 1829 836 1852 aliud
853 1831 975 1857 peccatum
992 1830 1015 1850 et
1031 1827 1139 1850 videatur
1160 1833 1228 1850 suam
1248 1827 1276 1850 si-

424 1879 536 1901 mulatam
553 1877 656 1900 vendere
673 1877 817 1899 sanctitatem
830 1884 851 1897 ι».

471 1925 552 1954 Quoad
561 1925 654 1947 tertium
665 1923 811 1947 mendicandi
824 1923 920 1945 modum
932 1921 984 1952 [cfr.
994 1928 1050 1950 pag.
1063 1921 1116 1950 140,
1128 1922 1170 1944 col.
1180 1922 1223 1950 ll.],
1234 1923 1274 1951 qui

424 1972 554 1995 secundum
564 1973 586 1994 S.
596 1973 683 1994 Bonav.
692 1971 773 1999 triplex
782 1972 824 1997 est,
835 1970 962 1992 Gulielmus
973 1968 1065 1992 exhibet
1074 1971 1163 1991 tantum
1172 1969 1275 1997 primum

424 2019 570 2049 [mendicare
593 2025 636 2047 pro
653 2017 747 2041 Christo
766 2016 891 2046 imitando]
915 2019 937 2039 et
959 2010 1089 2039 secundum
1113 2015 1165 2045 [pro
1183 2015 1276 2040 Christo

424 2065 630 2096 evanqelt'zando}
647 2065 681 2088 Ad
694 2064 920 2087 commendationem
938 2063 1006 2091 primi
1018 2062 1118 2086 membri
1136 2064 1192 2085 haec
1209 2063 1276 2086 datur

424 2112 557 2141 responsio:
577 2120 588 2131 ιι
601 2111 641 2134 Hic
652 2111 795 2139 respondeo,
807 2110 872 2139 quod
889 2110 938 2132 fleri
955 2116 1044 2138 pauper
1056 2116 1099 2138 pro
1115 2109 1206 2132 Christo
1217 2115 1277 2137 opus

425 2162 460 2182 est
470 2158 627 2188 perfectionis,
643 2158 685 2180 sed
697 2164 825 2186 pauperem
843 2157 986 2184 mendicare,
998 2163 1052 2180 cum
1067 2159 1147 2185 posset
1157 2156 1276 2185 operando

425 2207 513 2230 victum
530 2206 652 2235 acquirere
668 2209 690 2228 et
707 2205 800 2228 aliunde
816 2205 866 2227 sine
883 2207 978 2233 peccato
994 2210 1085 2233 emere,
1102 2210 1148 2227 non
1166 2206 1201 2227 est
1216 2210 1277 2233 opus

425 2254 585 2284 perfectionis,
601 2254 643 2277 sed
660 2260 721 2282 opus
737 2253 838 2282 peccati,
854 2253 908 2282 quia
926 2254 1004 2275 contra
1026 2252 1155 2275 doctrinam
1172 2252 1276 2280 Apostoli

426 2302 477 2333 [crr.
493 2308 563 2330 supra
580 2301 610 2324 ad
627 2308 695 2330 argg.
712 2301 750 2324 27.
767 2303 789 2323 et
805 2300 865 2328 35.];
882 2306 924 2322 nec
941 2299 1046 2323 Christus
1063 2305 1167 2328 unquam
1189 2299 1276 2322 mendi-

425 2350 499 2379 cavit,
522 2356 564 2373 nec
580 2350 625 2372 hoc
647 2349 731 2377 legitur
748 2348 771 2371 in
792 2348 922 2376 Scriptura;
941 2347 983 2370 sed
1000 2346 1060 2369 bene
1075 2346 1192 2376 sequitur,
1211 2347 1275 2376 quod

426 2403 516 2426 pauper
533 2397 586 2423 ruit,
602 2396 645 2419 sed
662 2402 707 2418 non
719 2395 854 2418 mendicans
871 2394 958 2417 victum
970 2393 1132 2421 corporaliter,
1149 2393 1201 2416 licet
1212 2399 1277 2416 men-

426 2443 492 2468 dicus
509 2444 599 2467 dicatur
616 2443 693 2472 aliquo
710 2442 793 2469 modo,
811 2444 836 2464 ut
852 2441 940 2464 dictum
957 2443 992 2463 est
1008 2446 1078 2468 supra
1091 2448 1102 2460 ›
1123 2439 1162 2469 [ad
1173 2446 1223 2467 arg.
1235 2439 1278 2469 9.].

425 2502 457 2507 —
468 2490 504 2513 Ad
520 2490 590 2513 finem
608 2490 677 2512 huius
693 2488 806 2516 membri,
823 2488 863 2511 ubi
880 2488 909 2511 de
926 2490 1060 2515 contemptu
1076 2486 1223 2513 divitiarum,
1240 2489 1277 2509 re-

425 2537 566 2565 spondetur:
581 2545 593 2557 α
604 2537 645 2559 Hic
657 2536 721 2564 dico,
738 2536 802 2565 quod
815 2538 962 2558 contemnere
978 2534 1072 2557 divitias
1082 2536 1117 2556 est
1128 2536 1276 2556 contemnere

426 2585 554 2611 mundum:
571 2584 612 2607 scd
630 2584 761 2607 mendicare
778 2590 822 2606 non
839 2586 875 2607 est
891 2586 1052 2611 contemnere,
1073 2581 1134 2604 sicut
1155 2587 1197 2604 nec
1214 2587 1277 2603 man-

427 2632 524 2667 ducare,
542 2632 613 2654 immo
630 2635 664 2654 est
680 2638 759 2655 curam
778 2631 864 2654 habere
879 2631 915 2654 sui
927 2639 937 2651 n
958 2629 1012 2660 [cfr.
1024 2635 1095 2658 supra
1112 2629 1142 2652 ad
1153 2635 1204 2657 arg.
1215 2627 1274 2658 2⁹.].

427 2679 467 2702 His
484 2678 562 2702 verbis
579 2679 714 2707 responderi
732 2678 824 2701 videtur
845 2678 914 2701 etiarn
931 2678 961 2700 ad
978 2678 1079 2706 primam
1101 2676 1214 2699 rationem
1231 2675 1277 2705 [ra-

427 2725 490 2748 tione
514 2725 564 2748 eius
588 2724 652 2755 quod
666 2724 829 2754 praedicatur,
854 2724 908 2753 quia
933 2724 1096 2752 praedicamus
1120 2722 1200 2745 mundi
1223 2728 1278 2745 con-

428 2771 552 2801 temptum]
564 2771 661 2794 secundi
679 2770 792 2798 membri,
808 2770 857 2793 scil.
870 2777 912 2799 pro
930 2770 1023 2794 Christo
1034 2769 1235 2800 evamelimndm
1246 2769 1276 2792 ad

427 2808 494 2842 culus
513 2819 639 2841 secundam
661 2819 784 2841 rationem:
804 2826 816 2838 u
832 2818 850 2841 Α
865 2817 978 2847 pluribus
994 2817 1066 2840 eliam
1081 2817 1235 2847 praedicatur
1248 2826 1276 2846 n,

429 2866 486 2888 haee
502 2865 651 2893 subiungitur
667 2865 799 2893 responsio:
819 2873 831 2885 ιι
842 2865 884 2887 Hic
905 2864 971 2893 dico,
987 2864 1051 2893 quod
1074 2864 1208 2893 praedicare
1230 2871 1277 2887 non

429 2910 515 2933 debent
531 2911 574 2933 nisi
592 2911 668 2939 missi,
690 2914 713 2934 et
728 2911 747 2934 si
764 2911 871 2939 permissi
891 2910 1036 2939 praedicant,
1053 2910 1123 2933 debet
1145 2911 1179 2934 eis
1195 2917 1207 2933 a
1225 2911 1277 2934 mit-

430 2957 531 2981 tentibus
555 2958 686 2986 provideri;
708 2959 782 2981 Extra.
801 2958 830 2980 de
854 2958 935 2981 Olllcio
960 2958 1043 2981 iudicis
1066 2958 1189 2986 ordinarii,
1212 2959 1276 2981 Inter

430 3006 508 3029 cetera
519 3013 531 3024 ι
551 3003 601 3029 [cfr.
614 3011 684 3027 sunt-a
701 3005 729 3026 ad
743 3011 791 3032 are.
809 3004 905 3027 {lal—
917 3004 1078 3028 probationem
1091 3005 1159 3027 huius
1170 3005 1277 3033 rationis,

1328 281 1389 304 quae
1405 275 1427 297 in
1444 278 1521 298 nostra
1539 275 1577 298 ed.
1593 276 1674 304 paucis
1690 275 1770 298 verbis
1786 275 1907 298 exhibetur
1925 275 1952 305 [si
1970 275 2132 304 praedicantes
2143 276 2177 298 vi-

1328 324 1387 344 vunt
1402 322 1432 345 de
1443 322 1569 350 Evangelio
1580 322 1646 353 etc.]‚
1658 323 1786 346 Gulielmus
1797 323 1908 351 prolixius
1930 323 2040 351 proponit
2056 323 2178 352 ipsamque

1326 368 1447 391 concludit
1463 368 1498 391 his
1514 368 1605 391 verbis:
1624 377 1636 389 u
1648 370 1674 392 Et
1686 369 1739 393 ideo
1751 369 1788 392 isti
1799 369 1899 392 Ordines
1915 369 1975 397 duo,
1987 369 2072 392 scilicet
2088 369 2178 392 Praedi-

1327 416 1434 437 catorum
1451 417 1473 437 et
1489 415 1614 443 Minorum‚
1631 416 1695 439 missi
1713 418 1804 439 ruerunt
1820 417 1980 445 eleemosynas
1991 418 2106 445 petentes,
2123 416 2178 446 quia

1329 466 1372 489 pro
1388 461 1543 490 eleemosynis
1559 463 1665 490 petendis
1680 463 1773 486 nomine
1789 463 1872 487 Christi
1894 463 1959 486 ibant
1975 463 2053 491 multi,
2075 463 2116 492 qui
2132 469 2177 486 non

1328 507 1436 537 ivissent,
1448 508 1588 537 praebendis
1600 509 1728 533 minoribus
1739 511 1776 533 vel
1787 510 1857 533 etiam
1870 511 1927 533 sorte
1938 510 2067 533 maioribus
2082 509 2178 538 habitis,

1329 555 1402 579 immo
1418 556 1486 579 citius
1502 556 1524 579 in
1542 556 1590 579 suis
1606 556 1712 585 partibus
1734 561 1879 581 morarentur
1890 567 1912 580 n.
1934 558 1970 581 Ad
1995 559 2039 581 hoc
2064 557 2179 580 invenitur

1329 603 1386 625 haec
1405 603 1542 631 responsio:
1561 612 1574 624 ιι
1585 603 1626 626 liic
1645 604 1710 632 dico,
1727 605 1791 634 quod
1808 605 1848 634 qui
1864 605 1946 633 recipit
1962 603 2122 633 praebendam
2138 611 2179 627 no—

1330 649 1392 672 mine
1415 649 1564 677 praebendae
1588 651 1721 674 mercedem
1746 651 1893 679 praebendae
1915 652 2014 681 recipit·;
2038 652 2080 675 sed
2102 654 2178 674 tamen

1329 696 1397 718 istam
1414 695 1572 724 praebendam
1590 696 1714 726 [recipiens
1722 698 1754 728 ?],
1765 699 1784 721 si
1796 705 1841 722 non
1858 698 1928 722 habet
1944 701 2094 728 potestatem,
2107 705 2120 722 a
2131 699 2179 722 Deo

1330 745 1406 771 potest
1421 743 1528 766 damnari
1543 746 1567 766 et
1583 744 1707 767 damnatur
1718 753 1740 768 1³-

1393 788 1429 812 Ad
1444 789 1628 819 conclusionem,
1645 790 1731 814 scilicet
1741 791 1806 820 quod
1818 792 1951 815 mendicare
1962 798 2005 821 pro
2021 792 2111 816 Christo
2128 791 2180 814 imi-

1331 835 1401 858 tando
1417 838 1461 858 etc.
1478 842 1523 858 non
1539 837 1615 859 solum
1631 837 1660 860 sit
1676 837 1778 866 bonum,
1794 838 1836 861 sed
1858 839 1926 862 etiam
1943 839 2090 868 perfectionis
2112 845 2179 862 evan-

1330 882 1430 911 gelicae,
1447 883 1515 905 datur
1526 884 1660 912 responsio:
1680 893 1691 904 α
1703 885 1765 907 Haec
1782 885 1898 908 conclusio
1910 886 2020 915 supponit
2038 887 2128 913 falsum,
2145 886 2180 909 di-

1330 930 1405 952 cendo
1421 929 1538 953 Christum
1555 930 1693 954 imitandum
1711 931 1878 961 mendicando;
1893 933 1948 962 quia
1964 933 2068 957 Christus
2084 933 2117 957 sic
2134 940 2179 956 non

1330 977 1484 1005 mendicavit;
1501 977 1538 999 vel
1555 977 1573 999 si
1590 977 1660 1000 etiam
1680 977 1785 1001 Christus
1801 979 1967 1007 mendicasset,
1990 987 2036 1003 non
2060 984 2121 1004 esset
2138 984 2180 1004 tra-

1330 1024 1434 1047 hendum
1451 1024 1480 1047 ad
1503 1024 1704 1054 consequentiam,
1721 1031 1775 1048 cum
1793 1026 1837 1048 hoc
1856 1026 1978 1054 prohibeat
1999 1028 2136 1056 Apostolus,
2158 1028 2179 1051 in

1330 1078 1378 1100 quo
1394 1071 1533 1101 loquebatur
1549 1071 1653 1095 Christus
1665 1080 1688 1094 n.

1394 1118 1498 1141 Subinde
1515 1120 1596 1141 auctor
1616 1118 1741 1147 intringere
1757 1119 1834 1141 studet
1855 1119 1979 1142 solutiones
1995 1118 2151 1142 obiectionum
2166 1126 2179 1142 a

1331 1167 1354 1189 S.
1371 1167 1459 1189 Bonav.
1480 1166 1554 1189 datas.
1571 1167 1594 1189 ln
1616 1166 1730 1189 solutione
1753 1166 1832 1189 tertiae
1854 1165 1989 1190 obiectionis
2011 1167 2046 1189 illa
2064 1166 2180 1190 distinctio

1331 1213 1486 1237 mendicitatis
1503 1213 1535 1244 [in
1551 1213 1716 1237 voluntariam
1733 1216 1756 1236 et
1771 1213 1890 1244 coactam]
1907 1214 2020 1237 Gulielmo
2031 1220 2075 1237 non
2093 1214 2180 1242 placet;

1331 1261 1362 1283 ait
1380 1261 1456 1283 enirn:
1471 1270 1482 1281 ιι
1493 1260 1591 1289 Contra;
1608 1261 1660 1284 licet
1671 1258 1797 1290 paupertas
1813 1261 1897 1285 debeat
1912 1268 1964 1285 esse
1975 1262 2114 1291 voluntaria,
2126 1262 2181 1292 quia

1331 1307 1395 1330 aliter
1412 1314 1458 1330 non
1469 1311 1536 1331 >esset
1546 1308 1676 1336 meritoria,
1687 1311 1765 1331 tamen
1783 1309 1919 1332 mendicitas
1930 1316 1978 1332 non
1994 1309 2064 1333 debet
2080 1315 2131 1332 esse
2142 1315 2181 1331 vo-

1331 1355 1441 1383 luntaria;
1457 1355 1525 1384 quia,
1542 1355 1561 1378 si
1579 1356 1695 1379 mendicet
1710 1356 1776 1385 quis,
1793 1356 1836 1379 nisi
1852 1359 1953 1385 egestate
1969 1357 2115 1384 compulsuS,
2130 1361 2181 1384 pec·

1331 1405 1368 1425 cat
1380 1403 1509 1426 fraudando
1520 1409 1649 1432 pauperes,
1661 1403 1747 1432 quibus
1758 1404 1919 1431 elcemosynae
1929 1403 2051 1427 debentur.
2062 1403 2127 1426 Unde
2138 1403 2181 1426 Au-

1331 1450 1449 1479 gustinus,
1466 1451 1496 1474 de
1514 1450 1597 1473 Verbis
1613 1451 1717 1478 Domini,
1733 1450 1808 1474 Causa
1825 1452 1885 1474 XlV.
1901 1458 1925 1481 q.
1939 1452 1961 1475 5.
1981 1450 2110 1474 Immolans
2123 1450 2179 1481 [2.]:

1334 1506 1346 1518 ιι
1358 1498 1425 1520 Panis
1442 1498 1560 1526 egentium
1579 1498 1625 1520 vita
1642 1500 1677 1521 est
1693 1499 1812 1526 pauperis.
1828 1499 1872 1527 Qui
1894 1498 2016 1521 defraudat
2032 1504 2086 1520 eum
2109 1498 2180 1520 homo

1330 1547 1365 1567 est
1382 1545 1502 1572 sanguinis
1514 1553 1536 1567 n.
1553 1545 1591 1567 Et:
1612 1552 1622 1565 ‹
1635 1544 1679 1573 Qui
1696 1544 1726 1567 de
1742 1543 1810 1567 bonis
1826 1545 1875 1568 suis
1891 1545 2013 1568 sustentari
2030 1547 2138 1573 possunt,
2160 1545 2180 1567 si

1330 1591 1395 1620 quod
1412 1593 1446 1614 est
1463 1597 1593 1619 pauperum
1606 1590 1734 1619 accipiunt,
1750 1592 1896 1621 sacrilegium
1910 1593 2012 1620 profecto
2023 1592 2142 1619 incurrunt
2158 1594 2180 1614 et

1330 1643 1373 1665 per
1389 1637 1527 1660 abusionem
1544 1639 1567 1660 et
1589 1637 1652 1660 aliud
1668 1637 1755 1667 [textus
1776 1638 1893 1667 originalis
1910 1645 1953 1667 pro
1970 1640 1993 1662 et
2013 1637 2081 1661 aliud
2096 1637 2181 1660 substi—

1330 1684 1374 1707 tuit
1390 1683 1485 1714 talium]
1504 1685 1615 1708 iudicium
1632 1684 1677 1707 sibi
1694 1686 1836 1709 manducant
1851 1689 1874 1709 et
1890 1685 1974 1709 bibunt
1985 1695 2008 1709 n.
2024 1685 2097 1709 Causa
2119 1685 2181 1708 XVI.

1330 1738 1355 1761 q.
1375 1732 1397 1754 1.
1415 1731 1534 1760 Quoniam
1550 1730 1666 1761 quidquid
1681 1731 1753 1762 [683.

1393 1779 1429 1802 Ad
1446 1779 1583 1803 solutionem
1601 1779 1622 1802 5.
1639 1778 1775 1803 obiectionis
1791 1781 1821 1803 de
1838 1781 1888 1803 Act.
1904 1781 1946 1808 20,
1969 1781 2012 1804 35:
2029 1779 2124 1804 Beatius
2146 1781 2181 1803 est

1330 1825 1408 1856 maqis
1425 1825 1484 1849 dare
1500 1832 1574 1856 quam
1589 1825 1696 1856 accipere
1711 1829 1767 1855 etc„
1785 1828 1842 1850 haec
1863 1833 1877 1850 a
1897 1827 2010 1850 Gulielmo
2026 1827 2179 1850 adiiciuntur:

1334 1882 1346 1894 ιι
1357 1874 1421 1897 lstud
1437 1880 1482 1897 non
1500 1874 1553 1897 facit
1568 1874 1599 1897 ad
1616 1875 1775 1903 propositum,
1792 1875 1847 1905 quia
1863 1875 1924 1899 bene
1941 1875 2101 1903 concedimus,
2117 1874 2180 1904 quod

1332 1921 1415 1944 melius
1431 1923 1466 1944 est
1482 1921 1559 1944 omnia
1576 1927 1619 1949 pro
1636 1921 1727 1945 Christo
1738 1922 1868 1952 relinquere
1883 1929 1954 1952 quam
1967 1922 2053 1951 aliquid
2070 1922 2168 1945 retinere
2174 1931 2180 1949 ;

1332 1968 1374 1991 sed
1390 1974 1417 1991 ex
1434 1969 1479 1991 hoc
1495 1974 1540 1991 non
1558 1968 1675 1997 sequitur,
1691 1969 1757 1998 qnod
1773 1971 1878 1998 oporteat
1894 1969 2040 1996 mendicare;
2057 1969 2099 1992 sed
2110 1968 2180 1992 debet

1332 2015 1452 2043 operando
1476 2015 1565 2038 victum
1590 2021 1713 2044 quaerere,
1738 2018 1763 2039 ut
1783 2016 1839 2039 dicit
1853 2016 1933 2038 Glossa
1956 2016 2109 2044 praeallegata
2126 2015 2180 2046 [cfr.

1332 2067 1387 2090 pag.
1406 2062 1463 2089 134,
1481 2068 1531 2090 arg.
1548 2061 1589 2092 6.].
1606 2063 1662 2085 Luc.
1679 2063 1721 2085 l2:
1740 2072 1752 2083 ιι
1764 2064 1805 2091 Ut,
1821 2062 1930 2086 omnibus
1946 2063 2018 2085 semel
2036 2069 2078 2091 pro
2090 2063 2180 2086 Christo

1332 2108 1428 2136 spretis,
1445 2111 1525 2137 postea
1542 2108 1672 2137 operemini
1689 2109 1797 2133 manibus
1813 2109 1907 2135 vestris,
1924 2108 1986 2131 unde
2003 2109 2088 2131 vivatis
2099 2118 2121 2132 n.
2138 2109 2180 2132 Vel

1333 2153 1403 2177 debet
1419 2155 1478 2177 inter
1494 2161 1644 2178 communem
1662 2156 1733 2178 vitam
1750 2156 1861 2184 degentes
1881 2154 1910 2177 de
1927 2153 1994 2176 bonis
2015 2154 2126 2177 ecclesiae
2141 2160 2180 2176 su-

1332 2202 1427 2225 stentari
1436 2211 1458 2225 ».
1470 2202 1575 2225 Subinde
1586 2202 1692 2226 additur:
1706 2212 1718 2223 «ι
1730 2203 1772 2226 Hic
1782 2203 1847 2229 dico,
1858 2201 1922 2230 quod
1932 2207 1979 2223 non
1991 2200 2179 2229 suntspiritualia

1332 2249 1427 2272 omnino
1443 2250 1591 2278 dimittenda,
1612 2250 1654 2273 sed
1670 2251 1799 2273 secundum
1819 2249 1974 2277 Augustinum
1997 2250 2092 2276 propter
2108 2254 2180 2277 quae-

1332 2296 1431 2319 rendum
1449 2297 1536 2320 victum
1553 2299 1607 2320 sunt
1623 2297 1750 2325 spiritualia
1764 2296 1958 2325 interponenda».

1395 2344 1430 2366 Ad
1442 2344 1580 2367 solutionem
1592 2345 1614 2367 9.
1627 2344 1764 2367 obiectionis
1776 2344 1804 2367 de
1812 2344 1890 2366 Glossa
1903 2342 1924 2365 in
1937 2342 1961 2364 11.
1973 2341 2056 2369 Thess.
2064 2342 2090 2370 3,
2103 2342 2144 2370 10,
2154 2342 2178 2365 in

1332 2397 1378 2420 qua
1395 2393 1418 2414 S.
1430 2392 1518 2415 Bonav.
1535 2395 1602 2420 urget
1613 2393 1670 2415 haec
1681 2392 1766 2415 verba:
1787 2400 1797 2412 ι
1810 2393 1834 2414 ιιι
1844 2397 1889 2413 non
1900 2390 2067 2418 compellantur
2077 2393 2179 2418 egestate

1332 2439 1460 2461 necessaria
1472 2442 1551 2467 petere
1565 2449 1585 2469 ”³
1595 2442 1675 2468 utpote
1686 2446 1746 2469 quae
1757 2445 1802 2461 non
1814 2437 1961 2460 verincentur
1970 2436 2000 2459 de
2010 2437 2179 2461 mendicatione

1332 2484 1485 2515 voluntaria,
1502 2487 1667 2515 respondetur:
1686 2496 1696 2507 a
1709 2485 1837 2509 Ridiculosa
1857 2483 1940 2506 solutio
1956 2486 1979 2506 et
1994 2487 2073 2507 contra
2090 2485 2178 2508 dictum

1333 2532 1462 2562 [Glossae];
1478 2534 1546 2563 quia,
1563 2535 1581 2557 si
1599 2536 1680 2563 petunt
1696 2540 1743 2557 non
1759 2531 1871 2560 compulsi
1888 2533 2002 2559 egestate,
2024 2536 2132 2560 peccant,
2154 2536 2179 2556 ut

1332 2579 1420 2602 dictum
1438 2583 1473 2602 est
1492 2587 1563 2610 supra
1580 2581 1621 2611 [ad
1639 2580 1749 2610 arg.'?35.
1765 2582 1788 2602 et
1808 2579 1831 2601 in
1848 2577 1963 2606 principio
1985 2584 2091 2607 respons.
2113 2586 2178 2608 corp.

1332 2627 1441 2656 quaest).
1457 2628 1490 2650 Ad
1509 2628 1608 2656 primam
1625 2632 1714 2657 partem
1732 2627 1800 2651 huius
1810 2625 1941 2654 solutionis,
1958 2625 1981 2648 in
1992 2632 2039 2655 qua
2056 2627 2079 2650 S.
2090 2616 2178 2650 Bonav.

1332 2674 1457 2703 proponit,
1468 2675 1533 2703 quod
1545 2681 1587 2703 per
1597 2675 1669 2699 verba
1686 2676 1791 2699 Glossae:
1810 2682 1821 2694 ιι
1831 2673 1885 2695 Vult
1896 2672 2031 2701 Apostolus,
2045 2679 2127 2696 servos
2137 2674 2178 2697 Dei

1333 2722 1482 2750 corporaliter
1498 2722 1589 2750 operari
1607 2731 1618 2743 n
1637 2725 1694 2751 etc„
1711 2729 1755 2745 non
1772 2722 1935 2750 praeceptum,
1951 2719 1992 2742 sed
2004 2720 2131 2743 admonitio
2146 2721 2178 2744 in-

1333 2768 1449 2795 culcetur,
1473 2767 1509 2790 ille
1532 2769 1669 2796 respondet:
1693 2769 1759 2793 «llic
1776 2767 1856 2791 salsum
1882 2765 1949 2794 dicit,
1969 2765 2042 2788 immo
2066 2766 2179 2795 praecipit

1333 2815 1378 2837 hoc
1395 2814 1518 2842 Apostolus
1534 2814 1550 2836 1.
1561 2814 1642 2837 Thess.
1654 2814 1680 2843 4,
1690 2815 1714 2837 11
1727 2823 1733 2837 :
1751 2811 1889 2844 Operamini
1898 2811 2008 2835 manibus
2025 2811 2122 2841 vestris,
2132 2812 2178 2836 sic-
2194 2824 2196 2826 >

1333 2863 1362 2886 ut
1379 2860 1546 2892 praecepimus
1566 2859 1645 2889 υοΙ]ι”-·τ,ι
1666 2861 1708 2884 sed
1724 2863 1786 2884 certe
1801 2866 1848 2883 non
1865 2861 1940 2888 potest
1960 2865 2007 2881 non
2024 2858 2115 2882 mentiri
2137 2859 2177 2888 qui

1333 2910 1384 2933 vult
1399 2908 1511 2932 sustinere
1527 2908 1609 2930 salsum
1626 2911 1704 2931 contra
1716 2913 1804 2931 sacram
1821 2906 1963 2935 scripturam
1973 2914 1995 2928 ι.
2005 2917 2037 2922 -
2049 2905 2073 2927 S.
2088 2905 2175 2928 Bonav.

1334 2959 1487 2986 proposuerat
1498 2956 1590 2979 tertium
1608 2955 1751 2982 membrum,
1762 2955 1811 2977 scil.
1826 2954 1890 2983 quod
1906 2954 1926 2976 si
1937 2952 2009 2976 verba
2021 2953 2114 2975 Glossae
2125 2958 2177 2975 con-

1334 3004 1432 3027 tinerent
1448 3005 1609 3032 praeceptum,
1627 3003 1671 3025 hoc
1687 3008 1712 3025 se
1736 3007 1781 3024 non
1798 3000 1929 3023 extenderet
1949 2999 1979 3022 ad
2002 3000 2050 3022 illos
2071 2998 2112 3028 qui
2128 3004 2177 3021 ma-
