2285 3398
174 438 264 465 Diabolus
277 439 303 457 se-

197 464 223 481 cit
236 464 278 481 tria.

237 863 299 883 Ratio.

171 1053 299 1079 Tentationem

191 1079 300 1104 permittere

190 1103 283 1124 congruit.

209 1289 300 1309 Diabolus

170 1315 244 1332 tentare
264 1314 299 1332 sci-

169 1337 203 1358 vit,
212 1338 271 1356 :oluit
280 1340 298 1356 et

169 1361 238 1385 potuit.

171 1762 240 1781 Contra
246 1767 300 1787 prae-

182 1788 257 1813 ceptum
272 1786 300 1805 di-

182 1811 279 1834 sciplinae.

184 1904 248 1924 Primo
260 1910 300 1924 mu-

205 1929 278 1948 liei-em.

170 2093 216 2112 Tres
230 2093 300 2117 gradus

170 2117 190 2135 in
204 2117 300 2136 tentando.

318 211 374 240 ⁶232

396 290 463 318 llaec
485 291 578 317 autem
609 288 642 317 de
674 288 825 317 tentatione
847 288 963 321 tenenda
987 292 1067 323 sunt,
1089 288 1164 325 quod

316 344 379 365 cum
401 336 475 364 Deus
496 335 636 364 hominem
658 334 823 364 condidisset
843 334 871 363 in
892 335 1019 364 felicitate
1044 334 1162 372 paradisi

318 384 343 412 in
365 382 465 419 duplici
489 389 576 416 sexu,
598 381 671 410 virili
693 381 796 411 scilicet
822 385 850 411 et
870 382 1016 417 muliebri;
1037 381 1163 410 diabolus

316 429 439 458 invidens
462 428 581 463 bomini,
603 426 726 457 assumta
746 428 836 466 specie
857 429 1030 466 serpentina,
1052 435 1163 466 aggres-

315 485 362 506 sus
383 480 424 506 est
445 477 606 511 mulierem,
621 477 712 514 primo
732 477 913 516 quaerendo.-
937 476 998 505 Cm·
1016 474 1164 513 praecepit

317 523 393 552 vobis·
416 523 509 558 Deus,
530 532 566 552 ne
596 524 778 553 comederetis
791 524 822 552 ¹?
844 524 964 553 secundo
990 522 1162 552 asserendo.-

314 571 508 610 Nequaquam
529 571 697 600 moriemini
703 582 714 605 ‚·
736 572 817 601 tertio
835 571 1046 610 promittendo:
1072 569 1163 598 Eritis·

313 618 388 647 sieut
409 618 468 653 clii,
490 618 608 647 scientes
636 618 743 647 bomem
771 622 797 647 ec
823 618 954 652 mahom,-
985 618 1080 647 volens
1112 616 1164 645 isla

314 665 463 694 tentatione
483 665 601 694 deiicere
621 665 767 694 mulierem
790 666 973 695 infirmiorem
1001 668 1028 694 et
1055 672 1105 701 per
1131 664 1163 692 il-

313 713 367 742 lam
388 716 484 750 postea
504 716 681 750 prosternere
696 721 797 742 sexum
812 713 936 748 virilem;
952 713 1026 750 quod
1040 715 1068 741 et
1086 711 1162 744 feeit,

315 760 429 789 Domino
450 760 635 798 permittente.

392 807 468 836 Ratio
488 810 582 836 autem
602 807 637 835 ad
651 807 859 844 intelligentiam
874 807 1080 844 praedictorum
1096 806 1163 835 haec

313 857 370 884 est:
392 854 473 892 quia,
494 855 566 883 sicut
593 854 717 891 primum
748 854 917 891 principium
944 857 986 883 est
1007 853 1164 891 potentissi-

312 910 390 931 mum
411 902 438 930 in
467 901 661 939 producendo,
682 902 721 930 sie
742 901 842 940 etiam‘
856 904 898 930 est
928 901 1114 930 rectissimum
1135 900 1162 929 in

312 948 508 986 gubernando3
530 951 558 977 et
578 948 639 977 ideo
659 961 672 974 «
688 956 748 983 res,
769 956 839 986 quas
861 948 997 983 condidit,
1019 948 1056 977 ita
1077 947 1163 976 admi-

312 997 426 1031 nistrat,
448 999 480 1025 ut
501 1000 592 1026 tamen
614 1004 660 1025 eas
681 1004 764 1034 agere
777 996 905 1034 proprios
920 999 1012 1025 motus
1032 996 1161 1025 sinat2».

313 1043 448 1080 Quoniam
470 1052 536 1081 ergo
567 1044 650 1072 homo
677 1043 716 1073 sic
747 1043 836 1072 sactus
856 1046 932 1078 erat,
954 1045 987 1072 ut
1007 1051 1056 1080 per
1078 1043 1162 1072 vieto—

314 1091 383 1120 riam
404 1099 513 1129 pugnae
534 1091 693 1128 perveniret
713 1090 747 1119 ad
775 1091 930 1128 praemium
951 1090 1053 1128 quietis
1073 1094 1162 1119 aeter-

312 1146 378 1181 nae,
401 1138 464 1167 licet
484 1139 558 1167 Deus
587 1138 685 1173 sciret,
707 1138 847 1167 hominem
870 1138 1011 1167 tentationi
1034 1145 1162 1167 succum-

313 1186 391 1220 bere,
412 1185 508 1215 debuit
530 1189 620 1215 tamen
642 1185 819 1223 permittere,
842 1185 981 1215 bominem
1005 1185 1102 1214 tentari
1128 1185 1163 1213 ab

312 1241 344 1262 eo
371 1233 419 1270 qui
447 1232 533 1261 sciret
541 1256 549 1267 ‚
568 1236 665 1270 posset
691 1236 718 1262 et
743 1233 851 1269 velletss.
869 1233 1055 1269 —Quoniam
1078 1232 1162 1269 igitur

312 1280 453 1315 diabolus,
469 1280 516 1317 qui
539 1280 617 1317 prius
638 1283 698 1309 erat
719 1280 808 1309 sciens
829 1283 856 1309 et
877 1282 986 1314 rectus,
1001 1288 1051 1317 per
1065 1288 1163 1317 super-

313 1327 385 1356 biam
408 1327 529 1356 cadendo
550 1327 639 1356 sactus
659 1330 701 1356 est
721 1330 852 1356 versutus
872 1330 900 1356 et
921 1327 1045 1362 invidus;
1061 1331 1088 1356 et
1103 1327 1163 1358 ideo

313 1382 362 1411 per
383 1374 513 1403 invidiam
536 1376 641 1403 tentare
662 1373 772 1402 volebat
792 1377 819 1403 et
834 1381 883 1410 per
897 1373 1026 1402 astutiam
1041 1373 1162 1402 sciebat.-

313 1421 373 1451 ideo
394 1422 521 1456 tentavit,
542 1422 623 1450 iuxta
653 1421 727 1458 quod
746 1421 857 1458 potuit,
878 1424 906 1450 et
930 1421 1004 1450 Deus
1029 1422 1161 1458 permisit.

313 1468 391 1505 Quod
412 1477 478 1505 ergo
492 1468 519 1497 in
543 1468 671 1497 tentando
685 1468 804 1505 speciem
819 1468 1005 1505 serpentinam
1023 1469 1162 1503 assumsit,

314 1516 366 1544 boc
387 1515 438 1544 suit
459 1515 670 1553 dispensationis
690 1515 813 1549 divinae,
835 1517 867 1544 ut
887 1524 941 1544 non
960 1516 1049 1545 solum
1071 1520 1162 1554 posset

312 1563 481 1600 deprehendi
502 1563 562 1591 eius
588 1562 724 1597 versutia,
753 1570 851 1599 rerum
876 1563 959 1592 etiam
987 1571 1023 1591 ex
1051 1563 1098 1592 illa
1124 1564 1162 1592 ef-

313 1610 376 1648 figie
398 1610 520 1639 versutia
539 1609 714 1638 diabolicam
730 1609 860 1638 tentando
880 1610 1052 1639 innotescere
1071 1613 1162 1647 posset

313 1657 421 1686 cunctis
441 1657 505 1686 liliis
526 1657 604 1686 Adae.

391 1704 512 1738 Rursus,
527 1703 601 1741 quod
617 1703 731 1733 tentavit
744 1703 778 1733 de
793 1706 941 1741 praecepto
955 1702 1128 1740 dtecipcz'nae
1139 1703 1161 1737 4,

312 1751 364 1780 hoc
385 1751 510 1780 similiter
526 1751 576 1780 suit
589 1751 801 1789 dispensationis
820 1750 946 1785 divinae,
961 1752 1008 1785 ut',
1030 1750 1087 1779 sive
1102 1750 1161 1779 vin-

312 1802 438 1833 ceretur,
461 1798 518 1828 sive
539 1799 674 1833 vinceret,
696 1799 804 1828 cunctis
824 1798 1008 1827 innotesceret
1028 1798 1160 1827 meritum

311 1846 497 1881 obedientiae,
519 1846 577 1875 sive
597 1846 764 1875 demeritum
792 1845 1001 1874 inobedientiae.
1024 1862 1060 1867 —
1082 1845 1160 1883 Quod

312 1897 406 1922 autem
427 1893 529 1930 incepit
556 1901 572 1921 a
598 1893 733 1927 muliere,
755 1893 807 1922 boe
835 1892 887 1922 fuit
914 1892 1053 1922 versutiae
1077 1901 1160 1927 suae,

313 1941 379 1978 quia
398 1940 505 1970 facilius
519 1943 561 1969 est
574 1940 692 1969 deiicere
706 1940 798 1969 minus
812 1940 928 1974 sortem;
944 1940 1017 1969 unde
1038 1940 1162 1970 versutia

313 1987 400 2016 bostis
420 1995 457 2016 ex
479 1987 624 2016 infirmiori
646 1990 724 2024 parte
745 1987 905 2025 aggreditur
926 1987 1074 2017 civitatem.

392 2034 522 2063 Similiter
542 2034 663 2069 modus,
685 2043 741 2073 quo
772 2035 799 2064 in
828 2034 978 2064 tentatione
1010 2034 1160 2072 processit,

313 2088 428 2118 magnae
448 2080 501 2109 suit
521 2081 675 2117 versutiae,
696 2082 762 2120 quia
782 2082 971 2120 experiendo,
993 2081 1161 2119 impellendo

313 2130 340 2157 et
361 2127 512 2157 alla'cz'emlo
533 2129 675 2166 processit.
699 2129 916 2167 Eryci-lentiam
930 2129 1004 2158 enim
1019 2128 1119 2158 sumsit
1133 2128 1161 2157 in

313 2175 540 2213 interrogatione,
561 2175 677 2214 impulit
697 2176 725 2205 in
750 2176 971 2211 assecuratione,
992 2175 1091 2205 allexit
1111 2184 1161 2204 au-

314 2225 368 2252 tem
384 2221 411 2251 in
425 2222 615 2260 promissione.
631 2223 722 2252 Primo
736 2223 809 2252 enim
824 2223 1016 2261 interrogavit
1029 2222 1063 2252 de
1078 2230 1162 2251 causa

314 2269 450 2304 mandati,
471 2272 503 2299 ut
524 2270 658 2300 rationem
678 2270 793 2300 duceret
820 2271 847 2300 in
869 2270 1001 2305 dubim-m
1023 2269 1160 2304 secundo,

313 2316 484 2346 dubitatione
504 2317 611 2346 habita:
627 2317 668 2347 Ne
687 2317 764 2356 forle
784 2317 985 2352 mortemar&
1006 2325 1161 2346 assecura-

313 2364 368 2398 vit,
390 2367 421 2393 ut
452 2364 617 2394 irascibilem
645 2365 760 2394 duceret
781 2365 809 2394 in
834 2368 1041 2402 contemptum;
1064 2364 1160 2399 tertio,

377 2549 385 2562 ¹
402 2551 458 2573 Gen.
476 2551 501 2577 3,
528 2551 545 2574 l.
568 2551 668 2580 Vulgata
689 2552 716 2575 ut
737 2557 786 2575 non
803 2557 847 2580 pro
862 2557 900 2575 ne.
916 2564 948 2569 —
965 2551 1017 2581 Seq.
1041 2552 1105 2574 locus
1127 2554 1162 2575 est

315 2588 370 2612 ibid.
389 2595 412 2612 v.
430 2589 455 2612 ἀι
473 2590 624 2620 Nequaquam
641 2593 717 2614 morte
733 2591 777 2621 [itu
795 2591 864 2614 etiam
881 2590 902 2621 Ι]
920 2591 1065 2620 moriemini;
1082 2592 1161 2615 tertius

314 2627 369 2651 ibid.
386 2635 409 2652 v.
427 2629 448 2651 5.
464 2641 496 2646 —
512 2629 558 2653 Cl'r.
574 2631 598 2653 ll.
615 2631 676 2653 Sent.
693 2630 726 2654 lit.
738 2629 850 2659 Magistri,
863 2630 887 2653 d.
898 2630 959 2653 xxi.
976 2637 995 2653 c.
1009 2631 1031 2654 l.
1049 2637 1127 2661 seqq.¹
1139 2635 1161 2654 et

313 2667 444 2691 Commeat.
455 2674 475 2691 a.
493 2669 513 2691 l.
531 2676 555 2698 q.
576 2669 623 2693 1-3.

377 2705 386 2719 ⁹
404 2707 511 2735 August„
528 2708 571 2731 Vll⁴
590 2709 620 2732 de
640 2709 689 2732 Civ.
707 2709 762 2737 Dei,
779 2715 799 2732 c.
817 2709 854 2731 30.
875 2709 922 2732 Cir.
942 2715 1013 2738 supra
1031 2716 1086 2738 pag.
1104 2710 1160 2738 218,

314 2748 368 2768 nota
386 2745 406 2767 5.
423 2757 455 2762 —
473 2746 582 2774 Superius
599 2751 651 2771 ante
669 2747 693 2773 in
706 2747 860 2779 producendo
877 2748 943 2776 edd,
960 2751 1054 2778 excepta
1072 2750 1099 2777 2,
1121 2756 1161 2778 po-

314 2787 373 2808 nunt
390 2784 415 2808 in
431 2785 551 2815 operando
566 2786 622 2810 sire.

377 2821 387 2835 ³
404 2823 464 2846 Vide
480 2823 504 2846 ll.
521 2824 582 2847 Sent.
600 2825 632 2848 lit.
649 2826 762 2854 Magistri,
780 2826 803 2849 d.
821 2826 899 2849 xxlll.
916 2832 937 2849 e.
955 2826 981 2854 l,
993 2829 1016 2849 et
1031 2826 1160 2850 comment.

315 2869 335 2885 n.
357 2862 375 2885 l.
391 2869 414 2892 q.
436 2863 453 2885 l.
471 2869 520 2893 seq.
644 2871 647 2874 ·

377 2900 387 2914 “
404 2902 437 2924 De
449 2908 496 2931 quo
513 2908 583 2931 supra
595 2909 618 2931 p.
631 2904 653 2926 ll.
666 2910 686 2926 c.
708 2904 713 2926 l
724 2904 740 2926 l.
752 2917 783 2921 —
796 2904 892 2927 inferius
909 2910 952 2932 pro
963 2904 1069 2928 vel-sumt
1080 2904 1100 2928 V
1112 2911 1162 2929 ver·

314 2943 391 2965 sulus.

378 2980 387 2992 ⁶
404 2982 461 3004 (len.
473 2982 494 3009 3,
507 2982 528 3004 3.
536 2993 568 3001 -
576 2982 646 3005 Paulo
658 2984 710 3006 unte
722 2988 765 3010 pro
776 2983 893 3006 rationem
905 2983 921 3005 Ρ
932 2982 1082 3012 rationalem,
1094 2986 1116 3007 et
1124 2984 1161 3006 ali-

315 3023 403 3049 quanto
415 3020 523 3049 superius
535 3027 578 3049 pro
589 3027 691 3051 maenae
703 3021 756 3044 edd.
769 3027 822 3044 cum
835 3021 940 3049 pluribus
952 3022 1020 3045 codd.
1032 3023 1161 3047 mammae.

953 210 1162 247 BREVILOQUH
1184 210 1263 238 PARS
1285 208 1323 237 ΙΙΙ.
1346 208 1373 236 C.
1397 208 1435 236 ΙΙΙ,

1216 285 1371 323 promisit,
1394 288 1425 314 ut
1446 285 1688 323 concupiscibilem
1716 287 1831 316 duceret
1851 288 1879 316 in
1900 289 2067 325 appetitum,

1220 336 1246 361 et
1268 333 1306 362 sic
1316 333 1374 362 “liis
1406 332 1496 361 tribus
1524 332 1612 361 modis
1640 333 1795 362 libertatem
1817 334 1924 363 arbitrii
1945 336 2198 365 traheretmmm.

1219 380 1253 409 ad
1274 388 1455 415 consensum,
1477 388 1549 418 quae
1570 380 1685 409 facultas
1706 384 1747 409 est
1768 381 1893 410 rationis
1918 386 1943 410 ec
1972 383 2069 412 volua-

1220 427 1305 462 tcttz's‚
1326 427 1511 465 complectens
1532 427 1712 456 nibilominus
1734 430 1791 457 tres
1812 428 1966 464 praedictas
1981 430 2068 465 vires,

1219 474 1397 509 rationaleu‘i,
1420 474 1585 504 irascibilem
1601 474 1919 512 etc011011piscibilen1⁶;
1943 480 2070 513 respectu

1220 529 1341 558 quarum
1361 521 1487 551 diabolus
1507 521 1605 551 allexit
1625 521 1771 551 mulierem
1793 530 1842 559 per
1863 522 1966 559 triplex
1987 532 2070 560 appe-

1220 568 1308 603 tibile,
1330 569 1434 598 scilicet
1454 577 1504 606 per
1524 569 1692 604 scientiam,
1708 577 1779 606 quae
1801 571 1842 598 est
1855 570 2011 607 appetibilis
2027 579 2069 599 ra-

1220 615 1330 650 tionali;
1352 623 1402 652 per
1433 616 1628 645 excellentiam
1659 616 1693 645 ad
1715 616 1827 645 modum
1850 617 1914 651 Dei,
1936 626 2007 655 quae
2028 621 2070 647 est

1219 663 1538 703 appetibilis-irascibilh
1560 672 1610 701 per
1630 664 1806 693 εααυιίαιοηι
1827 664 1914 702 ligyne',
1936 673 2007 702 quae
2028 669 2070 694 est

1219 710 1376 748 appetibilis
1396 711 1610 748 concupiscibili.
1634 712 1665 740 lit
1686 711 1725 740 sic
1747 711 1862 740 tentavit
1883 720 1980 746 oume,
1995 712 2068 749 quod

1220 761 1280 786 erat
1301 758 1327 786 in
1352 757 1468 787 muliere
1490 758 1635 793 tentabile,
1657 766 1706 796 per
1728 766 1810 787 omne
1826 758 1908 793 illud,
1931 767 1980 796 per
1994 759 2067 796 quod

1220 807 1329 841 poterat
1349 804 1377 833 in
1400 801 1577 834 tentationem
1609 805 1718 841 induci,
1739 805 1814 843 quod
1836 809 1877 834 est
1899 805 2000 843 triplex
2021 815 2069 844 ap-

1221 851 1332 889 petibile
1352 852 1462 887 mundi,
1484 852 1587 882 scilieet
1607 853 1841 890 eoncupiscentia
1862 853 1981 887 curnis,
2003 863 2069 882 con-

1220 899 1398 937 cupiscentia
1420 899 1572 928 oculorum
1585 903 1611 928 ct
1624 900 1763 938 superbia
1784 900 1860 929 vicem
1872 900 1900 934 ⁷;
1915 901 2067 930 secundum

1220 955 1291 984 quae
1313 946 1366 975 tria
1386 946 1538 976 attenditur
1565 948 1656 977 onmis
1684 947 1841 977 tentationis
1862 948 1953 986 origo,
1975 949 2031 978 sive
2053 958 2067 977 a

1220 994 1337 1028 mundo,
1360 995 1416 1023 sive
1438 1003 1454 1023 a
1474 1002 1570 1030 carne,
1591 995 1649 1024 sive
1669 1003 1686 1024 a
1707 995 1824 1024 diabolo.

1578 1089 1643 1118 Car.
1667 1090 1706 1118 lii.

1310 1184 1350 1213 De
1368 1184 1538 1222 primorum
1557 1188 1716 1222 parentum
1738 1185 1978 1222 tranem-essione.

1300 1279 1337 1308 lle
1349 1279 1437 1316 culpa
1452 1287 1518 1308 vero
1533 1279 1688 1316 primorum
1703 1283 1850 1317 parentum
1867 1280 1934 1309 baec
1954 1280 2069 1310 tenenda
2083 1283 2202 1325 Dlffluiffgfflffl

1220 1329 1297 1360 sunt,
1319 1326 1393 1363 quod
1415 1327 1531 1361 mulier,
1553 1327 1727 1361 consentiens
1743 1328 1884 1357 tentationi
1906 1328 2069 1362 diabolicae,
2183 1320 2188 1325 ’

1219 1373 1333 1410 appetiit
1354 1374 1503 1402 ‚veientium
1527 1377 1554 1403 et
1584 1374 1779 1403 eoeeellentimn
1811 1375 1845 1403 ad
1870 1375 1983 1413 modum
2005 1375 2069 1409 liei,

1219 1420 1333 1457 appetiit
1354 1421 1534 1449 nibilominus
1554 1422 1678 1458 experiri
1699 1422 1875 1450 suavitatem
1890 1421 1963 1459 hym·
1976 1421 2068 1455 relili;

1219 1471 1246 1496 et
1269 1467 1377 1496 tmulem
1400 1468 1495 1496 incidit
1517 1468 1543 1496 in
1576 1469 1838 1505 tr‹ms5]re.s·.s·ionem
1861 1469 2008 1506 praerepti.
2032 1485 2069 1490 ——

1219 1515 1272 1544 Nee
1298 1515 1348 1543 boc
1371 1518 1515 1549 contenta,
1529 1515 1670 1544 oll'erendo
1685 1515 1806 1544 fructum
1831 1515 1894 1553 ligni
1917 1516 2009 1550 vetiti,
2029 1516 2070 1545 iu-

1218 1561 1301 1590 duxit
1322 1562 1430 1595 virum,
1452 1562 1515 1599 qui,
1537 1562 1633 1590 nolens
1663 1561 1774 1591 delicias
1802 1570 1867 1591 suas
1887 1563 2068 1597 contristare,
2082 1565 2201 1607 nome-³10

1219 1608 1364 1637 mulierem
1387 1617 1441 1637 non
1462 1609 1610 1646 corripuit,
1625 1609 1672 1638 sed
1694 1610 1786 1646 potius
1807 1617 1974 1639 consensum
1991 1619 2069 1648 prae-

1220 1654 1280 1683 buit
1301 1655 1372 1683 male
1404 1655 1545 1690 suadenti3
1567 1659 1594 1684 et
1621 1656 1746 1685 oblatum
1775 1665 1888 1694 ponnnn
1916 1658 2068 1694 gustando,

1220 1701 1308 1730 factus
1329 1704 1370 1730 est
1391 1704 1580 1738 transgressor
1600 1702 1685 1732 divini
1707 1703 1826 1732 mandati
1840 1704 1859 1732 Β.

1300 1748 1375 1777 Ratio
1395 1752 1487 1778 aulem
1509 1749 1542 1778 ad
1557 1749 1764 1787 intelligentiam
1780 1750 1985 1787 praedictorum
2002 1751 2069 1780 baec
2082 1754 2143 1773 {¹³¹³ss-

1218 1799 1274 1825 est:
1296 1796 1377 1833 quia,
1393 1804 1457 1825 cum
1478 1804 1494 1824 a
1516 1796 1605 1834 primo
1618 1796 1779 1834 principio,
1794 1800 1826 1826 ut
1840 1798 1948 1835 supra⁹
1963 1797 2067 1826 dictum

1218 1843 1282 1878 suit,
1304 1844 1386 1873 datus
1406 1847 1478 1873 esset
1500 1844 1603 1872 bomini
1625 1844 1731 1882 duplex
1751 1853 1855 1874 sensus
1876 1848 1904 1874 et
1924 1845 2069 1882 appetitus

1218 1894 1346 1928 respectu
1367 1891 1486 1928 duplicis
1507 1891 1576 1920 libri
1595 1894 1623 1921 et
1644 1896 1773 1929 respectu
1793 1892 1912 1930 duplicis
1933 1892 2015 1927 boni,
2038 1895 2069 1921 ut

1218 1938 1371 1967 seeundum
1394 1938 1547 1967 libertatem
1569 1938 1677 1968 arbitrii
1700 1939 1783 1968 bomo
1798 1943 1890 1977 posset
1910 1939 1944 1968 ad
1959 1942 2069 1969 utrum-

1218 1994 1273 2023 que
1292 1985 1430 2025 converti;
1459 1986 1575 2020 mulier,
1606 1986 1701 2015 amlita
1727 1987 1902 2024 suggestione
1931 1987 2067 2025 serpentis
2080 1991 2205 2034 mffiffinwffo

1218 2032 1368 2067 exteriori,
1390 2041 1443 2061 non
1476 2034 1597 2063 recurrit
1624 2034 1659 2063 ad
1687 2034 1790 2063 librum
1813 2034 1996 2069 interiorem,
2018 2021 2204 2072 quiem-af&

1218 2079 1354 2117 legibilem
1377 2088 1406 2109 se
1427 2081 1540 2117 praebet
1560 2085 1636 2111 recto
1662 2081 1763 2110 iudicio
1784 2081 1914 2116 1·ati0nis;
1937 2081 1984 2111 sed
2004 2090 2068 2111 sen-

1216 2135 1282 2155 sum
1305 2135 1387 2156 sumn
1409 2128 1483 2156 circa
1502 2129 1673 2158 exteriorem
1695 2128 1798 2157 librum
1826 2129 1915 2158 tenuit
1942 2133 1969 2158 et
1994 2129 2068 2159 circa

1217 2174 1344 2203 exterius
1366 2173 1472 2203 bonum
1493 2175 1627 2213 negotiari
1649 2175 1745 2212 coepit.
1763 2175 1794 2204 Et
1808 2175 1875 2213 quia
1888 2185 1993 2205 semu-s·
2006 2176 2068 2205 eius

1217 2229 1272 2250 non
1292 2221 1461 2261 necessita}
1476 2230 1574 2251 verum
1589 2222 1745 2257 infallibile,
1767 2223 1913 2261 appetitus
1927 2224 1988 2252 eius
2002 2231 2067 2252 con-

1217 2268 1287 2297 verti
1309 2269 1398 2306 coepit
1417 2268 1453 2298 =ad
1484 2269 1588 2298 bonum
1617 2270 1821 2299 commutabile.
1845 2270 1972 2308 Appecm
1999 2277 2066 2307 ergo

1217 2315 1291 2353 quod
1312 2315 1438 2345 diabolus
1453 2316 1593 2353 promisit,
1608 2319 1636 2345 et
1656 2316 1717 2346 ideo
1737 2317 1890 2351 consensit,
1912 2319 1944 2345 ut
1964 2316 2067 2346 faceret

1217 2363 1291 2402 quod
1312 2364 1456 2401 suggessit.
1479 2363 1637 2402 Appetendo
1667 2364 1752 2402 igitur
1773 2364 1955 2394 excellentem
1976 2363 2066 2392 selen-

1279 2550 1289 2564 ⁰
1307 2551 1366 2574 Vide
1383 2552 1407 2574 ll.
1424 2552 1487 2574 Seni.
1502 2551 1526 2574 (l.
1543 2551 1580 2574 25.
1598 2558 1621 2579 p.
1640 2552 1655 2575 l.
1672 2558 1696 2581 q.
1713 2552 1735 2574 s».
1753 2551 1782 2574 ad
1800 2552 1823 2573 2.

1279 2589 1289 2603 ⁷
1307 2591 1376 2620 Epist.
1394 2591 1408 2613 Ι,
1426 2591 1486 2613 loan.
1504 2591 1531 2618 2,
1553 2591 1587 2614 le.
1603 2602 1635 2608 —
1651 2591 1685 2614 De
1696 2588 1890 2620 praecedentibus
1906 2589 1946 2611 cfr.
1965 2588 2022 2611 Gen.
2039 2589 2065 2616 ξ),

1218 2631 1240 2654 5.
1252 2637 1312 2660 seq,
1324 2633 1347 2653 et
1363 2630 1392 2653 de
1409 2636 1479 2652 varus
1496 2629 1619 2658 speciebus
1633 2630 1784 2653 tentationum
1803 2626 1856 2650 xid'o
1872 2628 1896 2650 ΙΙ.
1909 2628 1971 2650 Sem.
1988 2627 2010 2650 d.
2028 2628 2067 2650 21.

1217 2677 1237 2693 n.
1255 2671 1278 2693 2.
1294 2673 1317 2692 et
1333 2669 1390 2692 dub.
1408 2670 1430 2692 3.
1440 2681 1472 2687 —
1484 2669 1541 2692 lidd.
1557 2676 1611 2693 cum
1629 2669 1735 2698 pluribus
1751 2668 1821 2691 codd.
1836 2666 1926 2691 scillcet
1935 2666 2066 2690 semmdmn

1217 2706 1433 2740 covicupztecentiam
1449 2709 1543 2738 σαι-ηις,
1562 2708 1777 2740 οοηυιφὶθσοηίιᾷἰιη
1799 2706 1925 2731 oculorum
1947 2707 1968 2730 rt
1984 2713 2067 2737 supcr-

1218 2749 1281 2773 biam
1297 2749 1358 2772 citae
1376 2748 1407 2778 (A
1416 2749 1467 2772 liet
1484 2750 1497 2772 2
1513 2755 1556 2779 per
1574 2755 1617 2778 pro
1633 2747 1783 2773 secuudum).
1802 2748 1844 2770 Pro
1861 2745 1946 2769 mundi
1956 2746 1972 2769 P
1985 2746 2065 2770 menti.

1218 2788 1330 2817 Superius
1347 2791 1400 2817 post
1416 2788 1477 2819 Ιὶῃηί
1492 2790 1508 2812 13
1525 2788 1589 2812 addit
1605 2787 1676 2812 veliti.

1280 2826 1290 2840 ¹³
1306 2827 1353 2851 Cl'r.
1378 2829 1402 2851 11.
1424 2829 1486 2851 Sunt.
1508 2829 1539 2852 iit.
1564 2828 1678 2857 Magum,
1700 2827 1723 2850 d.
1747 2826 1815 2849 xxn.
1837 2831 1856 2848 c.
1883 2825 1932 2853 l-AE,
1955 2828 1977 2848 et
1998 2824 2065 2848 Com-

1218 2870 1287 2890 ment.
1306 2873 1326 2890 a.
1345 2868 1367 2891 l.

1280 2904 1290 2918 ⁰
1305 2906 1378 2929 Partis
1394 2907 1417 2930 il.
1434 2913 1454 2929 c.
1476 2907 1509 2929 ll.
1529 2918 1561 2924 -
1577 2906 1673 2929 lutei-ins
1695 2908 1748 2935 post
1767 2904 1810 2928 secl
1830 2904 1885 2928 edd.
1907 2910 1960 2927 cum
1979 2903 2068 2932 aliquot

1217 2946 1287 2969 codd.
1304 2947 1392 2970 addunt
1406 2946 1499 2977 potius,
1519 2949 1541 2969 et
1557 2945 1631 2969 verbo
1647 2945 1767 2976 nequam-i
1786 2946 1802 2969 E
1819 2944 1944 2973 praemittit
1967 2941 2067 2972 erayssrt'

1217 2985 1254 3009 vel
1271 2985 1302 3015 (ll
1319 2985 1407 3016 caym-i
1421 2992 1464 3014 pro
1482 2985 1617 3016 ucffotc'ari).
