2285 3398
627 179 670 207 DE
692 179 858 208 MYS'I'ERIO
878 154 1060 208 ἸῙἩΙΝΙἹᾺΊἸΞ
1080 178 1214 215 QUAEST.
1236 179 1288 207 VII.
1310 179 1381 207 ΛΒΤ.
1404 180 1421 207 I.

153 256 277 291 cessitas,
299 256 325 285 in
357 257 433 285 nullo
460 260 501 285 est
529 257 690 286 necessitas:
712 266 777 294 ergo
799 257 866 286 nihil
887 261 928 286 est
949 265 996 286 ne-

153 303 312 331 cessarium.
335 303 385 332 Sed
413 303 434 332 si
466 304 534 332 nihil
562 307 603 332 est
634 304 834 338 necessarium,
856 303 923 332 nihil
955 307 996 332 est

154 349 336 386 impossibile:
358 358 424 387 ergo
445 350 537 379 omnia
557 354 622 379 sunt
644 351 796 387 possibilia:
813 359 879 387 ergo
892 350 995 388 aliquid

151 397 233 425 simul
262 405 321 425 esse
349 400 376 426 et
404 406 457 426 non
489 405 548 426 esse
576 401 617 427 est
649 398 783 434 possibile.
806 398 856 426 Sed
879 398 930 426 boc
955 401 996 426 est

151 443 304 472 absurdum
317 444 342 472 ¹:
364 452 430 481 ergo
451 447 501 473 etc.
515 454 523 474 ¹.

230 492 255 519 6.
279 491 361 526 Item,
384 491 550 528 impossibile
577 495 633 526 est,
659 492 846 521 necessitatem
878 500 937 521 esse
968 493 994 521 in

151 538 303 574 composito
324 538 374 566 nisi
397 546 446 575 per
468 539 655 567 necessitatem
687 539 851 568 existentem
872 539 899 567 in
931 539 995 568 sim-

150 584 230 621 plici;
252 592 319 621 ergo
340 585 361 613 si
383 585 615 622 simplicissimum
641 588 715 614 caret
748 586 923 620 necessitate,
946 586 995 614 im-

152 630 282 667 possibile
303 635 359 666 est,
381 633 454 669 quod
476 632 502 660 in
524 632 616 670 aliqua
646 633 836 669 complexione
859 633 900 661 vel
922 641 995 662 com-

104 676 106 679 '
151 677 285 714 positione
307 678 340 706 sit
362 687 463 715 ponere
484 680 681 708 necessitatem.
705 680 755 709 Sed
777 680 828 708 hoc
843 683 884 709 est
897 680 995 709 absur-

21 826 51 846 Ad
64 825 138 850 opposi—

56 851 102 868 tum.

150 724 227 758 dum,
238 725 312 762 quod
324 726 399 754 nulla
409 726 611 763 argumentatio
625 727 779 755 necessaria
789 727 824 755 sit
832 727 855 755 ²³:
867 735 933 764 ergo
943 730 994 756 etc.

229 771 356 800 Cenum:
382 773 405 800 l.
425 772 512 801 Omne
526 773 711 802 necessarium
727 777 768 802 est
782 773 995 802 determinatum

151 817 185 846 ad
206 817 243 846 sic
265 821 291 846 et
313 827 366 847 non
388 819 467 848 aliter
488 828 517 848 se
536 820 708 853 liabendum;
730 828 811 849 omne
831 820 995 849 determIna-

151 868 210 893 tum
231 865 264 893 ad
285 866 389 903 aliquid
410 870 451 895 est
472 867 580 895 finitum
596 867 622 901 ³;
651 867 697 895 sed
728 867 850 896 divinum
876 876 935 895 esse
955 871 996 896 est

150 912 304 941 infinitum:
327 921 393 951 ergo
414 917 465 943 etc.

227 960 265 987 2:
277 960 355 994 Item,
377 960 461 995 nihil,
483 961 556 997 quod
578 963 619 989 est
640 961 797 989 indifferens
811 960 843 988 ad
858 960 994 996 opposita,

149 1008 190 1034 est
211 1007 413 1041 necessarium
436 1007 483 1036 sed
503 1008 627 1035 divinum
654 1016 753 1044 posse,
776 1007 841 1035 velle
861 1010 888 1035 et
909 1015 995 1043 opere

147 1055 189 1081 est
210 1052 368 1082 indifferens
389 1054 421 1082 ad
442 1054 582 1090 opposita:
603 1062 670 1090 ergo
700 1054 777 1081 non4
798 1056 839 1081 est
870 1060 993 1081 necessa-

148 1099 230 1127 rium.
253 1100 304 1128 sed
325 1100 449 1129 divinum
468 1109 567 1137 posse,
582 1100 649 1129 velle
669 1103 695 1128 et
715 1108 800 1137 ayere
814 1102 855 1127 est
869 1099 992 1127 divinum

147 1154 222 1174 esse:
243 1154 310 1183 ergo
330 1147 454 1175 divinum
476 1156 534 1175 esse
555 1155 609 1175 non
630 1150 671 1176 est
692 1146 886 1175 necessarium.

226 1193 252 1221 3.
275 1193 357 1228 Item,
378 1194 446 1222 nulli
469 1193 633 1222 immutabili
655 1196 743 1230 potest
757 1192 870 1221 attribui
889 1192 993 1229 aliquid

146 1239 294 1275 mutabile,
316 1248 382 1277 ergo
403 1240 471 1269 nulli
493 1248 599 1269 summe
624 1240 778 1269 necessario
805 1242 894 1276 potest
914 1240 993 1268 attri-

147 1286 194 1315 bui
215 1282 319 1324 aliquid
340 1287 515 1325 contingens;
539 1287 585 1316 sed
617 1287 673 1316 Deo
701 1286 864 1315 attribuitur
889 1284 992 1323 aliquid

146 1333 321 1370 contingens:
343 1342 410 1371 ergo
430 1338 481 1363 etc.

224 1380 250 1408 [ι.
274 1381 355 1415 Item,
370 1381 441 1409 sicut
456 1380 673 1418 impossibilitas
688 1383 823 1416 repugnat
838 1380 990 1416 potentiae,

145 1427 182 1456 ita
201 1428 353 1457 necessitas
375 1428 523 1462 voluntati;
546 1427 592 1456 sed
606 1427 698 1456 divina
713 1427 833 1463 potentia
848 1430 922 1455 tanta
936 1430 990 1461 est,

145 1475 219 1512 quod
239 1475 331 1503 omnia
358 1478 422 1503 sunt
449 1474 473 1503 ei
503 1474 653 1511 possibilia,
676 1481 725 1502 nec
754 1473 866 1510 ponitur
897 1473 990 1511 aliquo

144 1521 224 1549 modo
245 1521 448 1558 impossibilitas
470 1520 497 1548 in
518 1520 611 1548 De0⁵:
633 1528 699 1557 ergo
720 1528 783 1549 cum
806 1519 871 1548 velle
892 1520 940 1549 Dei
956 1521 990 1549 sit

142 1567 388 1604 perfectissimum,
410 1567 532 1600 videtur,
551 1566 625 1604 quod
640 1575 693 1595 non
709 1567 830 1604 patiatur
845 1567 990 1596 necessita-

144 1618 199 1644 tem
221 1615 248 1643 in
269 1623 327 1643 esse
347 1614 447 1643 divino.

222 1663 247 1691 ὅ.
271 1662 352 1697 Item,
374 1662 395 1691 si
413 1668 501 1691 'causa
524 1665 566 1691 est
599 1662 768 1697 necessaria,
790 1665 817 1691 et
837 1662 989 1696 effectus⁶;

144 1709 191 1737 sed
212 1709 286 1738 Deus
306 1712 347 1738 est
369 1717 452 1738 causa
472 1709 596 1737 omnium
618 1709 708 1746 prima
728 1712 755 1737 et
777 1717 884 1737 summa
898 1712 925 1737 et
940 1709 990 1737 im-

144 1756 276 1785 mediata:
298 1764 364 1793 ergo
386 1756 407 1784 si
430 1756 457 1784 in
478 1756 535 1784 Deo
559 1751 601 1784 est
629 1756 791 1789 necessitas,
812 1755 904 1784 onmia
925 1758 989 1783 sunt

145 1803 306 1832 necessaria.

223 1851 247 1878 6.
271 1850 353 1883 Item,
375 1852 479 1886 quanto
499 1849 603 1886 aliquid
623 1849 842 1886 contingendus,
857 1851 933 1877 tanto
947 1852 988 1878 est

144 1896 359 1930 indifferentius,
381 1898 408 1924 et
435 1898 540 1932 quanto
570 1895 784 1929 indifferentius,
810 1898 885 1924 tanto
915 1904 989 1924 com-

142 1943 264 1977 munius,
279 1946 306 1972 et
320 1945 424 1980 quanto
439 1942 622 1977 communius,
637 1945 713 1971 tanto
724 1943 907 1979 simplicius⁷:
923 1951 989 1980 ergo

142 1998 162 2018 a
178 1989 292 2027 primo,
314 1993 418 2027 quanto
438 1989 541 2026 aliquid
562 1990 779 2027 contingentius,
796 1993 870 2018 tanto
884 1990 988 2027 simpli-

142 2036 215 2065 cius:
231 2044 298 2075 ergo
312 2036 544 2081 simplicissimum
559 2039 601 2065 est
615 2036 913 2073 contingentissimum‚
933 2045 987 2065 non

142 2091 208 2121 ergo
229 2083 424 2112 necessarium.

188 2159 192 2162 ,
221 2133 246 2160 7.
269 2131 351 2165 Item,
372 2138 453 2159 omne
473 2129 659 2159 necessarium
680 2130 788 2164 scibile,
810 2130 882 2159 sicut
905 2139 986 2160 omne

144 2178 286 2215 probabile
306 2176 480 2215 opinabile⁸;
503 2176 549 2206 sed
570 2185 650 2206 omne
671 2177 764 2206 scibile
785 2177 827 2206 vel
848 2181 889 2206 est
910 2178 986 2215 prin-

204 2381 212 2395 ¹
230 2382 276 2405 Cir.
293 2383 392 2410 Aristot.,
409 2383 447 2406 IV.
472 2383 570 2411 Metaph.
594 2385 647 2405 text.
664 2383 686 2405 9.
702 2389 767 2412 seqq.
789 2384 831 2413 (ΙΙΙ.
848 2390 869 2407 c.
886 2385 925 2414 3.),
942 2385 982 2414 qui

143 2422 199 2445 ibid.
216 2423 246 2445 tx
264 2426 316 2445 text.
333 2422 366 2445 17.
378 2422 442 2451 (VIII.
455 2428 474 2445 c.
487 2422 517 2451 8,)
536 2422 578 2444 ait:
597 2422 619 2444 Si
637 2422 698 2444 enim
710 2422 759 2450 ipsa
772 2422 918 2453 [necessaria]
937 2430 982 2446 non

144 2465 231 2489 essent,
249 2462 302 2484 nibil
320 2465 387 2484 esset.
399 2474 430 2478 —
442 2461 552 2490 Superius
569 2463 622 2489 post
638 2460 663 2484 in
679 2461 739 2490 Deo,
753 2465 858 2485 contextu
871 2463 983 2491 exigente,

141 2501 302 2529 supplevimus
318 2507 374 2524 non.

202 2538 212 2551 ²
229 2540 289 2562 Vide
306 2540 405 2567 Aristot„
423 2540 438 2562 I.
456 2540 542 2562 Foster.
558 2545 578 2562 c..
596 2540 618 2562 3.
635 2545 700 2568 seqq.

203 2577 211 2590 ³
228 2579 286 2602 Cod.
302 2579 385 2602 omittit
401 2581 436 2603 est
451 2581 504 2607 post
519 2578 690 2606 necessarium,
708 2585 751 2607 pro
768 2585 836 2603 omne
852 2581 917 2608 ponit
933 2587 982 2605 esse

142 2622 194 2642 ante
210 2618 405 2647 determimztum,
424 2621 447 2641 et
464 2619 545 2640 iterum
562 2618 645 2640 omittit
660 2617 762 2649 finitum.
778 2619 891 2647 Respectu
903 2620 981 2643 habito

141 2658 171 2681 ad
187 2658 324 2681 solutionem
342 2658 411 2680 huius
427 2664 488 2685 arg„
505 2657 538 2680 sic
555 2657 691 2685 completius
709 2657 763 2680 illud
781 2659 939 2683 formavimus.
950 2672 982 2677 —

140 2697 243 2725 Ariston„
265 2697 293 2720 V.
311 2698 409 2725 Metapa.
429 2698 481 2719 text.
498 2696 520 2719 6.
537 2696 589 2725 (IV.
605 2702 625 2719 c,
642 2696 689 2725 5.):
711 2696 778 2725 Quod
801 2703 846 2720 non
870 2699 981 2727 contingit

140 2736 204 2759 aliter
215 2742 240 2759 se
256 2736 342 2759 habere
352 2741 445 2759 necesse
456 2735 554 2758 dicimus
571 2736 600 2758 ita
617 2741 642 2758 se
653 2735 745 2759 habere.
762 2735 818 2759 ibid.
834 2737 871 2760 lx.
889 2740 941 2761 text.
959 2739 981 2762 3.

141 2778 163 2797 et
177 2775 214 2798 to.
231 2775 296 2804 (VIII.
313 2782 333 2798 c.
350 2777 372 2798 2.
384 2778 406 2798 et
418 2774 449 2804 5.)
461 2774 576 2802 potentiae
587 2774 739 2799 irrationales
755 2775 862 2799 dicuntur
873 2783 923 2800 esse
941 2777 980 2800 de-

140 2814 274 2837 terminatae
290 2815 320 2838 ad
337 2821 422 2842 unum,
439 2814 487 2836 sive
505 2813 572 2836 unius
589 2816 677 2836 tantum
694 2814 800 2843 sactiVae,
812 2816 926 2844 potentiae
942 2823 980 2840 ra-

139 2853 238 2877 tionales
256 2859 312 2877 vero
330 2855 483 2878 indifferentes
499 2853 529 2875 ad
546 2853 611 2880 plura
628 2853 677 2875 sive
694 2855 813 2878 contraria.

201 2891 211 2905 ⁴
228 2893 351 2921 Perper-am
369 2893 452 2916 omittit
469 2893 488 2915 D
503 2898 559 2915 non.

201 2930 211 2944 ⁶
228 2932 288 2955 Vide
304 2933 360 2955 Luc.
378 2933 404 2960 i,
422 2932 460 2955 37.

201 2969 212 2983 ⁵
228 2970 274 2994 cfr.
291 2977 362 3000 supra
379 2977 434 2999 pag.
451 2972 492 2999 61,
509 2973 562 2993 nota
581 2971 606 2998 t,
618 2973 640 2993 et
651 2970 753 2999 Aristot.,
764 2972 803 2995 xt.
815 2973 913 3001 Metaph.
925 2979 945 2996 c.
956 2973 980 2996 7.

1838 183 1890 210 107

1052 256 1155 294 cipium
1176 255 1431 292 demonstrationis,
1453 258 1495 286 vel
1515 258 1747 293 demonstratum
1768 259 1889 287 divinum

1051 306 1145 332 autem
1166 311 1225 331 esse
1245 306 1375 331 neutrum
1397 307 1452 332 est:
1475 313 1541 341 ergo
1561 308 1611 333 etc.

1130 351 1156 378 8.
1180 350 1258 384 Item,
1279 354 1383 387 quanto
1403 351 1506 388 aliquid
1528 352 1612 388 magis
1633 356 1673 381 est
1694 352 1891 386 necessarium,

1052 401 1127 427 tanto
1149 400 1190 426 est
1211 397 1296 434 magis
1327 401 1450 432 certum,
1472 401 1499 427 et
1529 402 1632 435 quanto
1663 400 1748 436 magis
1768 403 1891 433 certum,

1052 447 1127 474 tanto
1150 444 1235 480 magis
1256 444 1389 478 notum⁹;
1412 444 1458 473 sed
1479 445 1601 473 divinum
1623 454 1681 474 esse
1705 450 1746 475 est
1773 446 1892 475 maxime

1051 491 1205 520 occultum:
1227 498 1292 527 ergo
1312 493 1364 519 etc.

1131 538 1156 566 9.
1180 537 1260 571 Item,
1282 537 1353 566 sicut
1374 537 1477 566 frustra
1508 541 1634 567 movetur
1661 539 1739 576 quis,
1760 540 1825 577 quia
1845 548 1892 577 ap*

1051 585 1118 621 petit
1139 584 1305 622 impossibile
1318 585 1349 619 ¹⁰,
1371 585 1423 619 ita,
1438 585 1504 622 quia
1518 586 1594 614 timet
1609 587 1807 615 necessarium:
1827 595 1892 625 ergo

1051 632 1073 660 si
1093 631 1185 660 divina
1216 632 1339 661 Maiestas
1369 635 1410 661 est
1441 633 1602 668 necessitas,
1623 642 1688 670 ergo
1713 634 1789 663 nullo
1814 635 1892 663 modo

1050 681 1092 707 est
1106 678 1232 707 timenda.
1249 678 1299 707 Sed
1315 679 1366 707 hoe
1380 682 1422 708 est
1436 679 1533 708 falsum
1548 683 1575 709 et
1589 680 1753 709 absurdum:
1765 689 1830 719 ergo
1840 685 1890 711 etc.

1364 781 1574 803 CONCLUSIO.

1107 866 1245 895 Divinum
1266 874 1325 895 esse
1346 870 1386 895 est
1408 867 1603 896 necessarium
1621 868 1834 906 perfectissima

1251 914 1415 942 necessitate
1436 914 1689 944 immutabilitatis.

1130 1007 1304 1036 Resposnm:
1327 1008 1363 1036 Ad
1385 1008 1588 1044 praedictorum
1617 1010 1820 1047 intelligentiam
1851 1015 1892 1041 est

1050 1053 1216 1086 notandum,
1247 1054 1321 1090 quod
1354 1054 1454 1091 triplex
1486 1059 1527 1083 est
1562 1057 1727 1085 necessitas:
1757 1058 1890 1095 quaedam
1905 1059 2026 1101 Τῗεῐζξίζᾶξθ·

1049 1099 1166 1126 omnino
1187 1100 1364 1133 extrinseca,
1386 1101 1520 1137 quaedam
1548 1103 1658 1138 partim
1681 1104 1839 1134 intrinseca
1866 1110 1892 1134 et
2002 1097 2006 1101 ⁵

1046 1145 1159 1181 partim
1179 1146 1358 1180 extrinseca,
1379 1150 1407 1175 et
1427 1147 1561 1183 quaedam
1587 1149 1703 1177 omnino
1725 1150 1889 1180 intrinseca.

1050 1191 1199 1220 Necessitas
1226 1193 1342 1220 omnino
1373 1193 1535 1222 extrinseca
1562 1198 1603 1222 est
1625 1195 1685 1229 illa,
1707 1204 1778 1232 quae
1798 1200 1890 1226 ortum

1049 1238 1131 1267 habet
1152 1246 1168 1266 a
1188 1238 1339 1275 principio,
1360 1240 1435 1276 quod
1455 1243 1496 1268 est
1517 1244 1616 1275 extra,
1639 1242 1707 1270 nihil
1729 1247 1891 1280 cooperante

1049 1293 1129 1322 passo
1141 1286 1179 1320 ¹¹;
1201 1288 1228 1314 et
1249 1286 1317 1314 haec
1337 1286 1484 1323 dupliciter
1502 1287 1585 1316 habet
1604 1296 1678 1317 esse:
1701 1290 1744 1318 vel
1765 1294 1891 1328 respectu
1905 1292 2011 1335 Sgggijfiss-

1048 1340 1165 1369 operum
1185 1333 1388 1368 naturalium,
1410 1334 1453 1363 vel
1484 1338 1612 1371 respectu
1639 1336 1892 1372 voluntariorum
1981 1330 1985 1335 ’

1048 1382 1075 1408 et
1096 1380 1134 1408 sic
1148 1379 1253 1416 duplex
1274 1384 1315 1409 est
1330 1381 1492 1416 necessitas,
1507 1382 1609 1411 scilicet
1623 1384 1780 1413 coactionis
1793 1388 1820 1413 et
1834 1386 1893 1414 vio-

1048 1425 1157 1455 lentiae.
1181 1442 1217 1447 -
1248 1427 1398 1456 Necessitas
1420 1436 1485 1456 vero
1509 1429 1623 1466 partim
1654 1430 1751 1465 intra,
1779 1432 1891 1469 partim

1047 1477 1131 1502 extra
1157 1476 1199 1502 est
1227 1481 1298 1511 quae
1322 1474 1414 1511 aliquo
1436 1475 1517 1503 modo
1537 1479 1578 1504 est
1599 1485 1615 1504 a
1635 1477 1770 1514 principio
1796 1479 1892 1507 intrin-

1047 1528 1121 1554 sece,
1144 1520 1306 1558 respiciente
1326 1521 1429 1558 aliquid
1450 1525 1532 1550 extra
1553 1523 1595 1551 vel
1616 1531 1665 1560 per
1684 1525 1795 1554 modum
1806 1526 1890 1563 prin·
1904 1527 2009 1570 ἓξὲξ-’ξω-

1047 1568 1118 1604 cipii
1136 1568 1291 1602 moventis,
1313 1568 1356 1597 vel
1371 1576 1420 1605 per
1435 1569 1546 1597 modum
1568 1570 1686 1599 termini
1704 1572 1873 1610 quiescentis
1880 1584 1890 1607 ;
1979 1566 1983 1570 ⁴

1047 1618 1074 1643 et
1095 1615 1133 1644 sic
1154 1617 1195 1643 est
1216 1615 1363 1644 necessitas
1387 1615 1533 1653 dupliciter
1559 1616 1646 1651 dicta,
1668 1618 1770 1648 scilicet
1802 1620 1890 1649 inevi-

1047 1661 1199 1694 tabilitatis
1219 1665 1246 1690 et
1267 1662 1450 1700 indiqentiae.
1474 1679 1510 1684 —
1531 1663 1669 1700 Quaedam
1696 1673 1761 1694 vero
1781 1669 1823 1695 est
1844 1675 1890 1696 ne-

1046 1709 1157 1737 cessitas
1178 1709 1295 1737 omnino
1316 1709 1491 1744 intrinseca,
1513 1718 1584 1748 quae
1605 1711 1675 1741 inest
1705 1713 1744 1742 rei
1766 1721 1802 1742 ex
1824 1722 1888 1752 pro-

1045 1755 1106 1791 pria
1126 1758 1238 1789 natura;
1260 1759 1287 1784 et
1310 1756 1376 1784 llaec
1397 1759 1438 1785 est
1465 1758 1612 1787 necessitas
1643 1759 1887 1790 immutabilitatis

1044 1805 1071 1830 et
1093 1802 1332 1838 independentiae;
1355 1806 1382 1831 et
1403 1803 1463 1832 talis
1484 1805 1631 1834 necessitas
1645 1808 1805 1837 secundam
1818 1809 1889 1847 quid

1045 1849 1184 1886 reperitur
1205 1849 1232 1878 in
1253 1853 1396 1884 creatura,
1417 1850 1585 1888 simpliciter
1605 1856 1697 1882 autem
1719 1862 1773 1883 non
1798 1859 1886 1892 potest
1896 1856 2003 1877 <2⁰⁰⁰¹=¹⁵1⁰·

1045 1896 1161 1933 reperiri
1182 1896 1233 1925 nisi
1255 1896 1282 1925 in
1303 1897 1436 1927 creatrice
1456 1899 1581 1927 essentia.
1598 1899 1657 1936 Ipsa
1671 1900 1743 1929 enim
1765 1902 1822 1930 sola
1836 1906 1886 1937 est,

1044 1951 1115 1980 quae
1129 1952 1184 1972 non
1198 1943 1316 1973 admittit
1329 1944 1450 1982 aliquam
1463 1945 1687 1983 dependentiam;
1704 1952 1795 1977 cetera
1809 1942 1887 1984 vero,

1044 1998 1108 2019 cum
1129 1990 1184 2020 sint
1204 1994 1310 2026 creata,
1333 1993 1487 2021 necessario
1506 1993 1660 2030 dependent
1680 1995 1715 2024 ab
1737 1996 1803 2033 ipsa.

1100 2049 1104 2052 -
1122 2038 1190 2066 Haec
1210 2040 1303 2066 autem
1324 2039 1471 2068 necessitas
1492 2041 1647 2070 necessario
1661 2042 1773 2078 ponitur
1787 2043 1814 2072 in
1829 2052 1886 2073 esse
1900 2045 2001 2088 ⁸³52&-

1043 2080 1158 2119 divino,
1179 2085 1244 2122 quia
1265 2088 1307 2114 est
1327 2085 1359 2114 in
1378 2094 1408 2114 se
1428 2086 1491 2124 ipso
1505 2090 1532 2116 et
1546 2096 1565 2116 a
1579 2088 1692 2125 seipso.
1710 2089 1780 2126 Quia
1793 2094 1884 2120 autem
1923 2074 1934 2093 ρ
1968 2084 1973 2088 ’

1042 2131 1074 2160 in
1086 2131 1109 2148 ¹²
1128 2140 1158 2160 se
1178 2131 1256 2168 ipso,
1278 2131 1339 2161 ideo
1369 2135 1444 2162 caret
1463 2138 1645 2171 componente
1664 2135 1815 2173 principio,
1837 2141 1885 2166 aut

1041 2182 1216 2207 sustentante
1223 2189 1233 2212 ;
1254 2179 1315 2208 ideo
1345 2188 1395 2209 nec
1425 2184 1514 2218 potest
1544 2182 1645 2211 mutari
1678 2191 1728 2212 nec
1758 2183 1883 2220 deficere.

1041 2385 1085 2414 (X.
1101 2390 1122 2407 c.
1139 2385 1179 2414 8.).
1195 2397 1227 2402 —
1243 2385 1276 2409 De
1292 2385 1382 2409 minori
1397 2386 1450 2409 vide
1467 2393 1537 2415 supra
1555 2394 1609 2416 pag.
1626 2388 1667 2416 98,
1685 2391 1736 2411 nota
1756 2389 1791 2412 tt.
1809 2389 1879 2412 verba

1040 2424 1137 2452 August.

1101 2461 1109 2475 ⁷
1127 2464 1187 2486 Vide
1203 2471 1273 2493 supra
1290 2471 1345 2493 pag.
1361 2465 1403 2493 20,
1421 2468 1473 2488 nota
1491 2466 1512 2489 6.

1100 2501 1110 2514 ¹⁵
1127 2503 1260 2526 Secundum
1278 2505 1380 2532 Ariston,
1392 2505 1408 2528 I.
1423 2505 1510 2528 poster.
1521 2511 1541 2528 c.
1553 2506 1591 2528 26.
1607 2505 1636 2535 (c.
1652 2506 1710 2535 33.);
1727 2506 1806 2529 minor
1826 2506 1882 2529 ibid.

1038 2544 1060 2564 et
1077 2547 1097 2564 c.
1114 2542 1135 2564 2.
1153 2548 1218 2572 seqq.
1236 2543 1370 2567 insInnatur.

1099 2580 1110 2593 ⁹
1126 2581 1172 2605 Ctr.
1188 2583 1291 2610 Aristot.,
1308 2583 1324 2606 l.
1340 2583 1426 2606 Poster.
1442 2585 1506 2615 c.¹2;
1523 2584 1539 2607 l.
1552 2584 1613 2612 Phys
1630 2587 1682 2607 text.
1694 2585 1716 2607 2.
1733 2591 1798 2614 seqq.
1809 2588 1831 2608 et
1842 2585 1880 2608 IV.

1039 2621 1136 2649 Metapa.
1154 2624 1203 2645 nest.
1221 2623 1243 2645 e.
1260 2628 1325 2651 seqq.
1342 2622 1389 2652 (nt.
1405 2629 1425 2646 c.
1443 2612 1487 2652 3.).¹

1100 2659 1119 2672 ¹⁰
1136 2661 1238 2689 Ariston,
1255 2662 1280 2684 II.
1302 2662 1368 2684 Rhet.
1390 2668 1411 2685 c.
1427 2663 1449 2685 3.
1472 2662 1502 2691 (c.
1519 2662 1562 2692 2.):
1585 2662 1656 2685 Nemo
1674 2668 1730 2685 vero
1747 2663 1831 2691 expetit
1852 2669 1879 2686 ea

1036 2705 1097 2728 quae
1114 2705 1126 2721 a
1144 2706 1169 2722 se
1186 2700 1234 2723 fleri
1258 2706 1302 2723 non
1320 2706 1389 2728 posse
1406 2701 1520 2724 videntur.
1541 2700 1587 2724 Cir.
1605 2700 1660 2724 lbid.
1677 2707 1696 2724 c.
1719 2702 1757 2724 23.
1775 2701 1805 2731 (c.
1823 2702 1877 2732 19.>.

1037 2741 1059 2761 et
1075 2738 1103 2761 V.
1126 2739 1190 2762 Polit.
1211 2746 1232 2762 c.
1250 2740 1286 2762 Η.
1309 2739 1339 2769 (c.
1360 2740 1404 2769 9.):
1427 2740 1498 2762 Nemo
1520 2740 1581 2762 enirn
1603 2740 1646 2763 sibi
1669 2740 1818 2769 impossibilia
1840 2747 1879 2769 ag-

1039 2778 1150 2806 greditnr.

1099 2816 1117 2830 ¹¹
1135 2818 1165 2841 Ita
1188 2817 1297 2842 describit.
1318 2819 1409 2842 Aristot.
1431 2820 1464 2842 III.
1486 2820 1557 2842 Etbic.
1581 2826 1602 2843 c.
1627 2820 1648 2843 ¹l.
1672 2819 1801 2843 molentum
1824 2820 1878 2849 (cir.

1036 2856 1060 2879 II.
1078 2857 1139 2880 Sent.
1156 2857 1180 2880 d.
1196 2858 1235 2881 25.
1251 2864 1274 2886 p.
1290 2858 1315 2880 II.
1331 2864 1355 2887 q.
1372 2858 1394 2881 4.
1411 2861 1433 2881 et
1449 2859 1490 2888 5.).
1501 2871 1533 2875 —
1546 2859 1579 2881 De
1590 2859 1688 2882 diversis
1705 2858 1877 2887 acceptionibus

1035 2896 1176 2919 necessitatis
1193 2897 1246 2919 vide
1263 2897 1365 2924 Aristot„
1383 2898 1411 2920 V.
1427 2898 1524 2926 Metaph.
1542 2901 1594 2921 text.
1611 2898 1633 2920 6.
1651 2897 1701 2926 (IV.
1713 2903 1733 2920 e.
1745 2897 1785 2927 5.).
1797 2898 1828 2919 De
1840 2903 1877 2919 ne-

1036 2935 1140 2958 cessitate
1156 2935 1298 2965 indiqentiae
1315 2937 1357 2959 cnr.
1373 2937 1482 2965 August„
1500 2937 1529 2960 83
1546 2937 1590 2966 Qq.
1607 2943 1630 2965 q.
1647 2938 1685 2960 22.

1098 2973 1117 2987 ¹²
1134 2975 1153 2997 D
1170 2975 1207 2997 hic
1224 2976 1285 2998 male
1301 2976 1383 2998 omittit
1399 2976 1440 3005 in,
1458 2976 1523 3005 quod
1540 2977 1615 3005 primo
1633 2976 1682 2998 loco
1700 2976 1783 3004 posuit.
