2285 3398
125 330 171 348 Pan
183 329 256 348 ll.E1

133 353 208 377 plicatio
219 358 257 371 am-

133 377 180 400 plior
189 381 227 395 sec
237 376 256 394 si-

274 200 330 228 514

348 279 394 306 21.
418 277 493 306 Modo
514 275 589 309 dico,
611 276 683 313 quod
706 284 754 304 nos
775 275 921 303 Christiani
944 274 1017 302 ultra
1031 275 1107 304 illuni

270 324 407 353 ludaicum
430 324 577 361 populum,
599 323 643 351 cui
665 323 732 351 haec
754 322 880 350 manituti
901 321 1013 349 suerunt
1033 321 1107 356 data,

270 371 362 400 videre
383 372 528 404 debemus,
550 369 613 406 quia
637 369 714 397 nobis
735 369 869 405 patelacta
890 371 931 397 est
952 368 1067 402 vemas,
1082 373 1108 397 et

159 423 203 442 Tri=
215 423 252 441 ³¹1³
269 418 420 447 secundum
445 418 510 450 tri;,i
531 425 602 453 quae
624 416 806 453 prohibentur
829 415 887 449 hic,
906 423 1003 451 inagna
1019 415 1066 443 lux
1082 419 1108 444 et

152 446 253 469 prohiben-

152 472 189 488 tur.

270 465 423 494 veranobis
436 473 520 501 appu
525 468 571 492 uit
589 463 770 491 Prohibentur
787 466 878 491 autem
895 462 962 495 tri-..i
976 469 1023 498 per
1038 470 1108 498 quie

269 512 402 541 avertitur
424 519 500 540 inens
522 511 642 539 humana
656 518 678 545 a,
686 509 840 538 reverentia
859 509 995 537 Cieatoris
1010 508 1067 541 sui,
1083 512 1109 537 et

270 559 295 587 in
318 558 369 587 illis
391 558 479 586 tribus
500 557 682 594 prohibentur
703 556 781 585 nobis
802 556 891 592 primo
911 563 1005 583 oriines
1020 555 1109 591 prosa-

271 613 319 633 nae
344 605 492 641 pactiones
512 604 703 636 daemonnm,
726 602 780 631 ibi:
811 601 874 630 Non
902 601 1017 629 habebis
1044 601 1109 629 deos

270 651 377 679 alienos
398 659 496 678 corani
519 659 570 678 mc.
587 649 711 678 secundo
727 649 909 686 protiibeiitiir
925 648 1007 676 falsae
1022 651 1049 676 et
1064 656 1110 676 su-

270 697 440 734 perstitiosae
461 696 676 725 adinventione-5
697 703 849 728 errorum,
872 694 924 722 ibi:
941 693 1004 722 Non
1018 692 1109 730 facies

269 744 404 781 scalptile.
427 744 447 771 T
449 743 519 772 ertio
539 743 723 780 prohibentur
737 750 832 770 onmes
848 749 992 777 perversae
1006 749 1110 777 appre-

271 792 401 820 tiationes
422 789 619 818 mundialium
633 793 832 821 naturarum,
849 788 884 816 ibi
898 799 903 815 :
921 787 1015 825 Neque
1029 787 1110 815 ¹simi—

271 838 418 866 litudinem
441 845 541 865 eoram
563 844 637 874 qaae
658 835 688 863 in
709 834 795 863 caelis
815 838 884 862 sunt
905 838 955 862 etr.

348 886 393 913 22.
417 884 482 912 Dite
502 883 601 920 igitur,
623 882 707 919 quod
718 882 744 910 in
760 882 850 919 primo
865 881 963 910 verbo:
981 880 1044 909 Von
1059 880 1110 908 ha-

156 936 225 957 Primo
239 931 345 960 debebis
366 931 432 959 cleo-s
453 930 562 958 alienos
589 938 689 957 coram
718 937 776 963 mc,
806 928 988 965 prohibentur
1015 936 1111 956 onmes

127 960 212 983 pactione
219 950 263 977 ilae-

128 988 201 1001 monum
230 983 261 1001 tri-

128 1006 179 1030 plici.

149 2006 263 2030 Exemplum.

270 978 399 1015 profanae
418 977 566 1014 pactiones
586 976 777 1009 daemonnm,
799 975 856 1004 sive
875 975 941 1003 liant
955 983 1003 1011 per
1018 975 1062 1002 ιιι(
1064 983 1110 1002 ι-ιι

270 1024 386 1053 tationes
408 1023 573 1057 verborum
595 1022 651 1052 sive
676 1030 724 1059 per
753 1022 944 1059 inscriptiones
971 1022 1038 1050 char
1040 1024 1110 1049 acte-

271 1079 334 1101 rum
362 1071 404 1099 vel
432 1070 597 1107 imaginum,
622 1070 679 1098 sive
707 1077 755 1106 per
782 1068 981 1097 immolationes
1008 1068 1111 1097 sacriti-

272 1119 386 1147 ciorum.
410 1118 436 1146 ln
459 1117 516 1146 istis
537 1117 627 1145 tribus
647 1117 800 1145 consistunt
820 1123 914 1144 omnes
933 1118 1024 1152 partes
1044 1115 1112 1143 artis

272 1165 400 1202 magicae.
431 1164 461 1192 Et
488 1163 526 1192 sic
553 1162 724 1200 prohibendo
752 1162 803 1191 ista
830 1162 897 1195 tria,
929 1161 1111 1198 prohibentur

272 1212 378 1244 omnia,
400 1219 435 1239 ex
456 1209 558 1247 quibus
584 1209 714 1238 oriuntur
735 1216 829 1237 omnes
857 1204 985 1245 profanae
1006 1208 1112 1244 pactio-

273 1266 321 1287 nes
341 1258 520 1291 daemonum,
539 1257 595 1285 sive
616 1256 682 1284 siant
701 1256 735 1284 ad
757 1255 1011 1284 transmutationem
1033 1257 1112 1282 natu-

273 1312 384 1338 rarum,
405 1304 476 1333 sicut
497 1304 621 1332 fecerunt
636 1302 706 1339 magi
723 1301 870 1330 Pharaonis
883 1302 907 1335 ¹3
923 1301 979 1329 sive
993 1300 1027 1329 ad
1043 1300 1111 1328 ludi-

273 1351 426 1380 ficationem
447 1358 593 1383 sensuum,
609 1349 680 1378 sicut
693 1348 796 1377 faciunt
811 1347 972 1381 liistriones;
988 1347 1045 1375 sive
1059 1347 1113 1375 sint

273 1399 306 1427 ad
327 1397 560 1434 investigationem
589 1396 749 1424 futurorum
770 1394 993 1431 contingentium.
1015 1394 1114 1422 Omnia

274 1445 325 1474 ista
345 1447 423 1472 vocat
444 1442 633 1479 Augustinus2
646 1460 647 1463 ,
656 1441 806 1478 pactiones
833 1441 1023 1474 daemonum,
1048 1440 1113 1476 quia

274 1491 302 1519 in
326 1490 426 1519 talibus
450 1488 611 1518 attribuitur
632 1490 776 1516 creaturae
799 1486 873 1523 quod
896 1486 977 1515 debet
999 1482 1112 1514 attribui

274 1537 414 1570 Creatori;
436 1539 463 1564 et
484 1535 543 1564 ideo
564 1534 631 1563 tales
652 1536 764 1570 peccant
784 1536 880 1562 contra
907 1532 1026 1569 primum
1052 1540 1113 1560 ver-

275 1584 341 1615 bum
370 1582 506 1615 mandati,
527 1580 600 1618 quod
628 1583 686 1609 est:
711 1579 774 1608 Non
802 1578 917 1608 habebis
947 1578 1013 1606 aeos
1046 1578 1114 1606 alie-

274 1639 326 1659 nos
346 1637 447 1658 coram
468 1637 519 1657 me.
542 1628 580 1671 De
601 1627 701 1656 talibus
721 1626 822 1655 (licitur
843 1626 871 1654 ιιι
891 1625 997 1654 cantico
1015 1625 1115 1653 Deute-

276 1676 404 1709 ronomii,
420 1675 559 1712 trigesimo
580 1673 700 1703 secundo
711 1673 737 1700 ³:
755 1673 991 1701 Prooocaverant
1004 1679 1069 1699 eum
1084 1670 1115 1698 in

277 1723 334 1752 diis
355 1722 474 1755 alienia,
496 1724 520 1750 et
542 1721 573 1749 in
593 1729 623 1748 eo
644 1720 695 1758 qai
714 1728 773 1748 non
793 1723 856 1747 erat
880 1719 971 1752 Deas,
993 1717 1033 1746 ad
1053 1717 1115 1746 ira-

277 1769 416 1798 cundiam
438 1768 661 1796 concitaverant.
684 1766 758 1795 Unde
780 1766 846 1794 tales
866 1765 990 1793 incidunt
1010 1764 1037 1792 in
1058 1772 1115 1792 ma-

278 1823 331 1844 nus
351 1814 532 1847 daemonum;
555 1812 714 1849 Apostolus:
750 1811 883 1840 Tradidit
910 1819 956 1838 eos
984 1811 1058 1838 Deus
1085 1810 1116 1838 in

277 1860 427 1899 passiones
455 1859 640 1897 ignominiae,
663 1858 688 1886 id
716 1860 773 1891 est,
800 1857 925 1893 permisit
951 1856 1036 1890 tradi,
1057 1856 1116 1884 exi-

280 1907 407 1945 gentibus
427 1906 544 1943 peccatis
564 1912 669 1933 eorum.

308 1985 310 1987 ,
358 1953 403 1982 523.
426 1953 512 1980 Huius
532 1951 690 1987 exemplum
712 1950 846 1978 habemus
867 1949 894 1977 in
914 1949 1032 1986 quodam
1048 1948 1118 1976 litte-

283 2001 380 2033 rat04,
402 1999 448 2036 qui
476 1998 523 2026 diu
552 1997 710 2027 studuerat,
732 1996 849 2032 qualiter
871 1998 961 2031 posset
981 1994 1051 2023 ellici
1079 1994 1116 2022 di-

259 2055 261 2057 ·
283 2054 345 2080 ves,
366 2049 393 2074 et
408 2045 528 2081 linguam
543 2051 619 2071 suam
636 2043 736 2071 iecerat
749 2041 871 2069 venalem
887 2041 966 2077 longo
981 2042 1118 2076 tempore,

283 2098 310 2123 et
332 2097 420 2121 tamen
442 2099 548 2127 semper
569 2089 672 2127 egebat.
694 2088 826 2125 Cogitavit
840 2090 931 2116 autem
946 2087 998 2115 sic:
1014 2094 1050 2114 ex
1064 2094 1119 2122 quo

284 2148 337 2169 non
359 2146 470 2176 possum
491 2137 571 2165 ditari
594 2144 642 2173 per
663 2136 765 2167 Deum,
786 2134 893 2162 (litabor
908 2141 956 2169 per
970 2132 1118 2160 diabolum.

284 2186 423 2224 Quaesivit
443 2192 552 2221 magum
576 2184 645 2211 inter
661 2182 771 2210 ludaeos
786 2184 812 2209 et
826 2180 994 2208 Christianos
1014 2182 1041 2207 et
1059 2179 1119 2207 nul-

286 2235 342 2263 luni
371 2232 481 2261 invenit.
510 2230 627 2258 Tandem
656 2228 802 2265 cogitavit:
824 2235 873 2263 ego
899 2227 955 2263 ipse
982 2225 1119 2262 experiar,

286 2284 380 2310 utrum
402 2279 502 2316 possim
524 2277 582 2306 sieri
596 2277 672 2305 dives
694 2284 741 2312 per
762 2274 910 2303 diabolum.
935 2273 982 2301 lvit
1002 2272 1119 2309 quadani

287 2328 329 2356 via
350 2327 494 2357 umbrosa.
516 2333 614 2353 saxosa
641 2326 668 2352 et
696 2323 774 2351 iuxta
802 2324 950 2350 torrentem
978 2324 1004 2349 et
1032 2319 1119 2348 dixit:

287 2374 333 2404 ubi
359 2382 403 2406 es,
424 2372 554 2405 daemon,
576 2371 622 2407 qui
652 2378 758 2406 semper
784 2368 893 2406 quaeris
919 2367 1045 2403 decipere
1072 2367 1122 2395 ho-

288 2421 374 2449 mines
386 2423 397 2446 ‘e
420 2419 472 2455 Ego
493 2425 554 2446 sum
576 2417 635 2450 hic,
656 2419 687 2444 ιιι
714 2416 774 2444 (lem
804 2415 850 2443 tibi
878 2414 996 2443 animam
1024 2421 1120 2441 meam.

288 2467 375 2495 Prima
397 2469 423 2494 et
444 2464 562 2493 secunda
584 2464 641 2492 vice
663 2471 715 2491 non
731 2462 804 2491 venit
817 2462 930 2489 daemon
947 2468 995 2488 nec
1011 2467 1122 2495 respon-

289 2514 343 2546 dit,
365 2513 430 2549 quia
450 2512 580 2539 Dominus
600 2511 689 2539 adhuc
711 2518 764 2538 non
780 2508 911 2546 permisit.
927 2507 1017 2535 Tertia
1031 2510 1122 2534 autem

289 2560 348 2587 vice
373 2559 446 2587 venit
473 2558 597 2586 diabolus
617 2561 644 2585 et
664 2556 752 2585 dixit:
775 2555 840 2592 quid
860 2554 930 2591 petis
950 2562 966 2581 a
985 2557 1053 2581 me?
1075 2553 1122 2581 Re-

292 2606 398 2642 spondit
425 2605 486 2632 ille:
516 2608 546 2632 ut
573 2604 653 2632 facias
682 2611 725 2631 nie
751 2601 877 2630 divitem.⁴
900 2600 947 2628 Cui
979 2599 1121 2627 diabolus:

829 197 871 225 DE
893 197 1002 225 DECEM
1024 198 1216 227 PRAECEPTlS
1236 198 1397 226 COLLATIO
1420 198 1446 226 ΙΙ.

1164 278 1285 313 oportet,
1308 275 1380 312 quod
1409 276 1486 312 prius
1511 275 1607 303 adores
1632 284 1682 303 me.
1706 275 1736 302 Et
1758 278 1823 303 tunc
1844 275 1888 303 ille
1910 275 2001 304 incur-

1166 323 1238 350 vavit
1259 331 1287 350 se
1308 325 1336 350 et
1354 321 1477 350 adoravit
1498 330 1569 350 euin.
1593 322 1623 350 Et
1644 322 1733 350 statim
1762 321 1886 350 diabolus
1907 322 2000 355 habuit

1166 371 1325 405 potestatem
1348 368 1373 395 in
1396 368 1485 404 ipsun}
1507 371 1534 396 et
1557 368 1703 397 ludificavit
1724 376 1809 396 eum:
1831 368 1907 401 fecit,
1930 369 2001 405 quod

1165 423 1260 443 omnes
1281 415 1316 442 illi
1341 414 1441 450 lapides
1463 414 1624 442 videbantur
1645 415 1667 443 ei
1690 422 1748 443 esse
1763 422 1871 442 aurum.
1890 415 1919 442 Et
1933 415 2001 442 dixit

1166 462 1187 490 ei
1210 462 1342 489 daemon:
1364 460 1456 496 art-ipe
1484 461 1548 489 satis
1575 461 1608 490 de
1634 470 1710 490 auro.
1735 462 1764 489 Et
1786 464 1851 489 tunc
1873 461 1916 490 ille
1937 469 2002 498 gau-

1165 508 1232 536 dens
1258 507 1382 535 oneravit
1410 515 1438 534 se
1467 506 1616 543 lapidibus,
1644 511 1670 535 et
1695 516 1757 535 cuin
1780 507 1854 535 venit
1874 507 2002 540 (lonium,

1166 554 1257 589 posuit
1282 553 1382 589 lapides
1405 553 1429 580 in
1453 552 1570 589 quodam
1595 554 1695 590 angulo
1715 554 1828 586 domus,
1850 557 1877 581 et
1897 554 2002 582 accensi

1167 603 1230 628 sunt
1252 600 1368 636 lapides,
1390 602 1416 627 et
1437 599 1579 627 combusta
1599 603 1639 628 est
1659 600 1757 628 (lomus
1777 603 1803 628 et
1825 600 1958 636 quidquid
1978 600 2002 628 in

1166 654 1197 674 ea
1218 650 1292 679 erat,
1315 646 1351 673 ila
1378 645 1451 682 quod
1472 646 1529 682 ipse
1558 646 1604 674 vix
1631 647 1724 675 evasit.
1746 646 1878 683 Cogitavit
1903 646 2002 675 iterum

1167 692 1257 721 redire
1277 692 1309 720 ad
1333 692 1421 720 locum
1444 691 1588 728 pristinum
1609 692 1718 721 dicens:
1748 693 1792 721 ibo
1820 696 1846 720 et
1874 692 2003 728 accipiam

1167 739 1231 767 satis
1252 740 1285 767 de
1305 747 1382 767 auro.
1406 739 1436 766 Et
1457 746 1520 767 cuin
1543 739 1615 767 venit
1635 739 1667 767 asl
1696 740 1801 772 locuni,
1831 743 1896 767 tunc
1922 738 2003 772 vidit,

1167 786 1238 822 quod
1262 786 1328 814 nihil
1350 789 1421 814 esset
1442 786 1477 814 ibi
1505 785 1553 814 nisi
1583 786 1700 822 lapides;
1729 790 1755 815 et
1783 787 1821 814 sic
1850 786 2005 814 luditicatus

1167 836 1216 861 est.
1238 850 1276 853 —
1298 833 1371 861 Patet
1392 832 1487 865 modo,
1509 832 1644 869 quomodo
1665 833 1690 861 in
1713 833 1801 869 primo
1829 833 1914 861 verbo
1941 841 2004 869 pro-

1169 879 1298 909 hibentur
1319 887 1413 908 omnes
1435 879 1562 916 profanae
1584 879 1720 915 pactiones
1740 880 1911 908 daemonum.

1246 927 1291 955 24.
1322 927 1348 954 ln
1377 926 1496 954 secundo
1525 926 1626 954 verbo:
1653 926 1716 954 Non
1743 925 1834 962 facies
1858 925 2003 962 scalptile,

1169 973 1351 1009 prohibentur
1372 981 1466 1001 omnes
1487 973 1568 1001 salsae
1589 975 1616 1001 et
1637 980 1668 1001 su
1689 972 1840 1001 erstitiosae
1868 972 2005 1000 adinven-

1169 1019 1258 1047 [iones
1278 1028 1423 1047 errorum.
1447 1019 1477 1047 Ει
1498 1018 1646 1047 notandum
1663 981 1721 1052 liic,
1736 1018 1808 1055 quod
1823 1018 1911 1047 omnis
1926 1026 2005 1047 error

1169 1066 1236 1094 nihil
1258 1065 1331 1094 aliud
1352 1069 1393 1094 est
1414 1065 1464 1094 nisi
1486 1065 1560 1093 fictio
1582 1065 1687 1094 inentis.
1703 1065 1831 1093 Errorem
1853 1067 1944 1093 autem
1968 1064 2005 1092 fa-

1169 1113 1205 1141 cit
1225 1113 1368 1150 phantasia
1388 1112 1551 1141 obnubilans
1579 1112 1710 1141 rationem
1738 1115 1765 1140 et
1793 1111 1893 1140 faciens
1920 1111 2005 1140 videri

1169 1167 1228 1188 esse
1248 1159 1322 1196 quod
1344 1167 1396 1187 non
1417 1162 1466 1187 est.
1489 1159 1589 1188 Omnes
1609 1162 1700 1187 autem
1723 1159 1804 1187 salsae
1825 1161 1851 1186 et
1873 1157 2005 1194 supersti-

1170 1205 1253 1234 tiosae
1274 1205 1479 1234 adinventiones
1499 1214 1626 1234 errorum
1648 1205 1813 1242 proveniunt
1834 1208 1882 1233 aut
1902 1212 1938 1233 ex
1953 1204 2006 1233 im-

1167 1252 1257 1289 probo
1284 1260 1362 1279 (tusa
1391 1251 1617 1288 itwcstigyationis
1641 1251 1870 1288 philosophicae,
1896 1253 1944 1279 aut
1971 1259 2007 1279 ex

1167 1306 1303 1335 perverso
1326 1293 1461 1326 intellectu
1483 1306 1587 1326 sacrae
1608 1298 1794 1335 Scriptarae,
1815 1301 1863 1326 aut
1878 1306 1913 1326 ex
1929 1298 2008 1326 inor-

1169 1345 1269 1373 dinato
1291 1343 1394 1382 affecta
1416 1344 1600 1372 carnalitatis
1622 1343 1775 1372 hnmanae.

1248 1392 1293 1420 25.
1317 1392 1356 1419 Ex
1379 1390 1508 1427 improbo
1535 1399 1612 1419 ausa
1635 1391 1869 1428 inuestiyationis
1882 1390 2007 1428 philoso-

1167 1437 1269 1476 phicae
1296 1438 1448 1475 procedunt
1475 1445 1584 1466 errores
1606 1438 1631 1465 in
1651 1436 1844 1474 philosophis,
1871 1438 1941 1466 sicut
1968 1441 2009 1466 est

1170 1492 1272 1521 ponere
1292 1484 1426 1513 mundum
1446 1486 1606 1517 aeternum,
1621 1486 1648 1512 et
1668 1483 1741 1520 quod
1763 1491 1835 1512 unus
1856 1483 2009 1512 intellectus

1170 1532 1205 1560 sit
1225 1532 1253 1559 in
1273 1531 1408 1559 omnibus.
1432 1531 1533 1559 Ponere
1547 1530 1619 1559 enim
1635 1529 1768 1558 mundum
1783 1533 1942 1563 aeternum,
1958 1530 2008 1558 hoc

1170 1581 1212 1606 est
1235 1580 1395 1614 pervertere
1422 1580 1506 1605 totam
1533 1585 1639 1606 sacram
1665 1576 1835 1613 Scripturam
1855 1580 1882 1605 et
1902 1576 2008 1610 dicere,

1171 1624 1245 1661 quod
1272 1623 1354 1652 Filius
1381 1623 1428 1652 Dei
1456 1632 1509 1652 non
1538 1623 1572 1652 sit
1600 1624 1765 1652 incarnatus.
1794 1624 1897 1652 Ponere
1927 1632 2008 1657 ver0,

1172 1670 1244 1707 quod
1266 1678 1339 1698 unus
1360 1669 1514 1698 intellectus
1535 1670 1569 1698 sit
1596 1670 1623 1698 in
1650 1670 1793 1704 omnibus,
1823 1670 1874 1698 hoc
1902 1673 1943 1699 est
1969 1670 2010 1698 di—

1172 1725 1249 1751 cere,
1271 1716 1344 1754 quod
1365 1724 1419 1745 non
1440 1717 1475 1745 sit
1495 1717 1603 1745 veritas‘
1616 1716 1677 1745 fidei
1699 1725 1748 1745 nec
1767 1717 1841 1745 salus
1855 1717 2009 1745 animarum

1173 1771 1222 1792 nec
1236 1763 1410 1791 observantia
1429 1762 1636 1797 mandatorum3
1651 1766 1678 1792 et
1696 1763 1747 1791 hoc
1762 1766 1803 1791 est
1816 1763 1922 1797 dicere,
1937 1763 2010 1800 quod

1173 1810 1308 1846 pessimus
1330 1810 1411 1837 homo
1432 1809 1569 1842 salvatur,
1584 1812 1611 1837 et
1624 1809 1744 1845 optimus
1765 1809 1942 1837 damnatur5.
1958 1809 2011 1837 Hoc

1174 1856 1258 1892 igitur
1270 1863 1370 1891 ponere
1386 1855 1511 1891 provenit
1524 1863 1560 1883 ex
1576 1855 1700 1891 improbo
1714 1863 1784 1883 ausu
1798 1855 2012 1892 investigationis

1174 1901 1386 1938 philosophicae.
1409 1901 1439 1929 Et
1461 1901 1527 1929 tales
1548 1902 1757 1938 ponuntsquod
1775 1901 1941 1938 impossibile
1962 1901 2011 1935 sit,

1174 1947 1289 1976 mortale
1309 1947 1437 1975 devenire
1458 1946 1491 1974 ad
1512 1947 1751 1975 immortalitatem.
1774 1943 1807 1975 Etv
1819 1948 1865 1984 qui
1881 1948 1933 1976 hoc
1947 1956 2012 1975 con-

1174 1994 1273 2030 singyit,
1295 1996 1343 2021 aut
1364 1997 1476 2026 tuetur,
1497 1996 1545 2021 aut
1566 1993 1700 2020 imitatur
1717 1993 1773 2022 sive
1788 1994 1939 2022 secundum
1961 1994 2011 2022 hoc

1176 2039 1289 2072 incedit,
1305 2042 1379 2067 errat
1400 2039 1573 2075 gravissime,
1589 2039 1654 2075 quia
1673 2039 1736 2067 facit
1750 2043 1845 2068 contra
1860 2041 2010 2069 secundum

1177 2085 1291 2114 verbnm
1303 2085 1434 2114 mandati:
1448 2085 1509 2113 Non
1521 2085 1612 2122 facies
1621 2085 1765 2122 sealptz'te;
1779 2086 1851 2115 unde
1867 2090 1921 2115 tam
1933 2087 2011 2115 fictor

1176 2140 1258 2168 quain
1274 2132 1398 2160 defensor
1413 2136 1439 2160 et
1454 2132 1585 2166 imitator,
1600 2140 1695 2161 omnes
1709 2132 1753 2161 hic
1768 2133 1958 2169 prohibentur.

1237 2180 1299 2207 *²2st
1322 2180 1445 2208 Secundo
1465 2179 1630 2216 proveniunt
1650 2187 1759 2208 errores
1779 2180 1806 2208 in
1825 2180 1963 2217 aliquibus
1977 2188 2012 2208 ex

1173 2234 1308 2262 peruerse
1332 2225 1468 2254 intellecta
1489 2234 1592 2254 sacrae
1614 2226 1799 2263 Scriptarac,
1820 2227 1890 2255 sicut
1904 2227 1931 2255 in
1947 2226 2011 2254 hae-

1178 2272 1288 2305 reticis,
1310 2272 1357 2308 qui
1379 2273 1448 2300 male
1466 2272 1586 2300 sentiunt
1600 2272 1633 2301 de
1648 2273 1778 2301 Trinitate
1793 2270 1819 2301 e't
1835 2273 1937 2309 Spiritu
1953 2281 2014 2301 san-

1177 2322 1228 2347 cto.
1250 2318 1328 2346 Tales
1355 2321 1419 2346 sunt
1443 2318 1546 2351 triani,
1568 2319 1726 2353 Sabelliani,
1749 2319 1918 2351 Donatistae,
1942 2319 2013 2346 Pela-

1177 2366 1248 2403 giani
1269 2369 1295 2394 et
1318 2365 1482 2393 huiusmodi.

1255 2413 1300 2440 ⁹27.
1323 2411 1413 2439 Tertio
1435 2412 1615 2447 prohibentur
1636 2421 1758 2445 errores,
1781 2411 1827 2448 qui
1849 2411 2013 2448 proveniunt

1178 2468 1213 2488 ex
1225 2466 1360 2496 perverso
1379 2457 1481 2494 affecta
1496 2459 1681 2486 carnalitatis
1696 2457 1851 2490 humanae,
1866 2457 1936 2486 sicut
1951 2459 2013 2485 sunt

1179 2514 1288 2536 errores
1318 2505 1565 2541 Epicureorum&
1592 2506 1638 2542 qui
1668 2505 1778 2537 dicunt,
1807 2504 1909 2532 nullam
1935 2504 2014 2532 aliam

1179 2560 1238 2581 esse
1256 2552 1338 2580 vitam
1361 2551 1409 2579 nisi
1430 2550 1506 2578 istam
1519 2561 1524 2583 ;
1539 2554 1565 2579 et
1580 2551 1739 2583 Nicolaitae,
1754 2551 1800 2587 qui
1816 2550 1925 2583 dicunt,
1941 2550 2014 2586 quod

1181 2599 1274 2631 liceat,
1296 2597 1445 2635 quemlibet
1466 2598 1583 2634 turpiter
1604 2605 1684 2634 agere
1705 2605 1767 2625 cum
1786 2597 1914 2634 qualibet.
1937 2598 2015 2625 Sara-

357 2743 363 2756 ¹
382 2744 425 2766 Cl'r.
438 2743 506 2765 Exod.
517 2743 539 2765 7.
551 2746 572 2765 et
584 2746 605 2764 8.

356 2781 364 2795 ¹
382 2782 442 2805 Libr.
455 2783 478 2804 ll.
490 2782 518 2803 de
530 2782 606 2803 Doctr.
617 2781 745 2807 christiana,
757 2786 776 2802 c.
790 2780 865 2802 20-24.
877 2786 900 2801 ιι.
911 2780 988 2802 30-37.

355 2820 365 2833 ⁸
382 2821 447 2843 Vers.
460 2821 496 2842 46.
509 2821 604 2847 Vulgata
617 2819 640 2841 in
652 2818 864 2842 abomirmaom'lms
882 2825 923 2846 pro
941 2818 964 2840 in
982 2824 1007 2841 eo
1024 2818 1064 2848 qai
1079 2824 1127 2841 rnon

295 2862 347 2884 erat
359 2861 426 2887 Deus,
439 2865 497 2888 quae
509 2858 580 2881 verba
592 2860 713 2881 occurrunt
730 2857 786 2879 ibid.
798 2864 820 2878 v.
831 2857 856 2878 2l
868 2864 873 2878 :
886 2857 928 2884 lpsi
941 2863 977 2879 me
989 2863 1127 2885 provocave-

296 2901 348 2921 runt
359 2899 381 2920 ιιι
392 2904 420 2920 co
432 2897 471 2926 qui
483 2903 528 2919 non
541 2899 589 2919 erat
600 2897 668 2922 Deus,
684 2898 706 2917 et
723 2895 868 2917 irritaverunt
885 2895 905 2916 in
921 2894 1058 2917 vanitatibus
1074 2895 1129 2917 suis.

296 2949 326 2954 -—-
338 2938 391 2965 seq.
402 2937 464 2958 locus
475 2938 508 2957 est
520 2936 585 2957 Rom.
598 2935 606 2955 l
617 2952 621 2962 ,
634 2935 670 2956 26.

359 2974 368 2986 ⁴
386 2975 429 2996 BD
445 2974 565 2997 advocato.

1243 2738 1252 2751 ⁵
1269 2740 1347 2761 Deliis
1361 2738 1453 2760 duobus
1469 2737 1584 2759 erroribus
1600 2738 1640 2759 err.
1658 2743 1727 2764 supi-a
1744 2737 1765 2758 in
1783 2736 1889 2759 llexaem.
1905 2736 1978 2758 collat.
1996 2736 2016 2758 4.

1182 2785 1205 2800 ιι.
1225 2778 1264 2805 l3;
1280 2778 1353 2799 collat.
1370 2777 1391 2798 6.
1409 2782 1430 2798 ιι.
1448 2775 1469 2797 4.
1485 2778 1507 2797 et
1524 2775 1550 2801 ἰὴ
1567 2776 1640 2797 collat.
1656 2775 1678 2797 7.
1690 2781 1712 2797 u.
1725 2775 1745 2797 l.
1757 2777 1779 2797 et
1790 2776 1815 2802 23
1828 2775 1856 2797 de
1869 2774 1938 2796 Donis
1949 2774 2017 2801 Spiri-

1183 2820 1218 2839 tus
1230 2818 1253 2839 S.
1264 2817 1337 2838 collat.
1349 2816 1371 2837 8.
1382 2821 1404 2837 ιι.
1417 2814 1453 2836 16.
1465 2820 1530 2842 seqq.

1245 2854 1254 2867 ⁸
1270 2855 1314 2877 Cfr.
1327 2854 1400 2876 Laert.
1412 2853 1489 2880 Diog.,
1507 2853 1535 2874 Χ.
1553 2853 1582 2874 de
1599 2852 1656 2875 Vitis
1672 2855 1714 2875 etc.
1731 2852 1859 2880 philosoph.
1870 2863 1901 2868 -
1912 2852 1944 2873 De
1956 2851 2018 2873 Nico-

1184 2894 1241 2916 laitis
1252 2894 1306 2916 vide
1318 2893 1440 2920 Epiphan.‚
1452 2891 1467 2913 l.
1479 2891 1590 2913 adversus
1606 2892 1727 2917 Haereses,
1744 2892 1831 2913 haeres.
1849 2890 1886 2912 25.
1902 2897 1924 2912 n.
1937 2891 1945 2911 vl
1957 2897 1961 2918 ;
1974 2891 2017 2912 Au-

1185 2936 1256 2961 gust.,
1274 2933 1303 2954 de
1320 2930 1434 2954 Haeresib.
1452 2937 1475 2952 n.
1491 2931 1512 2957 5,
1528 2933 1550 2952 et
1566 2930 1681 2957 Damaso„
1697 2930 1726 2952 de
1742 2929 1859 2952 Haeresib.
1875 2935 1896 2951 ιι.
1917 2929 1959 2955 25,
1979 2928 2017 2950 ubi

1185 2972 1252 2993 etiam
1264 2970 1308 2993 sub
1320 2977 1341 2992 n.
1354 2969 1405 2991 tot.
1417 2969 1446 2991 de
1458 2968 1583 2990 Saracenis.

2019 930 2111 952 Secundo,
2126 930 2148 948 de

2033 953 2150 972 adinventio-

2034 977 2090 995 nibus
2099 982 2150 996 erro·

2034 1005 2082 1018 rum.

2023 1209 2097 1233 Triplex
2111 1215 2147 1227 ori-

2067 1238 2096 1255 [ιο.

2025 1395 2052 1414 De
2066 1395 2131 1419 primo.

2027 1534 2143 1555 Notandum,

2030 2184 2056 2203 De
2066 2183 2156 2203 secundo.

2030 2415 2057 2434 De
2070 2415 2131 2433 terlio.
