2285 3398
399 269 415 296 6
1045 270 1266 306 QUAESTIONES
1287 271 1486 299 DISPUTATAE

476 346 501 373 lt.
525 346 561 373 Ad
582 346 649 374 illud
677 347 751 383 quod
777 346 921 380 obiicitur,
950 347 1023 384 quod
1047 354 1239 384 quaecumque

397 392 447 420 scit
468 395 494 420 et
515 393 652 428 cognoscit
678 392 804 421 distincte
828 393 966 429 cognoscit
986 396 1055 427 etc.;
1077 393 1238 427 dicendum,

397 438 470 474 quod
498 438 544 466 illa
571 439 765 475 consequentia
792 439 883 467 deficit
910 439 938 467 in
966 440 1033 473 hoc,
1061 439 1134 476 quod
1154 439 1237 467 dicit:

396 491 587 520 quaecumque
607 484 750 521 distinguit
764 488 910 519 numerat;
929 486 994 522 quia
1008 485 1184 522 distinguere
1197 488 1238 513 est

314 537 380 556 amer.
395 530 422 557 in
444 529 527 566 plus¹
549 538 632 566 quam
653 539 818 559 namrare.
836 523 878 552 ²—
899 531 947 560 Vel
974 532 1032 565 dic,
1060 531 1133 568 quod
1158 539 1239 568 quae-

395 584 514 613 cumque
534 577 677 614 distinguit
698 580 826 606 numerat
853 586 970 606 numero
997 578 1089 612 finito,
1118 578 1160 606 vel
1181 578 1238 606 infi-

393 622 469 656 nito;
491 623 537 651 sed
560 626 625 651 tunc
646 631 700 652 non
726 623 867 660 sequitur,
895 624 968 661 quod
989 627 1145 658 mensuret,
1174 624 1239 660 quia

394 676 525 697 mensura
545 669 616 698 dicit
631 669 698 706 quid
718 670 827 698 finitum
850 672 964 698 tantum.

474 716 499 743 ὃ
522 715 560 743 Ad
580 715 648 744 illud
669 716 743 752 quod
763 715 908 744 obiicitur:
931 716 952 744 si
974 720 1114 750 numerat,
1129 720 1177 745 aut
1191 725 1240 745 nu-

393 768 470 789 mero
491 762 566 798 pari,
588 763 630 791 vel
651 762 749 799 impari
764 764 814 791 etc.
829 773 834 796 ;
849 761 1011 796 dicendum,
1031 763 1105 799 quod
1119 763 1165 791 illa
1178 771 1239 791 con-

393 807 535 843 sequentia
555 815 610 836 non
632 811 720 841 tenet,
742 816 793 844 pro
813 816 845 836 eo
865 808 939 845 quod
961 817 1095 837 numerus
1116 809 1239 838 infinitus

393 854 601 889 comprehendit
621 857 791 891 utrumque3
813 855 885 883 unde
914 854 984 883 sicut
1011 863 1066 883 non
1088 859 1161 884 tenet
1187 856 1239 884 ista

393 900 606 936 consequentia:
629 898 711 929 hemo
731 904 758 929 et
772 901 865 929 asinus
880 903 945 929 sunt
958 900 1101 934 animalia,
1120 900 1239 937 ergo‘ra-

392 945 511 980 tionalia,
524 946 567 974 vel
577 946 761 980 irrationalia;
774 947 811 975 sic
826 954 875 975 nec
886 947 1081 983 consequentia
1092 947 1237 983 praedicta.

472 991 497 1019 6.
519 991 557 1019 Ad
581 991 649 1020 illud
676 991 751 1028 quod
777 992 921 1026 obiicitur,
949 992 1023 1028 quod
1047 985 1238 1029 quaecumque

392 1037 466 1066 Deus
496 1038 634 1074 cognoscit
660 1038 784 1067 ordinate
811 1039 949 1075 cognoscit
975 1042 1050 1073 etc.;
1076 1039 1237 1073 dicendum,

261 1089 382 1132 cqmpfratio
394 1084 468 1120 quod
489 1084 581 1112 divina
601 1084 720 1121 cognitio
741 1085 823 1113 habet
843 1085 1075 1121 comparationem
1095 1088 1123 1113 et
1142 1085 1176 1113 ad
1197 1094 1238 1113 co—

294 1117 360 1137 ⁰p⁶¹'
392 1134 571 1167 gnoscentem
591 1133 618 1159 et
638 1130 673 1159 ad
693 1131 860 1168 coquitum;
881 1139 930 1167 per
951 1132 1183 1168 comparationem
1204 1131 1238 1159 ad

393 1180 604 1213 coynoscevuem
624 1177 759 1213 quidquid
779 1177 916 1214 cognoscit
938 1177 1020 1206 simul
1045 1177 1191 1214 cognoscit,
1206 1178 1239 1206 si-

394 1225 441 1250 cut
462 1222 544 1250 simul
564 1225 592 1251 et
612 1223 696 1251 semel
723 1223 788 1251 dicit
815 1223 949 1260 quidquid
969 1223 1075 1257 dicit2;
1097 1232 1146 1260 per
1167 1232 1238 1252 com-

391 1268 561 1304 parationem
582 1271 674 1297 autem
695 1269 729 1297 ad
747 1270 909 1307 cognitum,
924 1270 1000 1303 dico,
1016 1270 1090 1306 quod
1106 1270 1248 1313 ordinate.

393 1314 548 1350 cognoscit;
570 1315 618 1343 sed
638 1315 709 1344 sicut
729 1316 868 1352 cognitum
889 1324 905 1344 a
926 1316 982 1344 Deo
1002 1324 1056 1344 non
1072 1319 1178 1345 tantum
1197 1320 1238 1345 est

390 1368 536 1397 praesens,
557 1361 610 1390 sed
625 1361 706 1390 etiam
727 1362 853 1391 futurum
868 1365 895 1391 et
908 1363 1052 1399 possibile;
1074 1363 1112 1392 sic
1126 1366 1154 1391 et
1167 1363 1238 1392 ordo

390 1407 436 1435 ille
456 1415 510 1435 non
531 1410 572 1435 est
593 1410 699 1436 tantum
720 1408 787 1437 ordo
808 1409 950 1442 actualis,
972 1409 1020 1437 sed
1040 1409 1122 1438 etiam
1144 1413 1238 1446 poten-

391 1453 487 1486 tialis,
509 1454 574 1490 quia
588 1462 642 1482 non
657 1457 765 1483 tantum
779 1455 917 1491 cognoscit
931 1463 976 1484 res
990 1455 1113 1484 ordinate
1125 1456 1236 1490 ordine,

391 1499 439 1536 qui
460 1500 548 1528 factus
568 1504 625 1534 est,
647 1501 694 1529 sed
715 1501 796 1529 etiam
810 1501 921 1535 ordine,
937 1510 1020 1538 quem
1034 1505 1123 1538 potest
1137 1502 1235 1531 facere.

390 1562 429 1567 -—
446 1546 525 1582 Quod
545 1554 611 1583 ergo
631 1547 712 1581 dicit,
734 1548 808 1584 quod
828 1548 917 1577 omnis
930 1548 998 1576 ordo
1012 1548 1095 1577 habet
1115 1549 1237 1585 primum

390 1595 417 1620 et
432 1592 560 1620 ultimum
573 1603 579 1625 ;
595 1601 692 1621 verum
707 1596 748 1622 est
761 1593 795 1622 de
809 1594 904 1622 ordine
925 1594 1052 1628 actuali,
1067 1602 1121 1622 non
1142 1595 1175 1623 de
1196 1603 1238 1623 or-

391 1637 454 1666 dine
471 1638 623 1674 potentiali
630 1649 640 1671 ;
660 1639 732 1667 sicut
753 1642 826 1675 patet
847 1640 874 1667 in
896 1640 1034 1674 numeris,
1056 1640 1104 1677 qui
1123 1640 1238 1673 infinita-

264 1689 378 1709 Notandum.
392 1686 447 1712 tem
468 1684 584 1718 habent,
600 1687 626 1713 et
641 1688 731 1713 tamen
747 1689 810 1713 sunt
828 1685 959 1719 ordinati;
981 1686 1083 1715 habent
1103 1687 1176 1715 enim
1196 1695 1239 1715 or-

390 1729 480 1758 dinem
502 1730 673 1766 possibilem‚
696 1731 766 1760 sicut
787 1735 814 1760 et
834 1732 1004 1760 infinitatem.

470 1777 495 1803 7.
518 1776 556 1804 Ad
576 1776 644 1804 illud
666 1777 739 1813 quod
760 1777 906 1805 obiicitur:
929 1780 977 1806 aut
998 1777 1048 1806 scit
1070 1778 1175 1806 infinita
1193 1786 1239 1806 no-

391 1821 433 1850 bis
454 1824 504 1850 etc.
518 1832 524 1855 ;
539 1821 685 1851 dicendum
695 1845 702 1856 ,
717 1823 791 1859 quod
805 1823 855 1851 scit
870 1823 976 1851 infinita
997 1824 1028 1851 in
1048 1832 1094 1857 se,
1112 1832 1166 1852 non
1181 1824 1238 1860 qui-

390 1867 452 1895 dem
474 1871 542 1896 actu
564 1868 686 1902 infinita,
708 1869 754 1898 sed
769 1870 960 1906 inpotenhm
981 1877 1052 1906 quae
1066 1873 1159 1898 autem
1174 1873 1238 1898 sunt

390 1914 417 1942 in
439 1915 560 1951 potentia
580 1919 644 1944 sunt
666 1918 729 1944 actu
750 1924 766 1944 a
786 1916 842 1944 Deo
863 1917 937 1944 scita.
960 1916 1035 1945 Unde
1056 1917 1176 1945 infinitas
1194 1925 1239 1953 po-

1293 348 1411 386 tentialis
1432 348 1459 376 in
1480 348 1595 384 cognitis
1623 348 1724 377 sufficit
1750 349 1784 377 ad
1811 349 1973 377 infinitatem
2000 351 2135 379 actualem

1292 393 1400 422 divinae
1428 394 1697 430 comprehensionis3
1719 395 1789 423 sicut
1809 402 1875 431 ergo
1896 395 2015 424 infinitas
2036 397 2067 424 m
2087 405 2136 433 po-

1294 440 1402 467 tentia³
1421 448 1475 468 non
1496 443 1631 476 repugnat
1652 440 1749 469 finitati
1770 441 1868 469 actuali
1890 441 1918 469 in
1939 445 2082 476 creatura,
2097 442 2135 471 sic

1293 493 1343 513 nec
1357 484 1477 514 infinitas
1491 486 1617 514 actualis
1631 486 1792 522 cognitionis
1805 486 1913 515 divinae
1927 491 2062 524 repugnat
2075 488 2136 516 fini-

1295 531 1343 559 tati
1364 535 1516 560 creaturae.
2038 543 2040 545 ’

1372 578 1397 605 8ῑ
1420 578 1457 606 Ad
1478 578 1545 606 illud
1572 578 1645 615 quod
1669 578 1815 607 obiicitur:
1837 581 1885 607 aut
1906 579 1956 607 scit
1976 579 2082 608 infinita
2108 579 2136 607 in

1294 631 1377 652 causa
1396 627 1466 657 etc.;
1488 624 1650 657 dicendum,
1665 624 1740 661 quod
1761 627 1880 661 utroque
1901 625 1989 653 modo.
2005 642 2043 646 —
2058 626 2089 654 Et
2109 626 2136 653 si

1294 669 1432 703 obiicias,
1454 670 1528 706 quod
1548 671 1576 699 in
1591 678 1673 699 causa
1688 674 1753 699 sunt
1768 679 1869 704 unum3
1885 679 1939 699 non
1954 672 2040 705 valet,
2055 671 2135 708 quia,

1294 715 1356 744 licet
1376 715 1411 744 sit
1431 724 1487 744 una
1506 724 1552 744 ars
1572 719 1599 744 et
1619 717 1754 753 potentia,
1776 721 1865 746 tamen
1887 717 1990 754 plures„
2006 721 2070 746 sunt
2096 726 2138 746 ra-

1294 762 1382 790 tiones
1396 770 1490 790 rerum
1506 763 1755 798 cognoscendarum
1764 764 1783 791 4.
1795 779 1833 783 —-
1845 764 1870 791 Si
1883 763 2013 797 obiicias,
2025 764 2099 800 quod
2108 764 2136 792 in

1295 808 1407 847 proprio
1428 815 1527 844 genere
1549 808 1602 836 sint
1622 809 1713 843 finita;
1729 817 1827 837 verum
1841 813 1882 838 est
1896 809 2047 838 secundum
2062 818 2136 843 esse,

1294 847 1506 890 quod‘liahent3
1528 854 1575 882 sed
1595 857 1685 883 tamen
1707 855 1858 883 secundum
1879 864 1953 888 esse,
1982 856 2055 892 quod
2078 863 2138 892 pos-

1294 904 1359 928 sunt
1380 900 1497 933 habere,
1519 903 1583 928 sunt
1604 901 1699 929 saltem
1720 901 1826 929 infinita
1846 902 1877 929 in
1894 901 2039 938 potencia,
2057 904 2084 930 et
2098 901 2137 930 sic

1293 946 1399 975 infinita
1419 955 1435 974 a
1455 946 1511 974 Deo
1532 946 1613 980 scita,
1635 947 1715 983 quia,
1735 950 1767 975 ut
1782 955 1861 983 saepe
1874 948 1978 976 dictum
1993 950 2050 981 est,
2065 955 2136 984 quae

1294 996 1358 1020 sunt
1379 993 1410 1020 in
1428 992 1556 1029 potentia
1577 995 1642 1021 sunt
1663 996 1731 1021 actu
1751 1001 1767 1021 a
1788 993 1844 1021 Deo
1864 994 1939 1022 scita.

1372 1039 1397 1066 9.
1419 1039 1456 1066 Ad
1478 1038 1545 1066 illud
1566 1039 1639 1075 quod
1660 1038 1806 1067 obiicitur:
1828 1040 1852 1067 A
1868 1043 1917 1068 aut
1930 1043 1971 1068 est
1985 1040 2074 1072 Deus,
2088 1042 2137 1067 aut

1292 1085 1367 1113 aliud
1387 1093 1403 1113 a
1423 1085 1479 1113 Deo
1499 1088 1569 1119 etc.;
1591 1085 1752 1119 dicendum,
1773 1085 1848 1122 quod
1867 1086 1972 1114 scitum
1986 1095 2006 1114 α
2020 1086 2078 1114 Deo
2091 1085 2255 1114 ali-Distinctio.

1293 1131 1403 1167 quando
1430 1132 1552 1160 nominat
1580 1132 1666 1168 ipsam
1694 1132 1836 1160 ratiomn.
1863 1132 2066 1169 coynoscmzdi,
2091 1132 2136 1160 ali-

1293 1178 1403 1214 quando
1424 1177 1514 1214 ipsum
1529 1178 1675 1214 coquit-um
1689 1181 1781 1206 extra.
1797 1178 1886 1206 Primo
1900 1178 1980 1206 modo
1995 1181 2035 1206 est
2049 1178 2135 1211 Deus,

1293 1224 1373 1260 quia,
1396 1227 1427 1252 ut
1447 1224 1512 1252 dicit
1527 1224 1669 1252 Anselnius
1683 1224 1710 1252 in
1725 1223 1912 1260 Monologi05,
1938 1235 1951 1249 «
1966 1226 2095 1252 creatura
2108 1223 2135 1251 in

1292 1270 1420 1298 Creatore
1441 1273 1482 1298 est
1503 1270 1625 1298 creatrix
1640 1270 1757 1298 essentia
1770 1280 1797 1297 ».
1813 1270 1937 1298 Secundo
1951 1273 2043 1298 autem
2057 1269 2138 1297 modo

1293 1319 1333 1344 est
1354 1316 1429 1344 aliud
1449 1324 1465 1344 a
1486 1316 1560 1350 Deo;
1583 1316 1629 1345 sed
1658 1320 1722 1345 tunc
1752 1324 1805 1344 non
1833 1316 1975 1352 sequitur,
2003 1316 2077 1352 quod
2105 1316 2139 1344 sit

1293 1362 1431 1391 infinitum
1451 1365 1531 1396 actu,
1553 1363 1618 1399 quia
1638 1362 1672 1390 ad
1693 1363 1760 1396 hoc,
1781 1362 1855 1399 quod
1876 1362 1982 1390 infinita
2002 1362 2056 1390 sint
2070 1365 2158 1399 actu*

1294 1409 1362 1437 scita
1382 1417 1398 1436 a
1418 1409 1490 1443 Deo,
1512 1417 1565 1437 non
1587 1412 1709 1445 oportet,
1738 1408 1812 1445 quod
1840 1408 1893 1437 sint
1921 1412 1989 1436 actu
2016 1408 2137 1442 infinita,

1294 1455 1340 1483 sed
1362 1455 1478 1489 sufficit,
1500 1455 1574 1492 quod
1595 1455 1649 1484 sint
1668 1455 1773 1483 infinita
1788 1455 1958 1492 inpotentia
1978 1455 2005 1483 in
2027 1455 2139 1491 proprio

1294 1509 1402 1538 genere.

1376 1549 1416 1576 10.
1439 1548 1477 1576 Ad
1498 1548 1659 1585 illud-quod
1680 1548 1827 1577 obiicitur:
1848 1551 1896 1576 aut
1917 1548 1940 1575 A
1964 1551 2005 1576 est
2025 1547 2139 1583 aequale

1294 1594 1349 1622 Deo
1370 1597 1440 1628 etc.;
1462 1594 1607 1622 dicendum
1629 1595 1780 1623 secundum
1808 1594 2008 1622 distinctionem
2035 1593 2139 1629 praedi-

1293 1643 1373 1673 ctam,
1394 1640 1468 1676 quod
1483 1640 1571 1676 primo
1585 1640 1665 1668 niodo
1679 1643 1720 1668 est
1734 1639 1805 1667 idem
1820 1639 1893 1675 quod
1911 1639 1999 1672 Deus;
2019 1639 2139 1667 secundo

1294 1686 1374 1714 niodo
1395 1689 1435 1714 est
1456 1685 1530 1713 aliud
1551 1694 1567 1713 a
1587 1685 1657 1719 Deo,
1680 1693 1730 1721 pro
1744 1693 1776 1713 eo
1790 1685 1879 1721 quod,
1903 1684 1964 1713 licet
1985 1684 2083 1713 habeat
2102 1684 2138 1712 in-

1294 1731 1426 1762 finitatem
1448 1732 1479 1759 in
1496 1732 1641 1768 potentia,
1670 1739 1724 1759 non
1751 1734 1841 1760 tamen
1869 1731 1951 1759 habet
1976 1731 2137 1759 infinitatem

1294 1777 1437 1806 actualem
1448 1788 1458 1811 ;
1478 1778 1552 1806 Deus
1572 1780 1664 1806 autem
1686 1778 1768 1806 hahet
1789 1777 1932 1806 actualem.

1377 1825 1418 1852 11.
1441 1824 1479 1852 Ad
1499 1824 1567 1852 illud
1588 1824 1661 1861 quod
1681 1824 1809 1852 obiicitur
1834 1823 1931 1852 ultimo
1958 1823 1991 1851 de
2018 1823 2139 1859 potentIa

1294 1870 1408 1899 faciendi
1430 1873 1458 1899 et-
1477 1870 1578 1899 sciendi
1599 1873 1626 1899 et
1646 1870 1680 1899 de
1700 1870 1767 1901 velle
1787 1870 1858 1898 sicut
1879 1872 1906 1898 et
1925 1868 2041 1906 facere,
2065 1872 2138 1905 patet

1293 1916 1434 1953 responsio
1456 1924 1491 1945 ex
1513 1917 1655 1953 principali
1678 1917 1843 1945 solutioness.

1156 2062 1317 2097 QUAESTIO
1341 2062 1368 2089 II.

602 2176 705 2204 Utrum
726 2177 801 2204 Deus
824 2185 868 2204 res
889 2180 1042 2213 cognoscat
1058 2185 1112 2213 per
1132 2177 1337 2205 simulitudine<
1360 2186 1478 2211 rerum,
1504 2186 1545 2211 cm
1562 2186 1616 2214 per
1637 2186 1741 2206 earum
1762 2177 1923 2205 essentiam.

472 2320 632 2356 supposito,
654 2320 727 2356 quod
749 2320 821 2349 Deus
842 2324 986 2357 cognoscat
1007 2320 1127 2354 infinita,
1156 2329 1236 2358 quae-

390 2366 477 2400 ritur,
500 2369 595 2395 utrum
621 2369 765 2403 cognoscat
792 2367 837 2395 illa
864 2375 934 2403 quae
960 2367 1096 2403 cognoscit
1125 2375 1173 2404 per
1200 2367 1237 2395 si-

390 2411 568 2440 militudines
599 2420 710 2446 rerum,
738 2421 772 2440 an
799 2421 848 2449 per
876 2421 971 2441 earum
1000 2413 1175 2442 essentiam⁷.
1204 2413 1236 2441 Et

393 2458 467 2495 quod
487 2467 536 2495 per
557 2459 779 2492 siwzz'lz'tudz'iws,
801 2459 927 2487 videtur:

474 2506 496 2532 l.
520 2504 609 2532 Primo
629 2505 791 2533 auctoritate
806 2505 971 2541 Scripturae.
988 2505 1093 2533 loannis
1107 2505 1196 2541 primo
1207 2506 1234 2533 ⁸:

251 2560 386 2579 Fundamenta.
394 2550 475 2586 Quod
496 2550 609 2587 factum
623 2554 664 2579 est
677 2551 708 2578 in
723 2551 784 2588 ipso
800 2552 858 2579 υίια
873 2555 952 2579 erac:
968 2560 1033 2588 ergo
1047 2552 1150 2582 omnia.
1165 2560 1236 2588 quae

1292 2321 1360 2349 facta
1382 2324 1462 2355 sunt,
1483 2321 1562 2358 prius
1582 2325 1660 2350 erant
1674 2321 1701 2349 in
1717 2322 1772 2350 Deo
1794 2323 1990 2357 cognoscente:
2012 2328 2078 2357 ergo
2092 2321 2136 2349 vel

1291 2375 1340 2403 per
1362 2367 1582 2401 similitudinem,
1605 2368 1647 2395 vel
1669 2375 1717 2404 per
1743 2367 1901 2399 veritatem;
1931 2366 1977 2395 sed
2005 2375 2059 2394 non
2087 2374 2136 2403 per

1292 2413 1450 2447 veritatem,
1479 2421 1543 2443 cum
1567 2413 1689 2442 nondum
1709 2413 1812 2450 aliquid
1833 2415 1919 2441 esset:
1941 2420 2007 2449 ergo
2028 2421 2076 2449 per
2104 2412 2137 2441 si-

1292 2459 1482 2488 militudinem.

1370 2507 1396 2534 2,
1418 2506 1499 2539 Item,
1521 2506 1689 2542 Augustinus
1711 2508 1789 2534 sexto
1813 2505 1846 2533 de
1875 2504 2027 2532 Trinitate⁰
2055 2504 2134 2537 dicit,

1291 2551 1364 2588 quod
1391 2552 1501 2580 «Filius
1521 2554 1562 2580 est
1582 2559 1628 2580 ars
1648 2552 1728 2588 plena
1748 2551 1871 2579 oninium
1892 2551 2030 2579 rationum
2046 2550 2137 2578 viven-

456 2743 463 2756 ¹
481 2744 513 2766 De
531 2746 573 2766 liae
596 2745 687 2767 Aristeu.
710 2745 808 2767 dictione
831 2747 871 2767 cfr.
893 2749 948 2768 tom.
965 2747 980 2767 l.
997 2752 1051 2773 pag.
1069 2746 1126 2773 343,
1144 2751 1195 2769 nota
1214 2747 1236 2769 5.

393 2794 423 2798 —
442 2783 552 2810 Superius
569 2787 621 2811 post
638 2783 700 2812 quod
717 2789 877 2813 quaecumque
893 2784 912 2806 D
930 2785 1022 2812 supplet
1038 2785 1109 2807 Deus.

455 2820 464 2833 ²
482 2822 563 2843 psalm.
582 2822 605 2843 61
618 2838 623 2848 ,
641 2822 678 2843 lss:
692 2822 766 2844 Semel
778 2822 867 2844 locutus
879 2825 913 2844 est
924 2823 997 2850 Deus,
1009 2823 1050 2845 cfr.
1062 2824 1077 2845 l.
1090 2824 1151 2846 Sent.
1163 2824 1186 2846 (1.
1198 2824 1237 2846 27.

394 2866 416 2886 p.
434 2860 456 2881 ll.
474 2866 497 2888 (1.
515 2861 536 2882 2.
554 2860 672 2887 explicatio
691 2861 758 2883 liuius
774 2860 848 2883 verbi.

457 2896 465 2909 ³
483 2899 528 2920 ΒΗ
547 2898 649 2927 infinitas
665 2898 808 2927 potentialis.

455 2936 464 2948 ⁴
484 2937 542 2958 Vide
559 2937 614 2958 infra
633 2944 656 2965 q.
674 2938 695 2959 3.

455 2974 463 2986 ⁵
480 2975 536 3003 Cap.
554 2975 591 2997 34.
613 2980 632 2997 et
658 2976 694 2998 36.
718 2976 793 2998 Vei-ha
816 2977 869 2999 vide
892 2980 947 2999 tom.
965 2977 979 2999 l.
996 2983 1051 3005 pag.
1069 2977 1126 3004 623,
1144 2981 1196 3000 nota
1215 2979 1236 3000 3.

393 3026 423 3030 -
441 3014 462 3035 ln
480 3014 525 3035 fine
542 3014 609 3035 solut.
627 3014 704 3036 verbis
721 3014 745 3036 in
759 3014 858 3043 proprio
876 3020 960 3044 yenere
976 3015 993 3037 Β
1011 3015 1135 3042 praemittit
1153 3015 1195 3038 cel.

1354 2745 1363 2758 ⁶
1380 2746 1425 2769 Csr.
1443 2747 1457 2768 l.
1476 2747 1536 2768 Sent.
1554 2746 1577 2768 d.
1595 2746 1632 2768 45.
1648 2752 1669 2768 a.
1691 2747 1708 2768 l.
1725 2752 1748 2774 q.
1766 2746 1787 2767 2.
1805 2746 1825 2767 in
1843 2745 1897 2766 fine.

1355 2783 1363 2796 ⁷
1382 2785 1414 2806 De
1432 2786 1474 2806 liae
1491 2786 1579 2813 quaest.
1596 2785 1638 2806 etr.
1654 2785 1669 2806 l.
1687 2785 1747 2806 Sent.
1765 2784 1787 2805 d.
1805 2783 1841 2805 35.
1859 2789 1881 2811 q.
1903 2783 1921 2805 l.
1937 2794 1968 2799 -
1985 2783 2028 2804 Pro
2049 2788 2133 2805 earum

1293 2823 1417 2846 essentiam
1434 2824 1453 2845 D
1470 2823 1533 2852 ipsas
1550 2822 1674 2850 essentias,
1691 2823 1707 2845 F
1724 2828 1807 2845 earum
1818 2821 1942 2849 essentias,
1959 2821 1975 2844 C
1989 2822 2044 2843 falso
2061 2827 2134 2843 essen-

1294 2862 1349 2884 tiam
1366 2867 1445 2884 snam.

1356 2897 1364 2910 Β
1382 2900 1447 2921 Vei-s.
1465 2901 1486 2921 3.
1503 2906 1552 2928 seq.
1569 2912 1599 2916 —
1621 2900 1715 2922 lnserius
1736 2905 1779 2927 pro
1801 2897 1891 2928 aliquid
1912 2899 1972 2921 esset
1992 2898 2044 2920 cod.
2060 2898 2076 2919 F
2093 2897 2134 2919 ali-

1294 2938 1350 2968 quid
1366 2940 1448 2961 essent.

1356 2975 1365 2988 ⁹
1382 2976 1437 3004 Cap.
1460 2977 1492 2998 10.
1510 2984 1531 2999 n.
1553 2977 1586 2999 11.
1602 2989 1633 2994 -
1649 2977 1743 2999 Inferius
1760 2975 1854 2999 ABCF
1871 2976 1978 2998 omittunt
1994 2976 2022 2998 et.
