2285 3398
48 512 178 532 Conni-matur.

47 1349 75 1368 De
83 1349 174 1369 necundo.

45 1771 176 1791 conflantur.

711 196 751 223 1)Ιί
775 195 995 223 vlint-‘Ett'l'toNti
1019 194 1217 223 Et'ANtat-ttatxt
1240 195 1373 231 QtJAtis't'.
1399 196 1414 223 Ι.

186 277 213 302 et
236 276 353 307 rect1un3
376 281 424 301 ner
447 276 520 301 recte*
542 282 570 300 st*
603 273 691 309 ipsum
725 273 862 309 cognoscit
883 273 929 309 qui
952 282 1029 301 suam

188 320 274 356 ipsius
297 320 459 348 nihilitatem
481 328 534 348 non
550 320 677 353 attcnilit3
696 329 762 348 nuni
778 320 829 357 qm?
842 328 870 347 se
885 319 1030 347 raris-limat

189 366 303 404 aliquid
333 375 407 398 ess-(¹,
436 376 503 395 cisni.
537 366 608 394 nilis!
628 367 681 399 sil,
710 367 767 403 ipse
798 376 826 392 se
856 366 977 399 serlum,
1003 369 1031 393 ut

188 413 253 441 dicit
276 414 419 449 Apostolus
441 413 473 441 ad
495 414 602 441 (inlatas
625 414 758 446 nltiino¹;
774 413 815 441 sui
838 416 928 441 autom
951 413 1031 440 nihil-

189 460 281 487 itatem
304 468 483 495 cognoscere,
508 461 557 488 hon·
580 464 620 488 ost
642 470 670 488 si·
694 461 781 497 ipsum
810 459 968 488 humiliare:
991 463 1032 487 cst

188 515 254 543 ergo
277 506 417 541 humilitas
438 507 544 534 ‹ts-liunt
565 507 732 543 sapienciae.
748 523 782 526 —
795 507 824 534 tit
841 507 891 534 hoc
906 506 970 534 dicit
986 507 1031 534 Sa—

190 553 266 589 piens
296 553 507 581 l‘rovcrhiorum
541 553 699 581 unilt-rimo:
732 553 783 580 libr?
805 552 970 585 lntmtnjms,
993 553 1033 580 ibi

189 603 213 627 et
233 599 396 635 awtpz‘enli'as
419 600 469 628 hoc
492 604 532 628 est
553 600 633 627 etium
656 599 727 635 quod
743 599 808 627 dicit
825 599 881 635 ipsa
896 599 1029 635 Sapientia

190 646 316 673 Matthaei
334 646 492 673 undecimo:
517 646 655 673 [revelat-n?
669 654 700 673 aa
715 645 851 682 purvulas·
866 648 933 677 ot‹·.;
949 654 1032 681 super

190 700 245 728 quo
268 692 438 727 llornardns,
453 693 485 720 di·
500 693 636 720 (iradihus
652 692 813 720 humilitatis
826 693 850 720 2;
879 705 890 716 α
903 693 1032 729 apparet,

189 739 262 775 quod
285 740 400 773 veritas,
423 749 493 776 quar
515 739 641 775 superbis
662 740 854 773 ahsromlitur,
882 739 1033 767 humilibus

189 786 336 813 revelatur.
371 787 414 814 list
445 789 536 813 autem
570 786 709 813 humilitas
742 787 845 819 virtus,
875 795 930 823 qua
952 787 1033 814 homo

190 840 253 860 vera
286 832 437 867 cognition«¹
462 833 510 860 ..sui
541 832 597 868 ips<¹
626 833 675 862 sihi
709 833 826 865 viles‹·it;
859 833 908 860 hor
940 836 1032 860 autom

189 879 316 906 convenit
338 879 379 906 his
401 879 465 916 qui,
487 880 693 908 ascensionibus
716 880 740 907 in
767 880 848 907 corde
880 879 1033 915 dispositis,

188 925 221 953 dc
252 925 339 961 gradu
368 926 394 953 in
423 926 539 962 gradum
572 926 735 962 proliciunt,
758 926 843 954 donec
875 926 900 953 in
923 926 1032 953 culmen

188 972 351 1000 humilitatis
373 973 553 1008 perveniunt,
576 973 601 1000 in
625 981 680 1009 quo
706 973 780 1001 velut
809 972 835 1000 in
862 972 923 999 Sion
954 972 1032 1007 positi

188 1018 332 1047 veritatem
354 1020 564 1056 prospiciunt».
589 1020 618 1047 tit
640 1020 721 1055 paulo
748 1022 819 1055 post:
847 1018 921 1054 «Qui
955 1017 1033 1046 iussit

188 1064 370 1093 humilitatem
394 1066 519 1102 perducit
550 1065 583 1093 ad
616 1065 757 1093 veritatem
771 1076 796 1096 n:
820 1064 891 1092 unde
912 1067 939 1091 et
961 1064 1032 1091 scala

189 1111 266 1139 lacoh
292 1123 305 1135 «
317 1112 382 1147 quid
405 1112 483 1139 nohis
503 1111 576 1139 aliud
593 1111 697 1144 innuit,
713 1111 763 1139 nisi
779 1110 851 1147 quod
868 1110 893 1137 in
913 1109 1032 1137 culmine

188 1157 351 1185 hunulitatis
369 1158 492 1185 consistit
507 1157 625 1193 cognitio
640 1157 783 1185 veritatis»
790 1159 800 1184 ¹?
816 1156 846 1183 tit
862 1155 943 1191 paulo
958 1158 1030 1191 post:

192 1214 205 1226 «
218 1202 287 1230 Bona
310 1203 353 1230 via
375 1203 549 1236 humilitatis,
572 1211 627 1239 qua
643 1203 742 1231 veritas
758 1202 912 1238 reperitur,
932 1201 1032 1230 caritas

186 1249 353 1286 acquiritur,
376 1250 564 1285 generationes
585 1249 732 1285 sapientiae
754 1248 990 1285 participantur».

264 1296 311 1324 -Est
333 1296 414 1324 etiam
435 1296 661 1333 fimdamenntm
676 1290 811 1323 iustitiae.
828 1295 893 1323 Nam
912 1295 1031 1324 iustitiae

187 1346 228 1371 est
254 1343 393 1371 «reddere
415 1343 565 1380 unicuique
586 1342 659 1379 quod
680 1350 761 1371 suum
778 1342 879 1376 est³»‚
902 1345 956 1370 tam
976 1342 1032 1370 Deo

187 1398 270 1426 quam
296 1390 345 1418 sibi
375 1398 459 1426 quam
487 1389 623 1426 proximo.
647 1389 702 1418 Deo
723 1392 814 1417 autem
843 1389 1031 1426 principaliter

185 1436 301 1465 debetur
328 1429 416 1465 honor
437 1439 463 1465 et
485 1436 654 1469 reverentia;
676 1439 703 1464 et
723 1435 756 1464 ad
778 1436 829 1464 hoc
861 1435 1031 1464 reddendum

185 1483 333 1519 praecipue
353 1483 472 1519 disponit
494 1482 650 1516 humilitas,
672 1482 825 1511 secundum
851 1482 919 1511 illud
941 1483 1031 1511 Eccle-

185 1529 284 1558 siastici
308 1530 424 1558 tertio4:
448 1530 543 1565 Quam
573 1537 684 1566 magna
713 1529 840 1566 potentia
869 1530 920 1557 Dei
939 1530 1031 1558 solius

184 1580 208 1604 ec
229 1576 265 1604 ab
288 1575 446 1604 humilibus
467 1575 638 1614 honoratur.
661 1576 795 1612 Quoniam
827 1585 893 1613 ergo
921 1576 1030 1605 initium

184 1624 267 1653 totius
288 1624 407 1653 iustitiae
428 1627 469 1653 est
490 1625 582 1653 cultus
614 1627 640 1653 et
672 1625 761 1653 honor
782 1624 907 1659 divinus,
929 1628 956 1653 et
986 1625 1029 1653 hic

183 1671 333 1700 exhibetur
358 1671 414 1700 Deo
435 1671 469 1699 ab
490 1671 655 1705 humilibus;
678 1671 741 1699 hinc
769 1674 822 1704 est,
843 1671 917 1708 quod
946 1671 1030 1699 totius

185 1718 304 1746 iustitiae
320 1717 399 1746 radix
415 1720 442 1746 et
456 1717 666 1753 fundamentum
681 1720 722 1746 est
737 1717 886 1746 humilitas.
903 1734 938 1738 -
954 1717 1029 1746 Unde

184 1769 268 1801 super
289 1764 357 1793 illud
378 1764 505 1793 Matthaei
527 1764 646 1793 terti0⁵:
670 1764 717 1792 Sic
738 1764 813 1792 (Iec'et
829 1773 879 1792 nos
894 1764 1028 1801 implere,-

184 1811 291 1840 Glossa:
319 1811 369 1839 «id
384 1814 438 1845 est,
453 1818 561 1839 omnem
577 1811 775 1845 humilitatem,
797 1819 868 1848 quae
882 1814 923 1840 est
940 1811 1029 1839 omnis

183 1858 324 1886 iustitia».
341 1858 372 1886 Et
386 1857 535 1894 Gregorius
549 1857 576 1885 in
591 1857 705 1886 llomilia
716 1857 742 1885 ⁶:
763 1870 776 1882 «
787 1858 815 1892 ln
830 1858 941 1891 ceteris,
957 1865 1028 1895 quae

181 1904 275 1941 agitis,
298 1903 417 1932 radicem
439 1904 525 1932 bonae
546 1904 712 1941 operationis
727 1904 910 1933 humilitatem
929 1907 1027 1933 tenete.

181 1951 248 1980 Nam
270 1951 319 1980 etsi
341 1950 480 1988 quaelibet
500 1951 590 1980 adsint
617 1959 716 1988 opera,
738 1951 814 1980 nulla
834 1954 925 1980 tamen
947 1954 1027 1986 sunt,

1880 198 1927 224 121

1088 272 1137 300 nisi
1160 281 1194 300 cx
1219 273 1371 301 humilitati·
1398 274 1573 307 rondiantum
1597 274 1720 302 miranda
1741 274 1842 310 quippo
1863 274 1933 301 actio

1087 328 1150 347 cuin
1172 319 1288 347 clatione
1311 328 1362 347 non
1385 321 1485 354 vtvvat,
1507 321 1552 348 sod
1575 325 1678 357 gravat.
1708 322 1758 357 Qui
1781 321 1852 349 enim
1875 321 1932 348 sine

1089 366 1241 394 munituna·
1276 367 1391 394 virtutos
1422 371 1568 403 congregat
1601 368 1625 395 in
1655 371 1765 396 ventum
1789 368 1929 404 pulvereni

1088 416 1193 450 portat;
1215 416 1242 440 ct
1265 413 1335 440 nuth.¹
1368 414 1459 441 vidore
1485 414 1624 447 cernitur,
1653 415 1713 442 inde
1740 414 1862 442 deterius
1883 422 1933 441 cx-

1087 463 1251 487 caecatur».
1278 460 1366 487 ldoin':
1394 461 1516 488 «Totum
1540 461 1635 488 ruinae
1658 461 1771 494 cresi-it,
1794 460 1866 497 quod
1888 468 1932 488 :ic-

1087 506 1195 539 iliticas,
1218 506 1238 533 si
1271 509 1334 533 ante
1363 506 1461 533 moloni
1495 507 1611 534 t'ahricm¹
1642 507 1803 535 humilitatis
1837 506 1931 535 t'unda-

1089 556 1177 581 nwnta
1202 561 1254 580 non
1278 561 1450 589 procuras».

1168 599 1211 627 Est
1232 599 1410 627 nihilominus
1432 598 1631 627 ltctlu'tctcuhtm
1645 600 1768 636 yralizw.
1786 601 1850 628 N'zun
1867 608 1929 637 gra-
1945 605 1971 624 Do
1986 605 2050 624 tertio-

1089 646 1125 674 tia
1147 646 1209 674 t'arit
1231 646 1369 674 hominem
1393 646 1447 674 [leo
1462 649 1587 682 gratuitu
1603 650 1699 682 gratus
1713 650 1804 675 autem
1820 650 1861 675 est
1878 648 1932 674 Deo

1088 693 1134 730 qui
1157 693 1294 729 cognoscit
1315 693 1422 721 divinae
1447 693 1611 729 dignationis
1641 697 1668 721 ct
1696 694 1931 723 condescensionis

1087 739 1206 772 donum;
1229 740 1322 767 nullus
1343 742 1435 767 autem
1458 740 1507 767 hor
1530 740 1668 776 cognoscit
1690 740 1739 768 nisi
1762 741 1929 776 circumspe-

1089 789 1147 813 rtor
1169 794 1234 813 suae
1257 786 1438 822 indignitatis3
1461 789 1487 814 et
1510 786 1570 814 talis
1600 789 1641 814 est
1674 795 1737 815 vere
1761 787 1883 815 humilis:
1906 790 1932 814 ct

1090 833 1152 860 hinc
1174 835 1227 865 est,
1249 832 1322 869 quod
1344 833 1431 869 gratia
1453 833 1571 869 Spiritus
1593 833 1677 861 sancti
1694 842 1777 870 super
1793 834 1864 861 solos
1878 831 1932 861 hu-

1089 879 1166 908 miles
1182 879 1336 916 requiescit.
1351 896 1386 900 -—
1399 879 1472 908 Unde
1489 880 1570 908 isaiae
1585 880 1681 908 ultimo
1693 880 1718 907 ⁷:
1740 880 1832 917 Super
1847 885 2072 918 tsitmizeonssrrnatur-

1090 927 1239 964 requiesci(
1261 926 1389 963 Spiritus
1409 935 1489 954 viteus
1510 927 1570 955 nis-t
1589 936 1678 963 snper
1700 926 1836 955 lumzaesslem
1858 930 1928 961 etc.;

1090 974 1270 1009 Migilstiiuls,
1294 974 1363 1001 lihro
1385 974 1465 1001 tertio
1479 974 1512 1002 de
1535 974 1661 1002 Doctrina
1680 974 1843 1002 ctiristtana:
1871 986 1882 998 «
1896 974 1932 1002 td

1091 1019 1139 1046 hor
1173 1022 1282 1054 pvrcata
1314 1028 1477 1056 magnorum
1510 1020 1632 1048 virorum
1665 1021 1766 1057 scripta
1797 1024 1879 1054 sunt,
1901 1024 1932 1048 ut

1088 1065 1233 1100 apostolica
1267 1066 1312 1093 illa
1340 1066 1472 1094 svntentta
1505 1066 1608 1102 ubique
1630 1067 1750 1095 timenda
1778 1067 1830 1095 sit.-
1855 1068 1932 1102 Qua-

1086 1114 1205 1146 propter
1226 1111 1277 1147 qm?
1296 1112 1411 1139 vastetur
1431 1116 1510 1139 sture
1530 1112 1638 1144 videat,
1673 1122 1705 1140 ne
1726 1113 1820 1140 cadat.
1855 1114 1933 1141 Nulla

1088 1157 1160 1184 enim
1184 1157 1281 1193 pagina
1307 1161 1465 1185 sanctorum
1489 1158 1631 1186 'librorum
1653 1162 1710 1191 est,
1739 1159 1765 1186 in
1792 1167 1847 1195 qua
1877 1168 1930 1187 non

1087 1207 1177 1231 sonet:
1201 1204 1277 1231 Dens
1297 1204 1431 1240 superbis
1454 1204 1573 1237 rests-cit,
1596 1204 1754 1232 humilibus·
1770 1209 1867 1233 autem
1881 1206 1933 1233 (ἰαί

1086 1250 1215 1287 qratiam
1230 1262 1255 1277 ».
1279 1266 1314 1270 —
1337 1250 1406 1286 Quia
1427 1258 1492 1286 ergo
1515 1250 1654 1278 humilitas
1680 1254 1720 1279 est
1742 1251 1930 1279 habitaculum
1940 1256 2075 1275 Corollarium.

1087 1296 1207 1333 gratiae,
1230 1296 1292 1324 hinc
1314 1299 1371 1329 est,
1393 1296 1466 1333 quod
1489 1296 1515 1324 in
1538 1296 1596 1333 ipsa
1610 1297 1734 1325 consistit
1755 1306 1872 1326 summa
1894 1302 1933 1326 to-

1088 1342 1146 1371 tius
1164 1341 1349 1379 perfectionis
1370 1342 1559 1380 evangelicae.
1583 1343 1612 1371 Et
1634 1344 1686 1372 hoc
1707 1347 1748 1372 est
1769 1344 1843 1381 quod
1867 1344 1932 1373 dicit

1088 1389 1256 1426 Augustinus
1277 1389 1310 1417 ad
1331 1389 1526 1418 Dioscorumfl:
1553 1390 1635 1419 «Non
1656 1390 1737 1419 aliam
1759 1391 1807 1419 tibi
1835 1391 1869 1419 ad
1890 1399 1933 1420 ca-

1087 1436 1248 1473 pessendam
1269 1440 1296 1465 et
1317 1436 1492 1466 obtinendam
1526 1437 1669 1466 veritatem
1702 1438 1773 1466 viam
1795 1439 1932 1474 invenias,

1087 1491 1171 1521 quam
1193 1491 1264 1520 quae
1285 1483 1395 1512 inventa
1415 1487 1456 1512 est
1477 1484 1511 1512 ah
1525 1484 1579 1522 ,illo
1593 1485 1641 1521 qui
1656 1492 1803 1522 gressuum
1826 1489 1932 1514 nostro-

1087 1539 1151 1559 rum
1168 1534 1313 1567 ·tanquam
1344 1531 1418 1559 Deus
1446 1531 1519 1559 videt
1550 1531 1746 1560 infirmitatem.
1771 1532 1815 1560 Est
1839 1535 1931 1561 autem

1086 1577 1181 1613 prima*
1197 1577 1353 1611 humilitas,
1375 1577 1495 1606 secunda
1511 1578 1666 1617 humilitas,
1683 1578 1763 1607 tertia
1778 1579 1932 1613 humilitas;

1086 1626 1112 1652 et
1133 1624 1241 1660 quoties
1263 1624 1463 1661 interrogares,
1486 1625 1537 1653 hoc
1558 1624 1694 1659 dicerem,
1716 1634 1771 1653 non
1786 1626 1858 1662 quod
1881 1626 1934 1655 alia

1085 1673 1231 1707 praecepta
1252 1679 1305 1699 non
1321 1671 1387 1704 sint,
1402 1679 1473 1707 quae
1495 1671 1638 1706 dicantur,
1661 1671 1708 1700 sed
1723 1672 1775 1700 nisi
1791 1672 1934 1701 humilitas

1084 1717 1187 1750 onmia,
1202 1725 1395 1754 quaecumque
1416 1717 1485 1746 bene
1507 1718 1639 1752 facimus,
1660 1721 1686 1746 et
1710 1719 1891 1754 praecesserit
1906 1722 1933 1748 et

1083 1763 1211 1792 comitata
1232 1766 1258 1792 et
1279 1767 1374 1792 secuta
1390 1763 1491 1798 suerit,
1513 1767 1540 1792 et
1555 1764 1710 1801 proposita,
1731 1773 1815 1802 qnam
1841 1765 1931 1794 intue-

1083 1818 1180 1844 amur,
1194 1812 1222 1839 et
1235 1810 1375 1847 apposita,
1390 1810 1434 1839 cui
1449 1810 1650 1840 adhaereamus
1671 1814 1698 1840 et
1719 1811 1859 1848 imposita,
1875 1820 1931 1849 qua

1084 1857 1286 1894 reprimamur;
1309 1857 1362 1886 iam
1393 1857 1472 1886 nobis
1502 1858 1536 1887 de
1563 1858 1656 1895 aliquo
1677 1858 1749 1887 bono
1770 1858 1843 1887 facto
1864 1867 1931 1896 gau-

1083 1904 1211 1933 dentibus
1233 1907 1321 1933 totum
1343 1908 1493 1942 extorquet
1507 1905 1541 1934 de
1557 1913 1640 1934 manu
1663 1905 1800 1942 superbia.
1824 1906 1930 1943 ltaque,

1085 1951 1106 1981 si
1129 1951 1314 1989 interrogares
1334 1954 1362 1980 et
1382 1952 1490 1989 quoties
1510 1952 1697 1990 interrogares
1724 1952 1932 1990 depraeceptis

245 2116 252 2129 ¹
272 2117 337 2139 Vei-s.
355 2117 380 2139 3:
399 2116 455 2138 Nam
474 2116 491 2138 si
509 2117 561 2145 quis
578 2116 691 2139 existimat
719 2123 743 2139 se
760 2117 847 2147 aliquid
863 2120 906 2140 etc.
925 2130 956 2135 —
973 2119 1026 2147 Seq.

182 2157 246 2180 locus
268 2160 302 2179 est
323 2157 391 2178 Prov.
411 2156 449 2183 li,
473 2156 499 2178 2:
522 2155 563 2178 Ubi
584 2158 661 2178 autem
678 2159 713 2179 est
736 2156 852 2180 humilitas
868 2160 924 2185 et(·.;
948 2157 1027 2180 tertius

181 2197 258 2219 Matth.
279 2196 316 2223 lt,
331 2195 369 2218 25.

243 2234 252 2247 ²
269 2235 326 2263 Cap.
344 2235 364 2257 l.
382 2241 404 2257 n.
425 2235 443 2256 t.
462 2239 523 2262 seq.:
541 2234 567 2255 Et
584 2233 606 2256 in
618 2234 662 2256 hoc
679 2238 798 2263 apparet...
809 2236 932 2258 revelatur.
949 2235 1026 2258 Humi-

181 2274 248 2297 litatis
264 2280 321 2296 vero
338 2274 387 2296 talis
405 2276 480 2301 potest
496 2278 546 2294 esse
562 2272 678 2295 definitio:
696 2274 811 2296 humilitas
828 2277 862 2297 est
877 2274 962 2302 virtus,
979 2280 1025 2303 qna

181 2314 251 2336 homo
268 2313 388 2335 verissima
405 2312 439 2334 sni
452 2311 568 2340 agnitione
585 2310 628 2333 sibi
646 2312 688 2340 ipsi
700 2313 795 2336 vilescit.
807 2313 868 2336 Haec
884 2315 961 2335 autem
973 2319 1025 2335 con-

180 2353 244 2375 venit
261 2353 319 2375 his...
336 2352 359 2374 in
376 2351 446 2374 corde
463 2357 505 2373 suo
522 2350 638 2378 dispositis
654 2350 703 2381 [Ps.
720 2352 761 2379 83,
778 2352 822 2381 6.},
843 2351 871 2375 de
890 2351 978 2375 virtute
1000 2352 1025 2375 in

179 2391 290 2415 virtutem
308 2391 356 2421 [ΡΞ.
374 2391 415 2418 83,
433 2390 478 2420 8.],
496 2390 519 2412 id
535 2392 569 2412 est
586 2389 616 2411 de
632 2390 731 2417 gradu...
743 2388 817 2413 donec
835 2391 864 2414 ad
881 2392 972 2414 culmen
985 2392 1025 2414 hu-

179 2431 279 2454 militatis
295 2430 445 2459 perveniant,
462 2430 485 2451 in
502 2435 549 2457 quo
572 2429 635 2451 vetut
651 2429 674 2451 in
696 2430 763 2457 Sion,
781 2430 804 2452 id
826 2433 860 2452 est
883 2430 906 2452 in
922 2431 1025 2458 specula-

180 2471 253 2498 tione,
278 2470 346 2499 positi
373 2466 492 2491 veritatem
518 2468 683 2496 prospiciant...
707 2469 750 2498 Qui
781 2469 845 2492 iussit
873 2470 1023 2492 humilitatem

180 2510 291 2538 perducet
307 2509 337 2532 ad
354 2508 481 2531 veritatem.
499 2507 554 2529 lbid.
572 2513 592 2529 c.
610 2508 632 2530 2.
649 2513 673 2530 n.
690 2508 714 2530 3:
732 2508 789 2531 illud
800 2514 907 2538 quoque,
924 2509 989 2538 quod
1000 2509 1024 2532 in

179 2548 240 2570 scala
258 2548 306 2574 illa,
323 2553 383 2576 quae
401 2547 422 2568 in
440 2549 495 2574 typo
513 2545 645 2568 humilitatis
659 2543 729 2569 iamt)
741 2549 865 2569 monstrata
882 2550 928 2574 est,
945 2547 1024 2570 Domi-

178 2593 223 2610 nus
240 2587 341 2614 desuper
358 2585 447 2607 innixus
463 2584 570 2612 apparuit
587 2583 652 2613 [Gen.
669 2586 710 2612 28,
731 2586 765 2608 12.
781 2585 853 2615 seq.],
865 2585 921 2614 quid
932 2586 1024 2610 nobis...

177 2625 312 2649 humilitatis
329 2624 473 2647 constituitur
494 2623 596 2651 cognitio
613 2624 731 2647 veritatis?
753 2624 810 2648 lbid.
826 2632 848 2648 n.
865 2625 891 2647 5:
913 2625 976 2648 Bona
994 2629 1023 2648 ta-

180 2672 234 2689 men
250 2665 287 2687 via
305 2664 449 2691 humilitatis,
466 2669 512 2692 qua
530 2664 614 2686 veritas
632 2663 765 2693 inquiritur,
782 2664 864 2687 caritas
880 2668 924 2688 etc.

240 2702 250 2717 ⁸
266 2704 299 2727 De
316 2705 359 2726 hac
371 2702 504 2725 definitione
516 2702 613 2725 iustitiae
629 2704 670 2726 etr.
682 2706 738 2726 tom.
755 2704 787 2726 itt.
800 2709 854 2732 pag.
865 2703 923 2732 728,
936 2707 988 2727 nota
1001 2706 1023 2728 i.

178 2744 258 2766 Glossa
274 2741 399 2766 ordinaria
415 2741 479 2770 apud
497 2741 605 2764 strabum
619 2742 641 2764 in
658 2742 735 2765 Matth.
752 2742 779 2770 5,
796 2743 821 2764 6:
840 2743 923 2766 lustitia
935 2746 970 2766 est
981 2750 1022 2767 sua

141 2805 143 2807 ,
178 2783 263 2812 cuique
280 2781 392 2808 tribuere,
409 2780 452 2803 sibi
470 2783 492 2803 et
510 2781 620 2808 proximis
636 2784 659 2804 et
675 2781 731 2804 Deo.

239 2820 250 2834 ⁴
267 2822 333 2844 Vers.
350 2821 392 2843 2¹:
410 2819 524 2849 Quoniam
541 2825 625 2848 magna
643 2823 686 2843 etc.

240 2858 250 2872 ⁵
267 2860 333 2882 Vers.
352 2859 393 2881 45:
412 2858 448 2880 Sic
465 2858 527 2880 enim
545 2858 611 2881 decet
627 2862 670 2882 etc.
689 2871 721 2877 —-
740 2860 819 2883 Gtossa
841 2863 876 2883 est
897 2860 1022 2884 ordinaria

179 2899 243 2928 apud
264 2900 389 2928 Lyranum.
409 2897 456 2920 Ct'r.
478 2897 587 2931 August..
610 2898 684 2921 Serm.
706 2898 759 2922 292.
781 2898 845 2928 (alias
862 2899 900 2922 23.
922 2899 951 2922 de
969 2900 1022 2922 San-

178 2937 229 2967 ctis)
246 2944 267 2961 c.
284 2937 305 2961 4.
322 2945 345 2961 n.
362 2937 388 2964 41
406 2935 531 2963 Bernard.,
549 2936 622 2959 Serm.
640 2937 662 2959 in
680 2937 766 2960 octava
782 2937 895 2966 Epiphan.
912 2944 936 2961 n.
953 2938 975 2961 4.

239 2975 249 2989 ⁶
266 2976 328 2999 Libr.
345 2977 360 2999 Ι.
377 2976 460 2999 Homit.
473 2975 499 2999 xin
522 2975 611 3003 evang.
628 2976 706 2999 homil.
728 2975 751 2999 7.
768 2983 789 2999 n.
808 2976 829 2999 4.
852 2977 937 2999 Textus
953 2977 1023 3005 origi—

279 3023 306 3048 S.
322 3023 413 3047 Bonav.
427 3034 459 3039 —
476 3021 545 3044 Tom.
562 3021 591 3044 V.

1082 2117 1139 2140 natis
1156 2117 1255 2145 primam
1278 2123 1373 2145 propos.
1395 2117 1438 2145 (In
1458 2116 1564 2140 ceteris...
1585 2118 1669 2145 tenete)
1692 2120 1717 2140 ut
1734 2118 1838 2140 ultimam
1861 2118 1930 2147 (post

1081 2157 1234 2184 excaecatum
1256 2155 1347 2178 exhibet
1363 2156 1408 2178 sic:
1427 2156 1472 2179 Sed
1488 2156 1530 2179 etsi
1546 2156 1666 2190 quaelibet
1680 2156 1740 2179 bona
1758 2157 1856 2180 adsint...
1877 2163 1930 2180 con-

1081 2197 1174 2223 gregat,
1201 2195 1222 2217 iu
1247 2197 1342 2218 ventum
1365 2196 1485 2223 pulverem
1509 2198 1596 2224 portat;
1619 2198 1641 2218 et
1666 2196 1728 2219 unde
1750 2196 1842 2226 aliquid
1865 2196 1930 2226 ferre

1079 2234 1192 2261 cernitur,
1210 2233 1262 2256 inde
1284 2234 1385 2257 deterius
1401 2237 1516 2258 caecatur.
1533 2235 1555 2257 ln
1573 2234 1664 2258 cunctz‘s
1681 2240 1752 2262 ergo,
1769 2240 1830 2263 quae
1847 2235 1927 2262 agiu's,

1082 2275 1161 2296 tratres
1183 2273 1241 2301 mei,
1263 2273 1366 2296 radicem
1388 2276 1432 2297 etc.
1450 2286 1482 2291 —
1500 2274 1575 2297 Codd.
1596 2275 1697 2302 allegant
1714 2274 1753 2297 lib.
1776 2275 1867 2298 XXVI.
1892 2275 1928 2297 vet

1080 2313 1183 2336 XXVII.
1199 2313 1342 2342 Moralium,
1362 2313 1404 2337 sed
1415 2320 1550 2342 perperam,
1562 2314 1630 2336 etiam
1643 2314 1661 2336 si
1673 2315 1797 2336 referretur
1809 2314 1838 2336 ad
1851 2314 1927 2336 locum

1080 2358 1142 2381 seq.,
1158 2358 1229 2381 quem
1246 2353 1343 2381 Gregor.
1360 2354 1447 2381 profert
1458 2353 1565 2376 XXXIV.
1582 2353 1660 2376 Moral.
1671 2359 1691 2375 c.
1709 2353 1746 2375 23.
1762 2359 1785 2375 n.
1802 2353 1827 2375 51
1838 2362 1843 2380 ;
1856 2353 1927 2375 verba

1080 2391 1135 2414 vide
1151 2394 1207 2414 tom.
1224 2392 1261 2414 lV.
1278 2398 1332 2420 pag.
1349 2391 1407 2419 582,
1425 2395 1479 2414 nota
1497 2391 1520 2414 7.

1143 2429 1152 2443 ⁷
1170 2431 1236 2454 Vers.
1253 2432 1282 2454 2:
1299 2431 1334 2453 Ad
1350 2437 1421 2460 quem
1438 2433 1515 2453 autem
1532 2431 1666 2459 respiciam,
1684 2430 1727 2453 nisi
1745 2430 1775 2453 ad
1796 2436 1926 2458 paupercu-

1080 2470 1128 2492 lum
1139 2473 1162 2492 et
1173 2470 1297 2493 contritum
1309 2470 1389 2498 spiritu
1402 2469 1562 2499 (Septuaginta
1574 2469 1709 2497 interpretes
1717 2469 1762 2500 :J-:t
1774 2474 1844 2497 super
1856 2475 1926 2498 quem

1080 2510 1203 2538 respiciam
1226 2510 1268 2532 nisi
1286 2516 1357 2537 super
1373 2509 1484 2532 humilem
1502 2511 1524 2531 et
1540 2508 1664 2538 quietum).
1681 2508 1688 2530 l
1705 2507 1770 2530 addit
1784 2509 1808 2531 et
1821 2513 1872 2537 oap-
1884 2514 1925 2531 uri·

1080 2548 1170 2572 decimo
1188 2548 1220 2578 [v.
1237 2547 1284 2578 2.]:
1302 2548 1333 2571 Et
1347 2548 1478 2578 requiescet
1492 2554 1566 2577 super
1577 2554 1632 2570 eum
1644 2550 1687 2570 ete.
1697 2559 1728 2564 —
1741 2546 1817 2569 Verba
1828 2547 1926 2575 August.

1081 2587 1196 2610 habentur
1213 2587 1246 2610 111.
1262 2587 1292 2609 de
1309 2586 1386 2610 Doctr.
1409 2587 1527 2609 christian.
1552 2593 1571 2609 c.
1597 2587 1635 2609 23.
1655 2593 1679 2608 n.
1696 2586 1734 2608 33.
1750 2585 1840 2608 Primus
1863 2586 1926 2608 locus

1082 2627 1213 2655 Srripturae
1230 2627 1251 2649 in
1269 2627 1313 2649 hoc
1335 2629 1396 2649 textu
1413 2629 1448 2648 est
1464 2626 1480 2649 1.
1496 2625 1549 2649 Cor.
1567 2626 1608 2653 10,
1626 2626 1670 2648 12;
1688 2625 1766 2654 ltaque
1783 2625 1822 2653 qui
1840 2630 1864 2647 se
1881 2625 1925 2647 exi-

1080 2666 1157 2689 stimat
1173 2669 1232 2688 stare
1249 2669 1304 2692 etc.;
1321 2665 1438 2688 secundus
1455 2668 1489 2688 est
1506 2666 1548 2688 tac.
1566 2665 1592 2692 4,
1610 2665 1632 2687 6.
1648 2667 1671 2687 et
1687 2665 1703 2687 Ι.
1719 2664 1778 2686 Pet-r.
1796 2664 1822 2691 5,
1840 2664 1862 2687 5.
1882 2664 1925 2687 Pro

1080 2704 1184 2728 timenda
1200 2708 1273 2727 textus
1290 2705 1408 2733 originalis
1425 2704 1556 2729 tremenda.
1572 2716 1603 2721 —
1620 2703 1731 2732 Superius
1742 2709 1785 2731 pro
1797 2703 1860 2727 Nam
1872 2709 1926 2733 yra-

1080 2744 1113 2768 tia
1130 2745 1137 2767 l
1155 2743 1216 2767 Nam
1233 2743 1364 2768 humilitas.

1142 2781 1151 2794 ⁸
1168 2783 1238 2811 Epist.
1263 2783 1315 2806 tte.
1341 2783 1405 2811 (alias
1428 2783 1474 2813 56.)
1492 2789 1513 2806 c.
1529 2783 1551 2805 3.
1568 2789 1591 2805 n.
1608 2783 1648 2805 22:
1675 2782 1720 2805 Nec
1745 2782 1836 2805 aliam...
1862 2782 1923 2804 viam

1079 2822 1181 2849 munias,
1198 2828 1269 2851 quam
1286 2828 1347 2851 quae
1364 2823 1450 2845 munita
1468 2825 1502 2844 est
1518 2821 1547 2844 ab
1565 2822 1625 2845 illo...
1642 2824 1664 2844 et
1680 2821 1831 2850 praecesserit
1847 2823 1870 2842 et
1887 2826 1922 2842 co-

1080 2861 1171 2884 mitetur
1187 2864 1210 2883 et
1226 2864 1349 2885 consecuta
1367 2862 1435 2884 ruerit
1450 2864 1493 2884 etc.
1511 2861 1564 2883 Post
1587 2859 1698 2890 superbia
1716 2863 1789 2882 textus
1806 2858 1924 2887 originalis

1079 2901 1145 2928 ptura
1161 2900 1233 2923 addit.
1250 2900 1293 2923 Pro
1310 2906 1473 2931 quaecumque
1489 2899 1544 2923 bene
1565 2899 1668 2929 facimus
1685 2899 1693 2921 1
1710 2898 1770 2921 bona
1786 2903 1847 2927 quae
1868 2897 1924 2926 saci-

1079 2945 1146 2967 mas,
1163 2942 1186 2961 et
1202 2945 1245 2967 pro
1257 2938 1317 2963 bono
1333 2939 1397 2970 sacto
1414 2939 1474 2962 DE!
1491 2941 1569 2961 contra
1587 2941 1672 2961 textum
1689 2937 1826 2965 originalem
1843 2935 1922 2966 benefi-

1079 2977 1122 3001 cio.
1139 2978 1163 3000 tn
1180 2978 1226 3000 nne
1243 2977 1369 3001 verborum
1388 2982 1461 3001 textus
1477 2977 1594 3006 originalis
1610 2975 1687 3000 dicere
1703 2982 1746 3004 pro
1763 2975 1871 2999 ἀίων-σπι.

1797 3022 1825 3044 16
