2285 3398
76 405 129 424 Ratio
143 404 159 423 ὅ.

966 225 1076 255 SERMO
1098 226 1137 254 ΙΙΙ,

178 314 213 336 ex
235 315 291 344 quo
311 307 345 335 de
367 307 412 335 illa
434 307 460 335 in
486 308 620 343 perpetuo
641 305 712 333 vitae
733 312 799 333 suae
827 305 1020 342 poenitentiam

176 362 230 382 non
253 353 328 381 facit:
350 361 416 390 ergo
438 350 593 389 puniendus
618 354 672 385 est,
693 358 725 379 ac
746 351 766 379 si
795 351 939 380 delectatio
961 358 1022 387 per—

178 403 261 438 petuo
274 400 410 428 durasset.
427 415 463 420 —-
478 398 582 435 Quarta
603 398 673 426 ratio
694 400 750 426 est:
766 398 831 434 quia
853 400 979 435 peccator
994 397 1020 425 in

177 446 300 483 quolibet
320 449 384 474 actu
406 444 509 482 peccati
532 444 655 472 mortalis
675 444 800 472 abutitur
819 444 948 473 omnibus
969 443 1022 472 illis

177 492 277 526 rebus,
299 500 315 520 a
335 491 438 528 quibus
458 490 539 519 debet
560 490 648 518 iuvari
676 493 703 519 et
724 498 788 519 cum
809 490 912 527 quibus
940 489 1022 518 habet

176 538 306 567 ordinari.
329 537 380 566 Sed
401 538 471 574 ipse,
493 544 556 565 cum
579 536 613 565 sit
634 544 697 573 pars
719 537 855 571 universi,
882 537 1021 565 iuvamen-

177 589 235 614 tum
257 585 355 621 recipit
368 584 403 613 ab
417 583 643 618 elementaribus,
658 584 834 618 caelestibus,
849 583 1021 620 supercaele—

177 632 280 665 stibus,
302 634 329 659 et
349 630 473 659 ordinem
490 630 572 658 habet
593 630 625 658 ad
641 630 804 667 praeterita,
826 629 981 667 praesentia
994 632 1022 658 et

176 678 286 711 sutura;
307 678 432 706 abutitur
447 685 513 713 ergo
533 677 661 705 omnibus
682 676 862 714 supradictis:
884 676 952 705 nihil
980 679 1021 705 est

178 733 243 762 ergo
265 725 291 753 in
311 724 455 757 universo,
471 723 543 760 quod
566 732 619 752 non
634 724 684 752 sibi
706 724 870 753 adversetur
888 727 915 752 et
933 732 1020 761 quan-

178 775 236 801 tum
261 771 295 800 ad
326 770 527 800 consistentiam
559 773 586 798 et
607 773 741 808 quantum
773 770 807 799 ³11
837 770 1019 799 durationem.

178 819 248 855 Ergo
279 817 464 847 necessarium
490 820 546 851 est,
572 817 646 854 quod
678 817 735 854 ipse
763 817 790 846 in
822 817 972 846 universali
994 821 1022 846 et

178 865 344 902 sempiterna
363 863 528 892 adversitate
549 864 690 901 puniatur,
711 872 743 893 ac
758 872 807 901 per
828 864 880 893 hoc
898 864 1021 893 intermi-

1869 228 1923 257 5323

1080 307 1143 332 nata
1164 312 1265 341 poenae
1294 306 1455 335 calamitate.
1481 323 1519 327 —
1543 307 1645 343 Quinta
1672 307 1742 343 natio
1763 310 1819 335 est:
1842 307 1923 343 quin,
1942 313 1995 332 natio
2009 313 2026 332 s.

1079 352 1254 381 cum-anima
1276 353 1416 381 rationalis
1437 353 1471 381 sit
1489 357 1581 382 creata
1602 354 1628 382 in
1645 354 1786 382 horizonte
1808 354 1923 382 aeviter-

1079 397 1171 427 nilatis
1191 402 1218 427 et
1239 399 1371 436 temporis
1385 401 1402 433 ²,
1425 408 1474 428 nec
1498 401 1532 429 sit
1555 400 1580 428 in
1601 403 1724 437 tempore
1746 400 1796 428 nisi
1820 400 1924 428 ration«¹

1078 444 1187 473 unionis
1207 445 1240 473 ad
1261 453 1379 482 corpus,
1395 446 1503 474 sublata
1524 446 1569 474 illa
1584 446 1698 480 unione,
1714 446 1868 474 necessario
1884 446 1924 474 in-

1079 493 1133 518 trat
1153 491 1244 520 anima
1265 494 1367 520 statum
1388 492 1594 521 aeviternitatis.
1615 493 1640 521 Si
1657 493 1741 530 igitur
1763 493 1883 521 moritur
1899 493 1923 520 in

1078 541 1189 573 peccato
1213 537 1339 571 mortali,
1368 538 1599 575 sempiternaliter
1624 539 1650 567 in
1680 539 1782 576 peccati
1812 546 1924 576 perver«

1078 584 1152 613 sione
1174 584 1326 621 perdurat;
1349 585 1395 613 sed
1422 593 1503 613 «non
1525 589 1567 614 est
1586 586 1705 615 dedecus
1734 586 1836 623 peccati
1866 586 1924 614 sine

1077 631 1175 659 decore
1204 631 1345 660 iustitiae2
1361 643 1394 659 »z
1418 632 1501 668 igitur
1532 632 1553 661 si
1582 633 1812 669 sempiternaliter
1841 632 1923 661 durat

1077 678 1173 715 culpa,
1202 677 1387 715 sempiternali
1417 682 1458 707 est
1485 679 1620 715 supplicio
1648 679 1804 715 punienda;
1825 687 1841 707 a
1868 687 1924 716 quo

1077 725 1212 762 supplicio
1233 733 1283 754 nos
1297 725 1427 754 liberatos
1448 726 1580 762 perducat
1595 726 1678 754 Filius
1696 726 1743 755 Dei
1758 726 1792 754 ad
1808 721 1922 762 regnum

1077 772 1236 805 caelorum;
1258 771 1332 809 quod
1354 772 1433 801 nobis
1458 775 1599 810 praestare
1626 773 1755 810 dignetur
1782 773 1829 810 qui
1857 773 1924 801 vivit

1077 822 1104 847 et
1125 821 1222 856 regnat
1242 827 1306 847 cum
1335 819 1391 847 Deo
1412 819 1491 848 Patre
1512 823 1539 848 et
1567 820 1671 857 Spiritu
1693 823 1788 849 sancto
1816 821 1842 849 in
1865 828 1923 849 sae-

1078 866 1139 894 cula
1161 866 1346 894 saeculorum.
1369 867 1461 894 Amen.
1486 883 1519 886 —
1544 866 1678 895 Exrmcir.

890 1041 1076 1089 SERMO
1116 1042 1199 1094 ΙΙΙ.

755 1155 801 1189 De
827 1155 1018 1189 sanctissimo
1044 1168 1171 1202 corpore
1196 1157 1305 1191 Christi
1319 1157 1339 1191 ³.

178 1288 353 1317 sommium.
376 1303 414 1308 —
436 1286 631 1320 Introductio,·
651 1295 702 1315 sex
722 1284 850 1323 defectus
870 1284 1019 1314 humanae
1046 1286 1199 1320 miseriae,
1221 1290 1245 1314 et
1265 1295 1316 1314 sea·
1337 1285 1451 1324 effectus
1472 1287 1590 1316 diuinae
1610 1288 1848 1324 misericordiae,
1869 1299 1924 1319 nu-

239 1347 333 1379 Ιτηεν-ο
358 1339 381 1366 1.
404 1353 440 1358 -—
462 1337 516 1366 His
537 1346 587 1366 scae
608 1337 780 1374 respondent
799 1345 850 1365 sex
870 1336 1002 1374 figurae,
1024 1345 1099 1375 quae
1130 1337 1161 1365 in
1193 1336 1352 1374 Scriptura
1378 1338 1586 1376 praefigurant
1606 1348 1644 1378 ss„
1667 1348 1774 1377 corpus
1797 1339 1923 1375 Christi,

255 1391 281 1418 2.
305 1406 341 1409 --
363 1389 428 1417 Pars
449 1388 466 1417 1.
487 1388 526 1417 De
548 1388 637 1426 prima
657 1391 684 1417 et
705 1387 826 1417 secunda
847 1388 945 1425 figura.
979 1381 1091 1416 Prima*
1106 1392 1146 1416 est
1166 1388 1268 1426 ligura
1290 1389 1479 1426 pinguedinis,
1501 1390 1572 1428 quia
1594 1390 1821 1420 Sacramentum
1848 1393 1923 1421 valet

254 1440 294 1468 ad
314 1440 495 1478 repletionem
516 1440 662 1468 inanium.
686 1439 802 1477 Figura
824 1439 855 1467 in
880 1439 983 1467 Genesi
993 1450 1003 1472 ,·
1024 1439 1084 1468 tria
1104 1440 1273 1469 necessaria
1294 1440 1334 1469 ad
1355 1441 1588 1470 conservandum
1603 1441 1737 1471 divinum
1757 1442 1923 1480 fervorem;

253 1491 330 1519 unde
350 1490 530 1520 eucharistia
550 1491 622 1520 data
642 1494 682 1519 est
703 1490 735 1519 in
755 1490 897 1519 viaticum
919 1489 1084 1528 refectionis
1098 1491 1139 1519 ad
1152 1492 1385 1520 conservandam
1406 1492 1552 1520 internam
1573 1492 1801 1528 delectationem,
1823 1495 1854 1523 in
1870 1495 1923 1523 Sa-

254 1546 436 1571 cramentum
457 1541 669 1570 communionis
689 1542 730 1570 ad
751 1542 983 1570 conservandam
1003 1541 1180 1571 dilectionem
1200 1542 1342 1579 proximi,
1364 1542 1396 1570 in
1416 1542 1599 1579 sacrificium
1621 1543 1775 1573 oblationis
1796 1545 1837 1573 ad
1857 1554 1923 1574 con-

252 1593 429 1622 servandam
449 1593 645 1626 devotionem,·
666 1592 736 1622 haee
755 1591 830 1630 facit
851 1596 882 1621 ut
900 1593 1058 1631 pinguedo,
1081 1594 1106 1622 3.
1128 1610 1163 1614 -—
1186 1593 1322 1621 Primum
1342 1591 1472 1630 effectum
1493 1597 1596 1622 contra
1617 1599 1756 1632 quatuor,
1778 1604 1853 1634 quae
1874 1595 1922 1625 ho—

253 1644 359 1672 minmn
380 1644 531 1681 affligunt,
553 1643 687 1672 insinuat
705 1643 823 1681 figura,
845 1644 872 1673 ιἰ.
896 1660 933 1665 ——
955 1644 1106 1673 Secundus
1127 1642 1241 1680 effectus
1259 1643 1468 1680 pinguedinis.-
1490 1644 1676 1682 quadruplex
1697 1645 1831 1675 dilatatio
1853 1647 1921 1675 dile-

252 1695 356 1723 etionis
373 1695 521 1732 proximi,
544 1696 569 1723 5.
591 1712 632 1716 —
658 1695 773 1723 Tertius
793 1693 907 1732 effeetus
927 1694 1042 1731 ipsius:
1064 1698 1192 1731 quatuor
1213 1698 1387 1722 conservant
1406 1695 1583 1724 devotionem
1597 1696 1637 1724 ad
1659 1696 1768 1731 Deum,
1792 1698 1816 1725 6.
1841 1699 1866 1726 7.
1884 1715 1920 1719 -
1948 1729 1951 1731 ,

253 1746 387 1775 Secunda
407 1750 447 1774 est
467 1746 569 1784 figura
593 1746 686 1783 panis,
708 1746 806 1783 quoad
828 1744 1009 1781 refectionem
1030 1744 1229 1772 esurientium.
1256 1745 1348 1773 Panis
1368 1745 1457 1773 datus
1489 1746 1576 1774 Eliae.
1611 1748 1746 1783 Quatuor
1775 1747 1858 1785 faeta
1884 1750 1920 1778 ab

256 1798 320 1826 Elia
340 1796 509 1834 significant
530 1800 659 1834 quatuor
676 1795 877 1832 praestanda,
900 1798 932 1822 ut
951 1794 1037 1832 digne
1065 1793 1117 1823 hoc
1145 1794 1371 1824 Sacramentum
1398 1801 1549 1832 sumatur,
1571 1798 1597 1826 8.
1620 1815 1658 1819 —-
1680 1799 1782 1828 Primo
1810 1804 1918 1837 oportet

251 1846 354 1884 fugere
373 1847 479 1874 mundi
499 1845 743 1879 consolationem,·
763 1845 906 1879 secunde,
928 1853 1097 1882 componere
1117 1855 1146 1874 se
1167 1846 1207 1874 ad
1229 1847 1304 1875 vitae
1325 1845 1459 1876 honestae
1479 1848 1667 1886 religionem;
1693 1851 1792 1885 terlio,
1815 1850 1919 1880 habere

251 1896 453 1925 subiectionem
475 1892 522 1924 αιῐ
532 1890 722 1936 praelatum;
742 1900 865 1934 quarte,
887 1894 991 1924 habere
1024 1896 1075 1925 Dei
1094 1897 1313 1932 excitationem,
1336 1899 1414 1935 9-12.
1437 1915 1474 1920 —
1497 1900 1633 1936 Quatuor
1663 1900 1782 1939 fruetus
1813 1903 1921 1940 dignae

250 1947 425 1976 sumtionis:
448 1947 514 1984 ipsa
535 1946 681 1984 confortat
702 1947 743 1975 ad
763 1947 923 1981 actionem,
943 1946 1075 1976 sublevat
1099 1948 1140 1976 ad
1170 1949 1453 1986 contemplationem,
1475 1950 1603 1988 disponit
1623 1952 1664 1980 ad
1685 1952 1853 1982 divinorum
1876 1963 1919 1982 re-

251 1998 435 2032 velationem,
453 1998 573 2026 -animat
593 1998 633 2026 ad
654 1997 760 2026 mundi
779 2001 971 2035 contemptum
992 1995 1017 2027 et
1037 2003 1224 2027 aeternorum
1246 1999 1389 2029 bonoram
1409 2001 1604 2036 desiderium,
1629 2003 1724 2032 13-16.
1746 2020 1782 2025 —
1803 2004 1868 2033 Pars
1890 2005 1917 2033 ll.

250 2049 289 2078 De
310 2049 392 2078 tertia
410 2052 437 2078 et
458 2052 558 2086 quarta
579 2048 677 2085 figura.
700 2048 798 2077 Tertia
818 2053 858 2077 est
877 2048 979 2086 figura
1000 2049 1103 2083 mellis,
1118 2050 1216 2088 quoad
1234 2050 1477 2080 illuminationem
1498 2047 1530 2081 in
1549 2053 1671 2082 tenebris
1684 2055 1862 2090 sedentium,
1876 2065 1918 2084 se-

250 2100 378 2128 cundum
400 2099 532 2137 figuram
554 2098 695 2128 Ionathae
723 2100 871 2137 gustantis
900 2100 1057 2137 paululum
1089 2101 1198 2134 mellis,-
1220 2102 1272 2139 qui
1290 2101 1360 2138 fecit
1379 2107 1508 2141 quatuor
1529 2104 1570 2132 ad
1589 2104 1818 2142 significandum
1846 2116 1918 2144 qua-

250 2154 316 2179 tuor
344 2159 363 2179 a
390 2154 519 2178 sumente
546 2149 755 2178 eucharistiam
781 2150 934 2187 facienda,
959 2152 1002 2179 17.
1025 2168 1063 2171 ——
1085 2152 1187 2180 Primo
1219 2151 1323 2181 habeat
1350 2156 1488 2182 conatum
1519 2155 1750 2189 meliorationis,-
1777 2159 1918 2192 secundo,

249 2201 404 2229 victoriam
426 2200 611 2233 tentationis,·
633 2201 732 2234 tertio,
752 2202 952 2238 patrocinium
975 2202 1006 2230 B.
1036 2202 1186 2239 Virginis,-
1213 2208 1337 2241 quarto,
1357 2204 1542 2241 praesidium
1572 2205 1755 2235 illuminatae
1775 2209 1917 2244 operatio-

247 2252 311 2286 nis,
335 2252 431 2280 18-21.
455 2267 491 2272 -—
515 2251 587 2279 Cum
610 2250 732 2280 Ionatha
755 2255 824 2280 tunc
843 2252 1033 2289 accipiuntur
1061 2257 1190 2291 quatuor
1209 2253 1349 2291 fructus:
1373 2255 1560 2284 illuminatur
1584 2257 1751 2292 rationalis,
1774 2259 1916 2288 incitatur

247 2302 490 2340 concupiscibilis,
505 2300 698 2339 fortificatur·
707 2302 875 2337 irascibilis,
891 2307 966 2332 totus
987 2302 1070 2332 homo
1092 2305 1202 2333 mundo
1224 2305 1432 2342 mortificatur,
1449 2308 1546 2337 aiz-⁹25.
1563 2325 1601 2328 —
1618 2309 1734 2343 Quarta
1754 2313 1795 2337 est
1814 2309 1916 2347 figura

247 2354 309 2391 agni
334 2353 470 2390 paschalis
492 2353 523 2381 in
546 2353 654 2387 Exodo,
676 2353 781 2391 quoad,
794 2354 1054 2383 reconciliationem
1076 2355 1117 2383 'in
1146 2355 1253 2383 umbra
1280 2356 1383 2384 mortis
1410 2357 1579 2386 sedentium.
1605 2360 1647 2387 Ea:
1668 2358 1723 2388 hae
1743 2360 1844 2397 figura
1867 2361 1915 2389 eli-

247 2406 368 2434 ciuntur
389 2413 464 2442 quae
485 2403 568 2432 homo
588 2403 666 2432 debet
686 2403 789 2433 habere
810 2408 875 2433 ante
896 2414 1061 2440 accessum,
1084 2407 1114 2434 in
1142 2414 1278 2440 accessa,
1305 2410 1369 2443 post
1400 2416 1565 2442 accessum,
1588 2410 1634 2438 ⁹26.
1658 2427 1693 2430 —-
1717 2412 1790 2439 Ante
1821 2420 1914 2440 acces-

246 2464 330 2490 sum,
352 2458 498 2493 quatuor,
520 2456 566 2483 27.
588 2471 626 2475 —
648 2455 682 2483 In
704 2455 765 2492 ipso
787 2464 921 2490 accessu,
944 2460 1090 2494 quatuor,
1113 2457 1158 2484 28.
1182 2473 1218 2477 —
1243 2457 1310 2485 Post
1331 2466 1480 2486 accessam
1502 2458 1605 2488 haheat
1626 2465 1754 2498 quatuor
1774 2461 1912 2498 srucluS,

247 2507 292 2535 99.
316 2523 351 2526 —
374 2506 438 2534 Pars
460 2505 499 2533 lll.
522 2505 560 2533 De
582 2505 678 2542 quinta
698 2508 726 2534 et
746 2510 825 2535 sexta
846 2506 944 2543 figura.
969 2507 1078 2542 Quinta
1098 2506 1199 2543 figura
1219 2512 1261 2536 est
1288 2509 1411 2537 thesauri
1443 2510 1582 2544 caelestis,
1614 2512 1712 2548 quoad
1742 2513 1911 2542 ditationem

246 2556 484 2585 mendicantium.
513 2554 657 2584 Thesauri
677 2556 840 2585 absconditi
856 2558 1072 2594 promittuntur
1095 2558 1236 2595 Ecclesiae
1261 2559 1291 2587 in
1313 2560 1412 2593 Isaia5
1433 2565 1560 2598 quatuor
1589 2562 1619 2590 in
1647 2561 1828 2592 eucharistia
1857 2564 1912 2593 the-

230 2772 237 2785 ¹
255 2772 316 2795 Libr.
333 2772 362 2795 de
378 2771 459 2795 Causis
476 2778 543 2800 prop.
561 2772 587 2799 23
604 2773 644 2794 cfr.
661 2778 730 2801 supra
748 2780 801 2802 pag.
819 2774 877 2802 332,
894 2778 946 2796 nota
964 2775 986 2797 6.

229 2810 238 2823 ²
255 2812 364 2839 August,
390 2811 423 2833 111,
443 2810 473 2832 de
494 2810 544 2833 Lib.
566 2810 621 2832 Arb.
641 2817 660 2833 c.
683 2812 720 2834 15.
741 2819 763 2834 n.
785 2812 829 2839 Ab,
853 2814 892 2835 cfr.
913 2816 970 2836 tom.
987 2814 1010 2836 ll.

167 2856 220 2878 pag.
237 2849 296 2876 770,
314 2852 366 2871 nota
386 2850 393 2871 l
407 2858 413 2876 ς
430 2852 453 2871 et
470 2849 584 2877 Breviloq.
602 2855 625 2876 p.
642 2850 666 2872 11.
683 2855 703 2872 c.
719 2850 747 2878 7,
764 2857 787 2879 p.
804 2851 850 2873 Vll.
867 2858 886 2874 c.
904 2852 926 2873 6.
937 2863 968 2869 —
979 2853 1010 2874 ln-

168 2888 237 2910 terius
254 2894 296 2916 pro
312 2887 476 2917 sempiternali
491 2887 508 2909 B
524 2887 728 2916 sempiternaliter.

1067 2775 1128 2798 Nota
1145 2775 1268 2805 diligenter
1285 2777 1313 2800 de
1328 2778 1491 2805 sacratissimo
1508 2785 1608 2808 corpore
1625 2779 1714 2807 Christi
1728 2787 1869 2804 sermonem.
1880 2793 1910 2798 -—

1067 2814 1164 2841 Bonelli,
1182 2816 1249 2838 unius
1271 2817 1357 2839 codicis
1380 2820 1516 2849 apographo
1539 2825 1607 2847 usus,
1629 2820 1714 2848 passim
1738 2821 1824 2842 recedit
1846 2826 1857 2841 a
1880 2820 1910 2842 le-

1066 2854 1139 2876 ctione
1155 2854 1257 2883 quinque
1274 2856 1328 2878 satis
1349 2857 1406 2879 inter
1422 2859 1447 2879 s'e
1464 2858 1651 2880 convenientium
1669 2859 1750 2886 codd,
1767 2865 1826 2886 quos
1845 2858 1909 2880 adlui-

1066 2892 1168 2915 huimus.
1184 2894 1240 2916 liinc
1262 2900 1373 2917 numerus
1395 2896 1518 2918 lectionum
1536 2897 1673 2919 variantium
1696 2901 1719 2919 et
1740 2898 1841 2919 locorum
1861 2903 1909 2921 cor-

1066 2932 1229 2960 rigendorum,
1246 2935 1380 2961 praesertim
1402 2935 1461 2957 circa
1485 2936 1587 2958 medium
1609 2939 1630 2958 et
1653 2936 1720 2958 tinem
1738 2936 1860 2961 sermonis,
1879 2936 1907 2958 ita

1066 2974 1147 2993 auctus
1163 2974 1210 2999 est,
1227 2974 1251 2994 ut
1268 2978 1280 2994 a
1299 2973 1375 2995 medio
1392 2974 1465 3002 ipsius
1481 2980 1526 2996 non
1544 2974 1585 2996 nisi
1603 2974 1696 2996 maioris
1713 2974 1821 2996 momenti
1838 2974 1908 2995 omis-

1066 3009 1143 3032 siones
1159 3014 1181 3032 et
1198 3010 1304 3045 lectiones
1321 3012 1435 3035 variantes
1452 3012 1481 3034 ad
1498 3012 1583 3035 calcem
1601 3013 1722 3040 ponendae
1740 3012 1880 3034 viderentur.

1783 3058 1811 3080 70

229 2925 238 2938 ¹³
256 2926 324 2954 Apud
341 2926 424 2948 Bonelli
442 2927 498 2948 naec
514 2929 549 2948 est
564 2926 693 2954 inscriptio:
705 2927 729 2950 S.
742 2928 921 2952 Bonaventuroe
932 2935 1010 2953 sermo

167 2964 298 2994 singularis
315 2963 342 2986 de
363 2969 463 2993 corpore
485 2964 587 2993 Christi,
604 2965 625 2987 in
644 2966 712 2988 codd.
729 2967 812 2990 ACD:
831 2968 913 2997 Incipit
932 2974 1010 2992 sermo

169 3004 196 3033 (D
212 3004 277 3026 addit
297 3002 381 3031 bonus)
398 3002 426 3025 de
442 3009 541 3032 corpore
564 3003 666 3032 Christi,·
683 3005 705 3027 in
722 3005 739 3027 B
757 3006 778 3034 (a
796 3007 897 3029 secunda
918 3007 1010 3036 mann):

261 3049 288 3073 S.
305 3049 393 3072 Bonav.
407 3061 439 3066 —
456 3049 523 3073 Tom.
540 3050 568 3072 V.
