2285 3398
33 900 71 920 Pro
89 905 169 924 evange-

39 923 169 943 litandochri-

39 949 68 967 sto
88 952 167 972 pauper-

39 970 169 990 miuvattri-

39 993 120 1018 pliciter.

90 1017 160 1036 Primo.

65 1091 160 1111 Secundo.

90 1232 161 1252 Torua.

51 2069 166 2096 conclusio?

619 164 661 191 DE
684 164 904 193 PERFECTlONE
927 164 1126 192 EVANGELICA
1148 165 1281 201 QUAEST.
1305 166 1333 194 ll.
1356 167 1427 195 ART.
1451 167 1479 195 ll.

178 241 300 278 deposita
320 241 393 270 omni
415 241 516 270 saeculi
537 241 728 270 sollicitudine.
751 242 781 270 Et
801 242 834 271 de
857 242 956 270 talibus
971 243 1022 270 Au-

178 288 319 325 gustinus,
342 288 368 317 in
390 288 510 325 quodam
532 296 658 317 sermone
672 288 900 325 quadragesimali
914 289 938 316 ¹:
965 300 978 313 α
994 288 1020 316 ln

179 337 231 365 isto
252 339 391 372 tempore,
413 339 547 373 quantum
570 335 742 364 commendat
772 336 846 364 Deus
866 344 950 372 opera
970 335 1021 364 mi-

177 382 357 417 sericordiae,
380 383 452 419 ipsos
474 383 587 411 Sanctos
607 390 672 411 suos
692 390 772 419 egere
794 382 869 416 fecit,
892 385 934 415 ut,
956 390 1019 411 cum

178 430 282 459 fuerint
312 430 374 458 facti
403 429 481 458 amici
510 429 574 464 Dei,
595 430 629 458 de
658 438 826 458 mammona
857 429 1021 467 iniquitatis

178 477 322 514 recipiant
342 480 369 505 et
391 477 440 513 ipsi
463 477 565 505 amicos
589 485 654 506 suos
682 477 713 505 in
739 480 857 505 aeterna
886 476 1020 505 taberna—

175 524 261 557 cula,
284 524 310 552 id
331 527 385 558 est,
402 527 445 558 ut,
460 532 523 553 cuni
546 524 616 552 servi
639 524 686 552 Dei
702 524 754 561 pii,
769 524 834 552 dum
851 524 950 561 iugiter
965 524 1021 552 Deo

177 574 288 604 vacant,
310 571 455 608 aliquoties
476 571 611 608 indigent,
634 570 670 598 illi
693 571 739 608 qui
756 571 857 599 liabent
870 570 965 599 mundi
980 570 1020 598 di-

179 617 260 646 vitias
279 618 465 654 eleemosynas
488 617 655 654 largiantur3
676 621 703 646 et
724 609 862 654 quomodo
883 617 944 646 illos
958 625 1020 654 par-

176 663 272 700 ticipes
300 664 403 692 faciunt
431 664 457 692 in
487 667 596 693 terrena
626 664 794 699 substantia,
817 664 855 693 sic
883 672 946 693 cum
968 664 1021 692 illis

179 713 285 746 partem
308 710 409 738 habere
430 711 611 739 merebuntur
633 711 660 739 in
683 711 737 739 vita
757 713 907 739 aeterna».
924 727 960 731 -
980 710 1020 738 Ex

176 764 233 793 quo
264 760 392 793 apparet,
414 757 487 794 quod
513 757 574 786 talis
604 757 768 787 mendicatio
798 757 943 786 laudabilis
963 760 1020 791 est,

176 810 246 839 quae
268 803 298 831 fit
319 811 369 839 pro
392 803 505 832 Christo
528 804 670 833 imitando
682 804 700 832 ².

254 850 382 879 Similiter
404 855 431 879 et
451 859 498 885 ea,
520 859 591 889 quae
612 851 643 880 fit
664 860 715 888 pro
744 851 858 880 Christo
878 851 1019 889 evanyeli-

175 897 290 930 zaudo,
312 897 377 934 quia
408 898 478 926 viam
508 898 621 935 praebet
638 898 802 935 Evangelio,
825 898 929 926 ratione
960 897 1020 926 eius

177 944 255 981 quod
275 944 466 980 praedicatur,
488 953 507 973 a
528 953 583 983 quo
605 944 780 981 praedicatur
801 949 828 973 et
849 945 898 973 cui
912 943 1019 981 praedi-

175 994 262 1019 catur.
280 1007 315 1011 —
328 992 441 1032 Ratione
453 992 513 1021 eius
524 992 601 1030 qaod
608 992 817 1029 praedicatur,
833 992 896 1029 quia
912 990 1019 1027 praedi-

175 1046 271 1066 camus
293 1038 386 1067 mundi
408 1042 611 1076 contemptum;
633 1039 706 1076 quod
727 1039 866 1067 efficacius
886 1037 1019 1067 suadetur

176 1084 262 1113 verbo
283 1089 309 1113 et
330 1086 458 1122 exemplo
478 1094 561 1123 quam
583 1086 641 1114 solo
662 1086 753 1114 verbo.
777 1101 813 1106 -—-
835 1085 858 1113 A
879 1083 1018 1121 pluribus

174 1131 256 1160 etiam
274 1132 485 1169 praedicatur,
500 1133 520 1161 si
538 1132 725 1169 praedicantes
738 1132 836 1161 vivunt
848 1131 882 1160 de
897 1131 1018 1167 Evange-

173 1179 218 1213 lio,
234 1187 316 1216 quam
339 1180 360 1208 si
383 1180 614 1216 compellerentur
629 1179 722 1208 vivere
741 1179 775 1208 de
796 1181 890 1208 sumtu
910 1180 959 1206 aut
980 1177 1018 1206 la—

174 1225 241 1254 bore
262 1226 384 1263 proprio.
402 1243 437 1246 —
454 1227 476 1254 A
497 1226 636 1263 pluribus
655 1226 739 1255 etiam
758 1224 905 1264 efficacius
925 1224 1018 1253 susci·-

170 1272 271 1309 pitar,
293 1273 359 1301 dum
381 1273 561 1310 suscipientes
580 1273 745 1302 documenta
758 1271 915 1309 largiuntur
936 1270 1018 1300 bene-

174 1319 236 1348 ficia
257 1319 446 1348 sustentantia.
469 1320 522 1349 lloc
543 1323 584 1349 est
604 1319 678 1357 quod
702 1318 768 1348 dicit
798 1318 910 1347 loannes
930 1317 1017 1354 Chry,-

173 1369 311 1395 sostomus
342 1375 426 1404 super
458 1367 625 1396 Matthaeum
647 1365 780 1395 homilia³
805 1365 946 1402 trigesima
976 1372 1018 1413 se(

173 1413 279 1442 cunda:
306 1426 318 1438 «
335 1414 506 1443 Manifestum
525 1417 581 1447 est,
603 1413 732 1450 quoniam
753 1412 903 1449 discipulos
922 1412 958 1440 ab
978 1412 1018 1441 eis

172 1460 275 1497 quibus
296 1460 489 1497 praedicabant
510 1460 593 1489 cibari
616 1459 774 1496 oportebat,
796 1462 827 1487 ut
854 1467 944 1496 neque
965 1458 1016 1495 ipsi

175 1515 273 1543 magna
294 1507 400 1544 sapiant
413 1507 546 1535 adversus
561 1514 608 1535 eos
621 1506 669 1543 qui
683 1505 865 1540 docebantur,
880 1508 912 1534 ut
925 1505 1017 1534 omnia

173 1553 336 1590 praebentes
356 1556 383 1581 et
404 1553 472 1581 nihil
492 1553 656 1589 accipientes
676 1552 712 1581 ab
732 1552 813 1589 ipsis;
835 1560 885 1581 nec
899 1552 936 1580 illi
952 1560 1017 1581 rur-

173 1608 220 1628 sus
241 1600 437 1628 abscindantur
467 1599 587 1636 despecti
618 1599 653 1628 ab
680 1599 727 1628 eis
757 1599 875 1634 Deinde,
903 1603 935 1628 ut
962 1607 1016 1628 non

172 1646 279 1675 dicant:
300 1646 487 1676 mendicantes
508 1646 592 1684 igitur
613 1646 692 1676 iubes
723 1654 773 1676 nos
793 1646 899 1681 vivere,
921 1649 948 1675 et
969 1654 1015 1675 ve-

172 1694 360 1723 recundentur
381 1694 408 1722 in
430 1694 495 1728 hoc,
516 1697 651 1723 monstrat
672 1694 725 1723 hoc
738 1693 865 1723 debitum
879 1694 1015 1728 existens,
1039 1728 1041 1737 Ι

171 1745 198 1770 et
219 1744 384 1778 operatores
404 1749 451 1770 eos
472 1748 587 1775 vocans,
609 1744 636 1770 et
657 1741 731 1778 quod
757 1741 840 1770 datur
861 1741 1017 1770 mercedem

172 1788 323 1817 nominans.
346 1789 384 1816 Ne
405 1788 493 1822 enim,
508 1788 574 1825 quia
588 1788 615 1816 in
629 1788 811 1816 sermonibus
824 1791 865 1817 est
879 1788 1015 1824 operatio,

171 1835 335 1864 existimetis
362 1843 493 1871 parvum
525 1835 704 1869 beneficium,
726 1835 801 1872 quod
820 1838 862 1864 est
892 1843 907 1863 a
929 1835 1014 1864 vobis.

171 1881 275 1910 Etenim
299 1881 406 1909 labores
428 1881 510 1909 habet
531 1881 575 1909 hic
596 1881 713 1915 multos,
734 1885 761 1910 et
782 1881 916 1918 quidquid
936 1881 1016 1910 dede-

172 1928 229 1957 rint
249 1928 296 1964 qui
318 1928 468 1961 docentur,
490 1936 543 1956 non
565 1927 719 1965 largientes
740 1928 888 1965 praebent,
909 1928 956 1957 sed
971 1936 1015 1957 re-

172 1975 357 2003 tributionem
378 1974 525 2003 reddentes
536 1987 562 2002 ».

249 2022 364 2058 Quando
386 2021 470 2058 igitur
491 2021 554 2058 quis
584 2021 720 2050 mendicat
748 2030 798 2059 pro
818 2022 927 2051 Christo
955 2022 1016 2051 imi-

178 2068 260 2097 tando
280 2071 307 2096 et
328 2068 538 2105 evangelizando
565 2068 716 2097 secundum
747 2069 861 2097 formam
883 2069 1018 2105 praescri-

172 2119 263 2152 ptam,
286 2123 340 2143 non
362 2114 451 2143 solum
473 2122 527 2143 non
555 2118 663 2151 peccat,
696 2123 793 2143 verum
814 2115 895 2144 etiam
923 2116 1017 2152 implet

172 2162 321 2199 perfectam
343 2161 491 2190 iustitiam:
514 2161 650 2198 primum,
672 2162 737 2198 quia
756 2162 880 2191 multum
900 2162 1017 2191 debetur

169 2209 331 2239 sustentatio
363 2208 478 2245 pauperi
510 2208 582 2237 iusto
619 2207 767 2237 Christum
794 2209 924 2238 imitanti
932 2220 941 2241 ,·
973 2217 1015 2239 se-

169 2256 277 2290 cundo,
301 2256 365 2293 quia
386 2249 484 2293 magis
503 2255 620 2284 debetur
641 2258 771 2292 tanquam
792 2257 907 2293 pauperi
934 2264 1016 2285 evan-

171 2303 273 2340 gelico,
291 2302 440 2332 Christum
454 2302 684 2340 wawelizanti;
699 2303 795 2337 tertio,
810 2303 876 2340 quia
888 2303 1017 2333 maxime

1866 171 1915 199 141

1078 242 1195 271 debetur
1216 244 1329 279 pauperi
1352 248 1445 286 grato,
1466 245 1589 274 debitum
1604 254 1655 282 pro
1669 246 1757 282 gratia
1778 248 1920 277 humiliter

1078 288 1219 325 accipienti
1247 292 1274 318 et
1303 290 1443 319 humiliter
1475 291 1655 327 supplicanti,
1677 293 1778 329 quippe
1800 302 1863 322 cum
1884 294 1919 322 sit

1078 335 1148 364 liber
1168 344 1203 364 ex
1224 336 1374 370 omnibus,
1395 336 1469 373 faeit
1489 346 1518 365 se
1539 339 1669 366 omnium
1690 348 1814 368 servum.
1836 357 1871 361 -
1888 340 1918 369 Et
1927 348 2062 368 confirmatur.

1078 382 1129 411 hoc
1150 385 1191 411 est
1212 375 1286 419 quod
1307 382 1373 411 dicit
1394 384 1563 419 Augustinus
1584 392 1668 421 super
1694 385 1759 414 illud
1782 384 1918 415 Psalmi&

1077 429 1246 457 Producens
1266 427 1385 466 foenum
1404 430 1543 459 iumentis
1554 434 1621 460 eto:
1648 444 1660 457 «ι
1673 432 1856 467 Produc-ens,
1878 433 1919 462 in-

1076 476 1146 513 quit,
1160 475 1289 514 foenum,
1301 476 1327 503 id
1342 477 1383 504 est
1398 477 1572 513 temporalia;
1588 477 1734 513 iumentis,
1747 480 1772 508 id
1785 483 1826 509 est
1840 488 1919 517 prae-

1076 522 1259 557 dicatoribus,
1274 525 1306 551 ut
1327 523 1360 551 de
1382 523 1537 561 Evanyelio
1551 524 1650 553 vivant
1664 526 1715 563 qai
1730 527 1918 564 Evanyelium

1077 570 1257 599 annuntiant
1263 581 1274 604 ;
1294 573 1322 599 et
1343 570 1478 606 herbam,
1494 571 1521 600 id
1535 574 1576 601 est
1598 573 1770 609 temporalia;
1786 574 1920 602 servituti

1077 615 1243 651 bominum,
1265 617 1291 646 id
1323 620 1363 646 est
1391 618 1641 654 praedicatoribus,
1667 619 1754 648 servis
1775 620 1918 649 hominum

1077 672 1127 701 pro
1148 664 1265 693 Christo.
1288 665 1362 694 Unde
1388 665 1545 702 Apostolus:
1569 665 1643 694 Cum
1673 674 1761 694 essem
1792 665 1861 695 liber
1883 676 1918 695 ex

1077 711 1227 746 omnibus,
1249 712 1380 740 omnium
1399 720 1443 740 me
1463 720 1579 740 servam
1609 711 1673 749 feci.
1703 713 1778 749 Quae
1799 714 1918 742 servitus

1076 761 1118 787 est
1138 766 1174 788 ex
1189 759 1325 793 caritate,
1346 767 1417 796 quae
1437 759 1500 788 facit
1521 759 1654 794 humiles,
1676 760 1723 796 qui
1746 768 1796 797 pro
1810 760 1918 789 Christo

1076 806 1148 835 servi
1170 806 1312 835 hominum
1342 806 1429 840 fiunt,
1451 806 1560 835 utilitati
1592 807 1709 836 fratrum
1738 807 1916 836 intendentes.

1076 853 1145 881 llaec
1165 856 1230 882 sunt
1250 853 1395 887 iumenta,
1418 854 1519 891 quibus
1539 854 1655 883 debetur
1683 854 1772 891 lierba
1793 857 1824 883 ut
1845 863 1918 884 mer-

1076 907 1133 933 ces,
1154 900 1220 937 quia
1240 900 1372 929 serviunt.
1396 901 1434 929 De
1455 901 1557 938 quibus
1571 901 1686 930 dicitur:
1704 901 1768 930 Non
1782 901 1918 939 altiyabis

1076 954 1107 974 os
1145 946 1210 975 booi
1246 947 1424 981 tritaranti;
1462 951 1508 976 et:
1542 948 1654 986 Diynus
1691 951 1731 977 est
1762 948 1918 986 operarius

1074 994 1202 1021 mercede
1221 1002 1287 1022 sual.
1310 994 1451 1023 Debentur
1471 995 1544 1024 enim
1559 995 1793 1032 praedicatoribus
1814 998 1918 1032 tempo-

1076 1040 1159 1073 ralia,
1182 1040 1247 1076 quia
1268 1041 1424 1077 largiuntur
1445 1042 1606 1077 spiritualia.
1622 1042 1697 1071 Unde
1712 1043 1869 1079 Apostolus:
1886 1043 1919 1071 Si

1074 1085 1284 1114 seminavimus
1305 1086 1385 1115 vobis
1405 1087 1593 1124 spiritualia,
1615 1097 1673 1116 non
1700 1097 1842 1126 maynum
1862 1092 1916 1122 est,

1073 1131 1101 1159 si
1121 1132 1258 1160 earnalia
1288 1136 1385 1161 vestra
1415 1136 1557 1162 metamus
1564 1145 1574 1167 ;
1596 1143 1647 1170 pro
1677 1135 1778 1171 quibus
1799 1135 1916 1163 dicitur:

1076 1179 1196 1212 Beatus,
1212 1179 1259 1215 qui
1274 1183 1457 1216 praeoccupat
1477 1188 1571 1209 vocem
1594 1181 1719 1217 petituri,
1742 1181 1768 1209 id
1789 1184 1845 1214 est,
1867 1181 1919 1218 qui

1075 1225 1207 1262 intelligit
1224 1234 1313 1262 super
1333 1234 1452 1263 eyenum
1473 1230 1497 1255 et
1515 1235 1683 1263 pauperem.
1707 1227 1764 1255 Non
1786 1227 1859 1255 enim
1881 1228 1918 1256 ita

1073 1272 1158 1302 debes
1177 1280 1259 1310 agere
1280 1272 1342 1301 bovi
1364 1273 1522 1307 trituranti,
1544 1276 1575 1302 ut
1601 1273 1726 1302 mendico
1755 1274 1916 1303 transeunti.

1074 1319 1113 1348 Illi
1135 1320 1224 1354 enini,
1246 1319 1274 1348 id
1295 1322 1336 1348 est
1356 1319 1496 1354 mendico,
1522 1320 1583 1354 das,
1604 1321 1670 1358 quia
1690 1320 1807 1357 legitur:
1832 1320 1919 1349 Omni

1071 1367 1178 1403 petenti
1197 1366 1252 1401 da3
1275 1367 1340 1396 huic
1362 1367 1443 1395 etiam
1466 1375 1524 1395 non
1543 1367 1646 1404 petenti
1665 1367 1731 1396 dare
1745 1367 1836 1396 debes.
1852 1367 1919 1396 Vide

1073 1421 1155 1451 ergo,
1177 1422 1228 1448 ne,
1250 1414 1271 1443 si
1295 1414 1334 1443 sic
1355 1414 1474 1450 indigeat
1494 1414 1574 1443 miles
1586 1413 1710 1448 Christi,
1732 1417 1764 1443 ut
1784 1417 1873 1451 petat,
1894 1417 1920 1444 te

1073 1460 1191 1495 iudicet,
1213 1461 1240 1489 id
1261 1464 1303 1490 est
1322 1460 1505 1490 damnabilem
1526 1461 1659 1490 ostendat.
1689 1461 1764 1490 Sicut
1784 1461 1856 1490 enim
1878 1461 1918 1490 di-

1072 1507 1146 1536 citur
1166 1508 1200 1536 de
1221 1508 1268 1536 illo
1288 1508 1335 1545 qui
1358 1511 1384 1537 te
1415 1508 1540 1545 quaerit:
1565 1509 1609 1537 Da
1636 1509 1716 1537 omni
1736 1509 1843 1545 petenti
1848 1520 1859 1542 ;
1880 1509 1918 1538 sic

1071 1554 1105 1583 de
1126 1562 1159 1583 eo
1180 1554 1383 1591 praedicatore,
1398 1562 1481 1591 quem
1496 1558 1527 1584 tu
1541 1563 1676 1592 quaerere
1690 1556 1781 1590 debes,
1803 1556 1917 1584 dicitur:

1075 1599 1197 1635 Desudet
1217 1601 1394 1640 eleemosyna
1415 1602 1446 1630 in
1465 1610 1558 1631 manu
1580 1606 1648 1636 tua,
1671 1603 1758 1631 donee
1786 1603 1918 1631 invenias

1073 1649 1200 1683 iustum,
1222 1649 1271 1677 eui
1291 1648 1347 1677 des.
1370 1648 1449 1677 Omni
1472 1649 1573 1685 petenti
1589 1657 1670 1686 ergo,
1685 1649 1856 1687 quicumque
1874 1650 1917 1685 sit,

1073 1696 1122 1731 da,
1144 1704 1293 1733 agnoscens
1314 1696 1341 1724 in
1372 1704 1404 1724 eo
1426 1696 1470 1724 cui
1491 1696 1554 1730 des,
1580 1696 1627 1725 sed
1658 1697 1746 1725 multo
1777 1697 1864 1734 magis
1884 1697 1918 1726 da

1073 1751 1154 1772 servo
1175 1743 1239 1777 Dei,
1260 1739 1338 1771 militi
1361 1743 1475 1777 Christi,
1496 1743 1577 1772 etiam
1599 1751 1653 1772 non
1668 1744 1808 1780 petenti».
1825 1760 1861 1764 —
1878 1744 1918 1772 Ex

1073 1790 1117 1819 his
1138 1790 1223 1827 igitur
1246 1791 1387 1819 manifeste
1407 1794 1537 1827 apparet,
1559 1791 1633 1828 quod
1654 1791 1681 1819 in
1709 1791 1810 1820 Christi
1838 1799 1918 1828 prae-

1073 1837 1195 1866 dicatore
1215 1840 1242 1866 et
1263 1838 1480 1875 evangelizatore
1499 1838 1655 1867 mendicare
1670 1846 1724 1867 non
1738 1841 1779 1879 est
1793 1838 1851 1867 vitii
1866 1846 1917 1867 nec

1073 1883 1182 1920 culpae,
1204 1884 1251 1912 sed
1272 1885 1358 1922 magis
1380 1885 1555 1922 perfectionis
1575 1885 1754 1922 evangelicae.
1777 1885 1852 1915 Unde
1872 1894 1930 1914 ra--

1073 1930 1160 1959 tiones
1181 1933 1208 1959 et
1236 1928 1414 1960 auctoritates
1434 1935 1461 1960 et
1485 1932 1619 1969 >exempla
1646 1932 1819 1961 concedenda
1839 1935 1916 1968 sunt,

1073 1985 1145 2014 quae
1165 1977 1199 2006 ad
1220 1978 1291 2006 hanc
1312 1981 1418 2014 partem
1440 1978 1611 2008 inducuntur
1622 1979 1641 2007 ⁵.

1151 2024 1217 2053 Nam
1232 2024 1328 2061 siquis
1342 2025 1505 2061 impugnare
1519 2028 1546 2054 et
1560 2025 1717 2062 improbare
1729 2026 1794 2056 velit
1807 2035 1916 2056 omnem
1925 2028 2057 2072 Egglgffimssg

1073 2070 1243 2099 mendicandi
1264 2071 1376 2099 modum
1397 2071 1424 2100 in
1445 2071 1533 2100 servis
1553 2072 1670 2107 Christi,
1692 2073 1856 2110 impugnare
1876 2074 1917 2103 vi-
1940 2076 2044 2101 multiplex-

1072 2117 1183 2146 debitur
1203 2126 1256 2146 non
1278 2121 1384 2147 tantum
1398 2118 1523 2147 ordinem
1536 2127 1705 2156 pauperum,
1721 2129 1818 2150 verum
1834 2122 1916 2150 etiam

1073 2164 1178 2201 ipsumv
1195 2173 1342 2194 dammam
1376 2165 1559 2203 Pontificem,
1581 2166 1627 2203 qui
1656 2167 1819 2203 approbavit
1841 2168 1915 2197 hunc
1928 2170 1999 2190 Primo.

1073 2211 1179 2240 vivendi
1208 2211 1336 2246 modum;
1364 2220 1414 2241 nec
1444 2213 1525 2242 etiam
1553 2216 1659 2242 tantum
1688 2214 1795 2251 ipsum,
1817 2222 1915 2244 verum

1072 2258 1153 2286 etiam
1176 2259 1249 2287 hunc
1269 2267 1411 2297 magnum
1432 2263 1541 2289 coetum
1562 2258 1754 2295 Sanctorum,
1775 2262 1825 2298 qui
1838 2269 1914 2290 men·
1926 2264 2019 2283 secunao.

1070 2304 1249 2339 dicaverunt,
1272 2306 1396 2335 videlicet
1423 2307 1614 2342 Franciscum,
1642 2308 1829 2343 Dominicum,
1856 2309 1914 2338 Ale-

232 2476 239 2489 ¹
258 2477 333 2499 Serm.
355 2477 388 2498 ll.
406 2477 471 2503 (alifis
489 2477 525 2498 48.
543 2476 600 2498 inter
617 2476 646 2498 50
665 2477 769 2500 homilias
785 2484 807 2500 n.
828 2479 866 2507 l.).
884 2478 1011 2507 Respicitur

169 2516 225 2538 Luc.
243 2516 284 2543 46,
297 2517 322 2538 9:
335 2516 409 2538 Facite
425 2515 493 2538 vobis
510 2515 596 2537 amicos
613 2515 642 2537 de
659 2521 791 2538 mammona
808 2520 851 2539 etc.
869 2518 953 2540 Textus
968 2518 1011 2540 ori-

172 2556 269 2583 ginalis:
283 2556 306 2578 ln
325 2556 367 2577 isio
385 2558 460 2577 autem
480 2558 594 2583 tempore,
606 2556 631 2576 ut
641 2555 787 2582 noverimus,
799 2560 936 2585 quantum...
947 2557 1010 2585 fecit,

169 2598 205 2622 ut,
223 2601 275 2619 cuin
294 2595 351 2617 fiunt
368 2595 404 2617 hic
421 2594 487 2617 amici
500 2594 529 2616 de
546 2599 677 2616 mammona
694 2597 738 2616 etc.
755 2594 863 2623 [subinde
879 2599 952 2619 textus
969 2597 1011 2619 ori-

172 2634 254 2661 ginalis
267 2634 331 2656 aliter
344 2634 410 2661 legit,
421 2634 443 2655 in
455 2636 508 2655 nota
520 2632 607 2655 adiecta
620 2631 740 2661 exhibetur
749 2636 825 2656 tamen
838 2635 903 2658 lectio
915 2636 1011 2667 nostru]-

232 2671 241 2684 ²
258 2673 275 2694 L
288 2673 356 2695 etiam
369 2673 399 2695 de
411 2673 476 2695 tertio
488 2672 559 2694 modo
571 2672 641 2693 multa
653 2671 759 2694 omittens
770 2674 793 2695 et
803 2674 863 2696 male
874 2676 1011 2699 contrahens

170 2712 224 2740 agit.
240 2724 271 2728 —
288 2711 392 2734 Vocibus
408 2711 534 2735 laudabitis
551 2712 585 2734 est
600 2711 619 2733 D
636 2711 760 2738 praemittit
774 2712 897 2736 meritoria
919 2715 948 2738 et.

212 2742 214 2746 ’
232 2749 240 2762 ⁸
258 2751 319 2772 Alias
336 2751 373 2773 33.
390 2757 413 2773 n.
431 2750 452 2773 4.
469 2756 517 2780 seq.
534 2750 577 2772 Pro
594 2749 636 2779 qm·
651 2748 795 2773 docebantur
819 2751 872 2779 (τῶν
889 2751 1011 2782 per-fintene.

169 2789 249 2820 μένων)
262 2789 315 2812 edd.
327 2789 370 2819 qui
380 2789 499 2817 docebant,
516 2792 538 2811 et
550 2795 592 2817 pro
603 2789 721 2812 monstrat
736 2788 780 2813 hoc
796 2789 896 2814 debitum
908 2792 1011 2817 amiens

169 2825 274 2855 (δείκνυσι
291 2824 317 2849 τὸ
335 2827 428 2857 πρᾶγμα
446 2825 536 2857 ὀφειλὴν
549 2823 583 2856 ὃν)
601 2827 767 2851 eaedemedd.
782 2831 901 2853 monstrat
916 2830 959 2854 hoc
974 2830 1011 2855 de·

169 2866 243 2890 bitum
259 2866 367 2895 effecere,
387 2872 414 2889 nc
432 2867 525 2889 demum
543 2873 558 2888 a
574 2865 642 2892 mibi-i
659 2872 700 2894 pro
716 2872 732 2889 a
748 2866 811 2890 vobis
826 2867 891 2898 (παρ’
908 2869 987 2899 ὐμῶν).

231 2905 240 2918 ⁴
257 2906 340 2928 Psalm.
359 2906 415 2933 103,
429 2905 466 2928 ⁴4.
483 2904 560 2927 Verba
576 2905 672 2933 allegata
690 2905 802 2929 habentur
818 2907 840 2929 in
852 2908 932 2931 Glossa
949 2908 1010 2932 ordi·

167 2944 237 2967 naria
256 2945 320 2972 apud
338 2944 458 2971 strabum,
470 2944 528 2966 Petr.
540 2944 664 2966 Lombard.
676 2947 697 2966 et
709 2944 824 2971 Lyranum
838 2945 869 2973 (in
883 2947 943 2969 hunc
956 2948 1008 2977 loc.)

1067 2483 1090 2502 et
1114 2481 1209 2502 formata
1234 2483 1288 2503 sunt
1312 2487 1339 2503 ex
1364 2480 1391 2503 iis
1411 2487 1472 2510 quae
1497 2482 1593 2510 August.
1619 2482 1730 2510 (Enarrat.
1755 2483 1778 2505 in
1803 2483 1838 2505 ΡΞ.
1860 2483 1913 2506 403.

1067 2525 1136 2542 serm.
1154 2520 1175 2542 3.
1192 2526 1215 2542 n.
1228 2521 1249 2542 9.
1262 2520 1320 2549 seq.)
1334 2520 1408 2543 docet.
1419 2532 1450 2537 —
1467 2521 1520 2543 Loci
1539 2521 1669 2549 Scripturae
1680 2525 1733 2544 sunt
1744 2523 1760 2544 1.
1771 2521 1823 2545 Cor.
1835 2522 1909 2551 ⁹12⁴&

1068 2559 1097 2581 lta
1115 2562 1136 2581 et
1158 2559 1269 2582 Dominus
1293 2559 1409 2583 ordinavit
1434 2560 1460 2583 iis
1484 2561 1523 2589 qui
1550 2561 1700 2589 evangelium
1725 2561 1860 2584 annuntiant
1883 2561 1912 2584 de

1067 2598 1192 2626 Evangelio
1201 2598 1289 2621 vivere.
1300 2599 1422 2622 Secundus
1434 2599 1490 2622 ibid.
1502 2606 1525 2622 v.
1538 2600 1579 2627 ¹¹93
1593 2599 1671 2622 tertius
1683 2599 1738 2623 ibid.
1749 2606 1772 2623 v.
1788 2600 1809 2627 9,
1821 2602 1912 2623 sumtus

1067 2643 1094 2659 ex
1111 2637 1177 2659 Deut.
1194 2637 1235 2663 25,
1254 2637 1282 2664 4,
1301 2639 1469 2666 quartnstuc.
1486 2639 1527 2666 to,
1544 2638 1574 2661 7:
1591 2639 1680 2667 Dignus
1696 2642 1730 2662 est
1746 2639 1807 2661 enim
1832 2645 1912 2667 opera-

1067 2676 1115 2698 rius
1132 2678 1175 2697 etc.
1193 2676 1291 2704 Quintus
1308 2677 1322 2699 l.
1340 2676 1393 2700 Cor.
1410 2677 1434 2704 9,
1453 2677 1478 2699 Μ
1492 2685 1497 2699 :
1516 2677 1538 2699 Si
1555 2684 1598 2700 nos
1614 2677 1682 2700 vobis
1698 2678 1824 2706 spiritualia
1844 2678 1912 2701 semi-

1067 2714 1186 2741 navimus,
1204 2721 1316 2743 magnum
1328 2719 1372 2743 est,
1384 2716 1403 2738 si
1420 2722 1462 2739 nos
1479 2716 1578 2739 carnalia
1595 2720 1670 2753 xjefslrn
1687 2718 1817 2739 metamus?
1830 2717 1911 2740 Sextus

1067 2754 1103 2776 Ps.
1121 2753 1163 2780 40,
1182 2754 1189 2775 i
1204 2762 1209 2780 ς
1227 2753 1340 2781 septimus
1357 2755 1412 2777 Luc.
1429 2755 1455 2783 6,
1473 2756 1516 2778 30:
1543 2755 1611 2778 Omni
1627 2759 1703 2778 autem
1729 2756 1813 2783 petenti
1831 2758 1853 2778 te
1875 2756 1910 2778 tri-

1067 2792 1120 2814 bue.
1137 2793 1180 2814 Pro
1197 2796 1280 2816 octavo
1299 2794 1320 2816 in
1338 2794 1376 2817 ed.
1397 2795 1479 2822 Lyrani
1502 2795 1613 2822 allegatur
1636 2794 1705 2818 Eccli.
1722 2794 1759 2816 29.
1775 2806 1806 2811 —
1824 2794 1909 2817 Textus

1066 2832 1184 2859 originalis
1201 2833 1284 2855 omittit
1300 2834 1328 2856 ut
1343 2833 1371 2856 de
1386 2833 1516 2863 Evanyelio
1532 2833 1613 2856 vivant
1629 2833 1670 2863 qui
1692 2832 1848 2863 Evanqelium
1869 2838 1910 2859 an·

1066 2870 1189 2899 nuntiant,
1209 2874 1232 2893 et
1248 2874 1301 2899 post
1316 2872 1417 2895 humiles
1433 2873 1499 2901 plura
1517 2873 1588 2895 addit.

1128 2908 1138 2921 ⁶
1155 2910 1170 2931 L
1188 2910 1271 2933 omittit
1288 2917 1348 2939 quae
1365 2914 1502 2940 sequuntur.
