2285 3398
99 637 192 657 Secunda.

121 1104 193 1123 Torua.

112 1897 190 1920 Quarta.

997 133 1106 161 sERMO
1129 133 1167 160 lll.

211 216 264 241 tem
293 212 345 241 suh
376 213 558 241 sacramento.
583 211 626 239 Est
654 211 741 247 ergo¹
764 211 966 244 nobilissimus,
987 210 1052 248 quia

210 259 405 288 nobilissimam
428 259 509 287 habet
530 266 649 286 causam.
672 274 709 279 --
739 258 783 286 Est
805 258 983 286 nihilominus
1005 266 1052 286 no-

211 306 375 339 bilissimus,
397 306 463 342 quia
487 304 663 338 nobilissimi,
686 304 811 333 videlicet
833 304 939 341 Angeh,
962 312 1051 333 come-

209 352 278 380 dunt
299 360 362 381 eum
385 360 482 389 panem
504 352 561 380 sine
583 351 691 379 furfure
712 351 895 385 sacramenti,
911 351 957 388 qui
975 350 1052 379 nobis

210 399 399 435 peccatoribus
419 398 501 427 datur
522 398 574 427 sub
595 398 696 426 cortice
718 398 870 427 velamenti.
894 398 924 426 Et
940 399 1052 434 propter

211 446 260 474 hoc
281 445 406 474 excitans
427 453 477 473 nos
497 444 616 481 Spiritus
630 447 741 473 sanctus
755 444 788 473 ad
802 445 954 481 gratiarum
969 443 1051 472 actio-

210 500 270 520 nem
293 491 421 528 proponit
441 491 546 520 dieens:
567 490 745 528 Angelorum
759 500 825 520 esca
838 490 991 519 'nutrivisti
1001 499 1051 527 po-

209 538 312 575 pulum
334 542 426 566 tuum.

288 585 333 613 38.
356 584 480 613 Secundo
501 592 603 621 corpus
622 584 722 613 Christi
741 584 794 613 sub
809 585 898 621 figura
916 583 1053 612 mannetis

210 636 251 661 est
265 632 343 661 cibus
362 640 468 669 sapore
481 631 695 665 suavissimus;
716 640 798 668 sapor
812 631 884 660 enim
907 631 991 659 huius
1006 638 1051 667 pa·

210 679 252 708 uis
271 679 386 707 attrahit
405 677 540 707 desideria
561 678 678 707 millium
700 678 880 715 Angelorum,
902 676 947 706 sed
969 677 1050 705 etiam

210 726 237 755 in
259 726 310 754 hoc
332 725 435 753 mundo
449 725 552 753 excitat
573 725 656 753 corda
670 729 764 754 nostra
784 724 852 753 odor
869 724 929 753 eius
943 727 970 752 et
984 732 1052 761 quo-

211 772 273 801 tidie
294 772 328 801 ad
351 771 475 801 bravium
497 775 524 800 et
554 772 587 800 ad
616 772 793 809 plenitudinis
820 772 880 801 eius
906 772 1050 800 cumulum

209 819 359 854 attraliit2;
381 818 453 848 unde
484 819 597 848 loannes
629 819 799 856 Evangelista
814 818 840 847 ³:
862 818 945 847 -Odor
975 821 1051 852 tuus,

211 866 339 900 Domine,
354 865 589 903 concupiscentias
603 866 630 895 in
645 874 689 895 me
703 866 835 895 excitavit
848 868 983 895 aeternas.
999 866 1052 894 lloc

209 917 251 943 est
271 913 351 943 etiam
379 913 453 951 quod
474 912 575 942 dicitur
604 913 648 942 hic
668 913 702 942 de
729 920 846 949 corpore
870 912 971 941 Christi
1000 912 1053 941 sub

210 959 299 997 figura
318 959 468 993 mannatis,
490 959 563 996 quod
586 959 703 988 habebat
723 967 805 987 omne
820 958 1053 987 delectamentum

209 1009 234 1035 et
254 1006 348 1035 omnis
368 1005 485 1043 saporis
505 1006 689 1034 suavitatem.

288 1053 333 1082 39.
356 1053 447 1082 Tertio
467 1055 509 1082 est
530 1052 580 1081 iste
601 1053 679 1081 cibus
700 1052 730 1080 in
751 1052 927 1080 coutinentia
942 1051 1052 1089 dionis-

209 1100 310 1129 simus.
325 1100 451 1129 Continet
465 1100 537 1128 enim
560 1102 643 1128 totam
659 1098 858 1128 sanctissimam
879 1099 1052 1133 Trinitatem;

208 1150 320 1185 propter
342 1147 394 1176 hoc
414 1146 496 1175 etiam
524 1154 576 1174 vas
604 1145 757 1175 Trinitatis
776 1144 886 1174 dicitur.
913 1145 1053 1178 Continet,

207 1194 279 1229 dico,
301 1202 350 1232 per
371 1193 576 1231 praesentiam⁴²
596 1196 623 1222 et
644 1192 841 1226 assistentiam,
863 1199 918 1220 non
937 1199 986 1228 per
1001 1191 1054 1219 cir-

208 1241 456 1278 cumscriptionem.
478 1241 539 1277 Ipsa
565 1252 578 1265 «
593 1243 634 1269 est
648 1240 721 1269 enim
736 1240 809 1268 intra
822 1238 929 1273 omnia,
944 1246 998 1267 non
1014 1238 1055 1267 in-

207 1288 299 1322 clusa;
320 1290 402 1316 extra
422 1287 525 1321 omnia,
547 1295 600 1315 non
622 1287 752 1320 exclusa3
774 1293 860 1322 supra
880 1285 984 1319 omnia,
999 1293 1053 1313 non

207 1335 292 1374 elata;
313 1334 384 1363 infra
403 1334 508 1368 omnia,
524 1342 579 1363 non
594 1336 732 1371 prostrata
742 1333 753 1350 ⁵
768 1345 794 1361 ».
812 1332 847 1361 lbi
863 1333 936 1361 enirn
951 1335 993 1361 est
1013 1332 1054 1361 Fi-

209 1381 261 1410 lius
282 1389 331 1419 per
345 1381 576 1415 incarnationem,
598 1381 676 1409 Pater
690 1383 717 1408 et
732 1379 851 1416 Spiritus
865 1383 977 1408 sanctus
990 1387 1054 1408 cum

207 1428 301 1458 eodem
322 1436 372 1465 per
400 1428 590 1469 indivisibilem
620 1427 704 1456 unius
731 1427 902 1456 substantiae
930 1434 1053 1455 commu-

208 1476 330 1510 nionem;
351 1478 378 1504 et
393 1478 505 1512 propter
526 1475 578 1504 hoc
599 1474 700 1503 dicitur
722 1474 766 1502 hic
781 1474 814 1503 ad
836 1474 957 1502 Patrem:
979 1473 1052 1502 Sub-

207 1521 347 1550 stantiam
368 1524 392 1549 ct
407 1520 586 1549 dulcedinem
600 1524 697 1554 tuam,
719 1529 809 1557 quam
825 1520 855 1548 in
872 1520 948 1556 filios
970 1519 1062 1553 habea

207 1567 259 1596 bas
266 1567 287 1601 ⁶,
308 1567 483 1601 ostendebas,
498 1575 529 1595 ac
547 1567 568 1595 si
584 1566 702 1595 diceret:
723 1566 746 1594 Ο
761 1569 805 1600 tu,
821 1567 908 1600 Pater,
928 1566 1053 1595 substan-

207 1614 272 1643 tiam
287 1616 374 1648 tuam,
390 1613 416 1642 id
430 1616 472 1642 est
485 1613 582 1642 Filium
598 1616 677 1641 tuum
693 1628 729 1633 —
742 1614 825 1641 totam
837 1613 909 1641 enim
925 1612 1052 1641 substan-

208 1661 271 1690 tiam
299 1669 377 1690 suam
395 1660 445 1689 dat
471 1661 550 1689 Pater
571 1660 636 1688 Filio
656 1676 695 1681 —-
713 1662 741 1688 et
760 1659 933 1688 dulcedinem
963 1662 1050 1692 tuam,

208 1708 235 1737 id
256 1711 297 1737 est
324 1707 456 1745 Spiritum
485 1710 581 1741 tuum,
603 1714 686 1744 quam
714 1706 834 1735 habebas
861 1705 896 1734 ab
923 1708 1051 1739 aeterno,

207 1755 326 1784 ostendis
347 1757 520 1792 praesentem
548 1754 575 1782 in
597 1753 706 1782 saeculo
727 1752 887 1782 illuminatis
913 1751 1052 1780 mentibus

208 1802 260 1831 suh
280 1803 332 1831 hoe
353 1803 538 1831 Sacramento.

285 1849 330 1877 lit).
352 1849 456 1885 Quarto
480 1851 521 1877 est
549 1848 599 1876 iste
621 1848 699 1876 cibus
723 1847 776 1876 sub
803 1847 892 1883 figura
917 1846 1052 1875 mannatis

207 1895 238 1924 in
258 1895 388 1934 efficacia
408 1894 666 1927 mirabilissimus:
690 1897 717 1922 et
742 1897 854 1931 propter
880 1894 929 1922 hoc
951 1893 1052 1921 dieitur

208 1942 268 1976 hic,
297 1943 370 1980 quod
391 1942 552 1971 deserviens
581 1941 813 1979 uniuscuiusque
833 1940 991 1974 voluntati,
1013 1940 1053 1968 ad

207 1989 285 2027 quod
297 1990 417 2027 quisque
431 1989 554 2023 volebat,
569 1987 794 2016 convertebatur.
808 1987 964 2016 Secundum
978 1987 1051 2015 enim

1895 137 1910 165 5
1915 137 1949 165 625

1107 211 1286 247 quantitatem
1305 212 1389 240 honae
1406 213 1553 240 voluntatis
1575 216 1601 241 et
1616 213 1767 241 secundum
1788 214 1950 249 magnitudi-

1109 265 1170 285 nem
1194 258 1263 286 vitae
1283 261 1311 287 et
1331 259 1482 287 sanctitatis
1502 259 1645 296 attingitur
1671 261 1784 289 ellectus
1814 261 1949 295 utilitatis,

1108 304 1179 332 sicut
1202 305 1265 333 dicit
1295 306 1391 333 heatus
1416 306 1606 334 Bernardu57:
1627 307 1795 342 «Quatenus
1821 307 1846 334 in
1873 307 1950 335 bonis

1108 351 1213 379 Domini
1237 352 1331 388 pedem
1354 352 1469 381 fiduciae
1491 353 1601 387 fixeris,
1623 357 1736 382 eatenus
1759 353 1948 389 possidebis».
1979 374 1984 380 .

1109 413 1144 417 —
1158 398 1188 425 Et
1203 398 1268 426 haec
1283 401 1323 426 est
1339 399 1423 431 ratio,
1438 399 1512 435 quod
1532 399 1619 427 sancti
1636 399 1668 427 ad
1684 399 1866 427 nobilissimos
1886 399 1949 427 ell'e-

1108 447 1169 472 ctus
1185 445 1268 473 huius
1282 445 1448 473 Sat-rumenti
1465 449 1663 481 pervenerunt,
1679 446 1743 482 quia
1758 446 1783 473 in
1800 446 1877 474 honis
1891 446 1950 474 eius

1108 491 1254 520 altissimae
1283 492 1397 519 fiduciae
1424 492 1519 528 pedem
1548 493 1679 521 fixerunt.
1703 493 1734 521 Et
1760 496 1871 529 propter
1900 492 1951 521 hoc

1109 535 1208 574 legitur
1229 538 1262 566 de
1284 538 1362 566 beata
1382 538 1474 572 Clara,
1496 539 1569 575 quod
1591 539 1628 567 sic
1651 540 1762 568 timebat
1784 539 1836 568 sub
1857 540 1951 567 Sacra-

1108 588 1201 613 mento
1216 585 1359 619 latentem,
1375 585 1446 613 sicut
1467 586 1492 613 in
1514 586 1630 614 dextera
1652 586 1737 614 Patris
1758 586 1909 619 sedentem,
1925 589 1951 614 et

1108 632 1173 669 quia
1186 632 1346 661 altissimam
1367 632 1400 661 ad
1417 633 1503 661 Deum
1526 633 1643 661 hahebat
1658 633 1799 666 fiduciam,
1815 632 1874 661 ideo
1895 640 1952 661 me-

1109 678 1165 707 ruit
1183 678 1279 707 audire
1294 678 1346 707 sul)
1361 679 1536 707 Sacramento
1550 679 1713 707 existentem
1729 679 1885 707 carnalibus
1902 687 1951 707 au—

1109 725 1186 753 ribus
1208 725 1364 761 loquentem
1378 724 1397 753 8.
1420 741 1456 745 -
1479 724 1634 753 Secundum
1656 733 1722 761 ergo
1742 725 1816 762 quod
1837 725 1952 762 quilibet

1108 772 1217 800 Christo
1238 772 1291 800 sub
1312 772 1363 800 hoc
1378 772 1553 800 Sacramento
1574 772 1711 806 occurrit,
1733 772 1884 801 secundum
1900 772 1951 801 hoc

1108 818 1189 847 etiam
1211 818 1337 847 Christus
1351 826 1415 847 cum
1436 818 1600 847 muneribus
1615 818 1718 856 gratiae
1736 826 1802 848 suae
1820 826 1849 847 se
1863 819 1886 847 ei
1902 826 1951 847 ex-

1109 865 1229 899 hibebit,
1250 867 1346 902 utpote
1374 865 1479 902 magnis
1507 873 1620 903 magne,
1642 865 1827 894 mediocribus
1850 864 1952 894 medio-

1109 919 1168 945 cre,
1185 912 1307 948 parvulis
1329 912 1456 949 parvule,
1471 912 1550 940 malis
1571 912 1650 940 male.
1668 911 1742 940 Cum
1760 912 1866 940 Sancto
1880 911 1954 940 enim

1108 961 1229 987 sanctus
1242 958 1311 993 eris,
1323 962 1425 987 etcum
1437 967 1573 995 perverso
1580 958 1755 996 perverteris
1767 959 1793 992 ⁹‚·
1804 962 1830 987 et
1841 962 1953 996 propter

1110 1006 1161 1034 hoc
1182 1005 1282 1043 legitur
1297 1006 1331 1035 de
1352 1006 1404 1035 hoc
1425 1009 1608 1035 sacramento:
1629 1005 1712 1042 Quod
1731 1005 1768 1034 ab
1785 1006 1849 1044 iym
1863 1010 1953 1035 exter-

1108 1052 1223 1081 minari
1241 1060 1300 1081 non
1319 1056 1448 1090 poterat,
1469 1052 1569 1081 statim
1590 1052 1627 1080 ab
1647 1052 1753 1090 exiyuo
1778 1052 1864 1081 radio
1884 1052 1953 1081 solis

1109 1097 1284 1137 calefactum
1305 1098 1477 1133 tabescebat,
1493 1099 1519 1127 id
1540 1102 1593 1133 est,
1609 1099 1774 1136 liquefiebat.
1797 1099 1865 1127 Haec
1880 1099 1952 1128 enim

1104 1148 1170 1174 erat
1190 1145 1306 1174 materia
1325 1145 1474 1179 mannam,
1496 1145 1570 1182 quod
1590 1145 1624 1173 ad
1645 1145 1764 1174 calorem
1785 1146 1855 1183 ignis
1876 1145 1955 1174 indu-

1110 1192 1226 1221 rabatur
1247 1195 1274 1220 et
1294 1192 1328 1220 ad
1349 1192 1468 1220 calorem
1497 1191 1561 1219 solis
1583 1191 1765 1228 liquescebat,
1794 1192 1827 1221 ad
1853 1192 1955 1229 signifi-

1110 1239 1242 1273 candum,
1264 1238 1337 1275 quod
1358 1238 1405 1275 qui
1427 1238 1531 1267 accedit
1546 1238 1580 1266 ad
1602 1239 1653 1267 hoc
1668 1239 1892 1274 Sacramentum,
1907 1240 1955 1268 ba-

1110 1286 1178 1314 bens
1205 1285 1233 1314 in
1254 1293 1284 1314 se
1311 1285 1401 1322 ignem
1427 1285 1544 1314 carnalis
1572 1285 1720 1322 voluptatis
1748 1286 1791 1315 vel
1820 1286 1955 1315 humanae

1111 1332 1283 1370 cupiditatis,
1304 1335 1429 1363 meretur
1457 1332 1597 1366 indurari;
1626 1332 1659 1361 ad
1687 1333 1777 1370 ignem
1803 1333 1876 1362 enim
1904 1334 1956 1362 hoc

1110 1382 1315 1409 sacramentum
1343 1379 1535 1408 indurabatur.
1565 1379 1616 1416 Qui
1642 1388 1708 1409 vero
1728 1380 1832 1409 accedit
1852 1381 1956 1410 habens

1110 1426 1230 1455 calorem
1251 1426 1328 1460 solis,
1350 1426 1377 1454 id
1397 1429 1438 1455 est
1458 1426 1595 1455 servorem
1617 1426 1753 1461 caritatis,
1776 1430 1900 1456 meretur
1924 1427 1955 1456 li-

1109 1474 1241 1511 quefieri,
1257 1473 1284 1502 id
1305 1476 1358 1507 est,
1375 1474 1588 1502 vehementioris
1609 1474 1730 1503 caritatis
1745 1475 1806 1510 igne
1828 1474 1953 1511 purgari;

1109 1521 1142 1549 ad
1165 1521 1271 1549 radium
1298 1520 1370 1548 enim
1385 1519 1450 1548 solis
1470 1519 1537 1547 illud
1557 1523 1759 1548 sacramentum
1782 1520 1953 1557 liquefiebat,

1108 1567 1136 1595 id
1164 1570 1220 1600 est,
1249 1574 1298 1602 per
1326 1566 1453 1594 affectum
1482 1565 1621 1602 liquefacit
1641 1566 1777 1601 animam,
1805 1570 1836 1595 ut
1863 1567 1954 1597 dicere

1108 1612 1193 1649 possit
1214 1612 1281 1640 illud
1303 1612 1404 1640 Cantici
1418 1612 1455 1640 ¹⁰:
1472 1612 1581 1640 Anima
1595 1621 1660 1641 mea
1681 1612 1838 1651 liquefacta
1852 1617 1906 1648 est,
1921 1618 1955 1643 ut

1107 1658 1227 1686 dilectus
1247 1658 1360 1686 locutus
1388 1662 1436 1686 est.
1459 1659 1490 1687 Et
1511 1659 1549 1688 sic
1577 1659 1708 1696 impletur
1729 1660 1756 1687 in
1778 1660 1830 1688 hoc
1858 1661 1953 1689 Sacra-

1107 1708 1200 1734 mento
1220 1705 1294 1742 quod
1315 1705 1343 1734 in
1364 1706 1454 1743 figura
1474 1705 1577 1734 dictum
1599 1708 1641 1735 est
1661 1706 1694 1735 de
1716 1710 1856 1742 mannate,
1878 1708 1952 1744 quod

1107 1752 1138 1780 in
1149 1752 1249 1780 omnia
1260 1751 1478 1790 transfiyurata
1492 1753 1623 1781 omnium
1637 1753 1749 1782 nutrici
1757 1753 1874 1791 yra-tz'ae
1885 1758 1952 1783 tuae

1107 1798 1283 1827 deserviebat
1302 1799 1342 1827 ad
1364 1798 1537 1827 volunlatem
1558 1808 1659 1828 eorum
1674 1799 1725 1837 qui
1738 1808 1758 1828 ιι
1773 1800 1829 1828 Deo
1844 1800 1951 1829 deside-

1108 1845 1170 1874 rati
1189 1849 1266 1874 sunt.

1186 1892 1232 1920 41.
1255 1892 1307 1921 Sed
1320 1893 1340 1910 ¹¹
1357 1892 1466 1930 legitur,
1481 1893 1555 1930 quod
1576 1893 1624 1922 filii
1647 1893 1728 1922 Israel
1743 1902 1797 1922 non
1819 1901 1951 1931 pervene-

1110 1942 1176 1968 runt
1191 1939 1224 1968 ad
1239 1939 1331 1968 cibum
1347 1940 1491 1974 mannatis,
1502 1940 1553 1969 nisi
1567 1940 1644 1977 prius
1658 1941 1781 1969 exissent
1792 1941 1951 1978 Aegyptum,

1110 1986 1272 2015 transissent
1293 1995 1370 2016 mare
1391 1987 1527 2022 rubrum,
1549 1987 1696 2017 intrassent
1717 1988 1870 2022 desertum,
1892 1988 1953 2017 dul-

270 2180 277 2194 ¹
297 2183 326 2204 lta
345 2181 403 2203 bene
416 2181 470 2208 D,C
488 2181 587 2210 Estque,
606 2181 622 2202 Α
637 2180 716 2203 Primo
733 2182 823 2210 estque,
842 2181 925 2203 Bonelli
937 2181 979 2204 Est
995 2187 1051 2210 quo-

208 2226 264 2249 que,
281 2220 321 2249 qui
338 2220 436 2242 subinde
454 2219 554 2242 contine!
571 2225 670 2241 causam
687 2225 729 2247 pro
741 2219 808 2242 habet
820 2225 933 2247 causam,
951 2219 994 2241 AC
1012 2219 1050 2242 luz-

208 2258 243 2282 bet
259 2265 369 2287 carnem,
387 2264 522 2287 perperam,
539 2258 593 2286 quia
610 2258 639 2280 de
659 2267 670 2277 α
682 2258 818 2280 continentia
832 2267 842 2277 n
862 2258 938 2286 agitur
954 2258 1018 2280 infra.

269 2296 278 2310 ⁵³
296 2299 419 2327 Sequimur
437 2298 472 2319 hic
490 2298 507 2319 Α
519 2297 548 2323 C,
566 2297 662 2325 Bonelli,
685 2298 722 2319 cui
744 2303 769 2319 ex
793 2301 857 2325 parte
882 2299 958 2319 savcnt
981 2298 1050 2320 ceteri

207 2337 283 2364 codd„
296 2340 348 2365 post
364 2336 453 2360 mundo
471 2336 551 2358 habet:
564 2335 622 2358 odor
639 2335 691 2359 licet
706 2336 857 2359 tenuissimus
874 2336 962 2359 coecitat
978 2336 1050 2359 corda

207 2375 341 2403 homiuum,
353 2377 380 2399 ut
396 2376 421 2398 in
435 2375 507 2398 odore
523 2375 572 2398 eius
588 2374 716 2397 trahantur
729 2375 754 2401 <B
764 2375 782 2397 D
792 2376 807 2397 E
819 2376 943 2404 curratur)
956 2375 988 2398 ad
999 2375 1051 2398 bra-

207 2414 297 2437 vium...
314 2414 447 2437 cumulum.

270 2452 279 2464 Β
297 2454 343 2475 Non
360 2456 394 2475 est
411 2454 433 2475 in
451 2453 576 2481 Scriptura.
593 2453 676 2474 Bonelli
694 2453 730 2474 hic
747 2455 820 2474 notat:
837 2453 859 2474 ln
877 2452 983 2475 oratioue
1000 2455 1051 2474 ante

207 2491 296 2514 obitum
313 2492 374 2519 eius,
392 2498 461 2520 quain
474 2491 647 2514 devotissimam
658 2491 729 2521 fudit,
741 2493 851 2514 referente
863 2491 929 2513 Petro
940 2491 969 2513 de
981 2491 1050 2512 Natal.

208 2531 231 2552 in
251 2530 320 2553 Catal.
337 2531 440 2552 Sanctor.
457 2530 514 2552 libro
536 2531 560 2552 ll.
577 2530 606 2552 de
624 2531 710 2553 Sanctis
730 2536 809 2552 mense
833 2529 951 2552 Decembri
974 2535 1051 2551 occur-

207 2568 322 2595 rentibus,
334 2575 354 2591 c.
366 2569 388 2591 7.
399 2581 430 2585 —
443 2569 504 2591 ldem
523 2572 574 2597 post
590 2570 698 2591 aeternas
716 2569 872 2598 prosequitur:
894 2576 903 2588 α
915 2568 960 2591 scis
977 2567 1049 2593 enim,

208 2608 313 2635 Domine,
326 2608 381 2637 quia
394 2599 553 2630 desiderabam
574 2607 650 2631 cidere
662 2610 689 2631 te.
701 2609 771 2632 Nunc
786 2610 865 2631 autem
881 2607 992 2630 inritatus
1004 2613 1017 2629 α
1031 2608 1051 2629 te

208 2646 299 2676 qratia>-
311 2652 356 2675 aqo
366 2646 407 2669 tibi
416 2655 437 2668 υ.
446 2646 473 2672 Et
485 2646 522 2669 liic
533 2646 619 2669 dicitur
632 2646 716 2669 habere
727 2653 795 2670 omae
806 2646 999 2669 delectamentum
1008 2650 1051 2668 etc.

271 2685 279 2697 ⁴
298 2687 326 2708 lia
344 2687 361 2707 Α
372 2686 426 2713 BE,
444 2685 528 2707 Bonelli
543 2685 680 2713 potentiam.

270 2723 279 2736 ⁶
297 2725 325 2746 lta
338 2724 367 2746 de
379 2724 426 2746 Deo
438 2723 498 2749 isid„
511 2724 526 2745 l.
535 2725 596 2745 sent.
606 2729 624 2745 c.
636 2724 688 2745 211.
698 2724 720 2751 3,
729 2727 751 2746 et
759 2724 835 2753 quoad
845 2730 937 2746 sensum
947 2725 1050 2751 (drogon,

209 2764 314 2786 hailei-al.
323 2770 343 2786 c.
354 2764 387 2785 12.
397 2770 419 2785 11.
428 2763 465 2785 20.
474 2775 504 2779 —
513 2762 596 2785 Bonelli
607 2762 628 2784 in
638 2763 742 2790 pluribus
754 2764 840 2786 recedit
852 2770 863 2785 a
876 2764 970 2785 lectione
983 2763 1051 2785 codd.

271 2801 280 2814 ⁶
297 2803 327 2825 lta
345 2803 381 2824 hic
398 2808 477 2824 omnes
494 2801 562 2824 codd.
579 2804 600 2823 et
616 2807 685 2828 supra
703 2808 725 2823 n.
742 2803 779 2824 36.
796 2803 837 2824 soli
854 2804 871 2824 Α
882 2803 904 2824 Ε.

271 2840 279 2852 ⁷
298 2842 374 2863 Potius
390 2842 513 2863 Guerricus
530 2840 594 2867 abb„
610 2846 679 2862 serm.
692 2840 714 2862 in
732 2842 788 2866 sesto
800 2842 823 2863 S.
835 2841 962 2868 Benedicti,
973 2842 1049 2870 quoad

209 2886 308 2902 sensum.
326 2892 356 2896 —
373 2880 457 2902 Bonelli
475 2886 517 2908 pro
534 2879 599 2902 bonis
617 2878 723 2906 Domini,
741 2880 804 2908 quod
827 2879 926 2902 habebat
942 2886 994 2902 cum
1012 2887 1051 2903 no-

209 2918 260 2941 stris
277 2919 345 2941 codd.
362 2920 523 2946 apographum
541 2919 601 2945 eius,
618 2917 733 2940 substituit
750 2917 951 2941 benedictionibus.

1169 2179 1179 2193 ⁸
1197 2181 1242 2204 Csr.
1260 2182 1366 2209 Legenda
1385 2182 1414 2204 de
1433 2182 1454 2204 S.
1472 2182 1536 2204 Clara
1555 2182 1676 2210 (impressa
1695 2183 1717 2204 in
1733 2183 1850 2210 Supplem.
1869 2175 1952 2206 Bonelli

1089 2212 1091 2215 ⁸
1107 2222 1161 2242 tom.
1175 2221 1207 2242 111.
1219 2220 1347 2249 {ise-4049)
1365 2227 1385 2242 c.
1399 2220 1420 2242 4.
1436 2227 1458 2242 11.
1471 2222 1513 2247 211;
1529 2223 1551 2243 et
1568 2221 1589 2242 in
1607 2221 1723 2243 Breviario
1741 2222 1953 2249 llomano-Serapli.

1107 2260 1129 2281 in
1146 2260 1196 2282 lect.
1215 2260 1251 2282 Vl.
1269 2260 1317 2282 sesti
1335 2261 1357 2282 S.
1374 2260 1453 2282 Clarae
1476 2260 1523 2287 (¹2.
1540 2260 1608 2288 Aug.)
1632 2261 1761 2282 reseruntur
1782 2260 1853 2282 verba
1870 2260 1951 2284 Christi

1107 2304 1133 2320 ex
1145 2305 1174 2321 ss.
1188 2299 1335 2320 Sacrameuto
1353 2299 1381 2319 ita
1399 2298 1524 2326 loquentis:
1542 2299 1590 2326 Ego
1607 2305 1649 2321 vos
1666 2305 1757 2326 semper
1775 2299 1910 2321 custodiam.
1921 2312 1952 2316 —

1107 2338 1170 2365 Quae
1188 2337 1223 2358 hic
1239 2337 1262 2358 in
1279 2337 1347 2359 codd.
1364 2337 1382 2358 Α
1392 2336 1432 2359 CE
1444 2337 1549 2364 leguntur
1561 2337 1590 2359 de
1602 2338 1624 2359 S.
1637 2337 1714 2363 Clara,
1726 2337 1809 2359 Bonelli
1823 2338 1884 2364 (cum
1897 2338 1950 2366 B-D)

1106 2375 1208 2397 attribuit
1230 2375 1370 2403 quibusdam
1394 2376 1493 2397 Sanctis:
1514 2375 1566 2398 Ideo
1583 2375 1680 2404 quidam
1697 2375 1791 2403 Sancti,
1809 2377 1836 2398 ut
1853 2370 1950 2405 livitur,

1106 2413 1140 2436 sic
1157 2412 1269 2436 timebant
1284 2413 1358 2436 sub...
1375 2414 1488 2437 sedentem
1498 2423 1505 2439 ,·
1522 2416 1544 2437 ct
1560 2414 1654 2443 quidam
1673 2414 1812 2437 carnalibus
1830 2415 1903 2438 oculis
1921 2416 1951 2438 ri-

1107 2451 1160 2474 dere
1177 2453 1316 2474 meruerunt
1332 2452 1375 2475 sub
1393 2452 1547 2475 Sacramcnto
1564 2452 1683 2475 embertus
1699 2453 1816 2482 sormam,
1835 2455 1951 2480 refragan-

1107 2490 1168 2513 tibus
1185 2491 1263 2519 quoad
1280 2494 1352 2513 cetera
1371 2492 1439 2514 etiam
1457 2492 1508 2513 DE.

1169 2527 1178 2540 ⁰
1197 2530 1278 2552 Psalm.
1296 2530 1335 2557 l7,
1353 2531 1390 2552 26.
1408 2530 1444 2552 27.
1462 2531 1515 2559 ch.
1533 2530 1595 2552 locus
1610 2532 1643 2552 cst
1655 2531 1708 2558 Sap.
1725 2531 1761 2557 16,
1774 2531 1811 2553 27.
1824 2543 1853 2547 —
1866 2531 1950 2553 Bonelli

1108 2569 1129 2591 in
1146 2575 1211 2598 seqq.
1228 2570 1292 2596 plura
1311 2570 1401 2592 omittit.

1170 2606 1189 2619 ¹⁰
1206 2608 1261 2636 Cap.
1279 2609 1304 2636 5,
1322 2610 1343 2631 6.
1361 2610 1414 2638 Seq.
1431 2610 1494 2631 locus
1511 2611 1544 2631 est
1562 2609 1614 2636 Sap.
1630 2609 1669 2636 16,
1687 2610 1729 2636 25,
1748 2609 1787 2631 ubi
1804 2616 1816 2632 a
1835 2610 1881 2632 Deo
1899 2610 1949 2632 Vul-

1108 2650 1159 2674 gata
1176 2653 1191 2669 a
1208 2648 1228 2670 te
1244 2647 1414 2671 desiderabant.

1170 2684 1188 2697 ¹¹
1206 2686 1247 2708 llic
1258 2687 1347 2715 explicit
1359 2687 1410 2709 cod.
1422 2687 1450 2713 B;
1464 2687 1547 2709 Bonelli
1559 2687 1621 2709 Nota
1633 2688 1712 2710 autem
1727 2694 1768 2715 pro
1780 2687 1840 2715 Seth·
1852 2689 1869 2710 A
1880 2688 1895 2709 C
1906 2688 1924 2709 D
1933 2688 1948 2710 E

1107 2724 1195 2746 addunt
1211 2724 1267 2753 quia
1284 2729 1335 2753 post
1352 2725 1412 2753 Sed,·
1430 2731 1490 2754 qnae
1507 2725 1572 2748 lectio
1590 2725 1648 2747 bene
1664 2727 1770 2748 convenit
1782 2729 1909 2749 contractae
1921 2727 1948 2749 le·

1107 2762 1187 2790 ctioni,
1205 2770 1275 2791 quam
1293 2764 1349 2786 infra
1367 2764 1451 2787 habent
1468 2765 1483 2786 Α
1494 2764 1523 2791 C,
1541 2764 1581 2786 sed
1598 2765 1725 2787 secundum
1744 2766 1862 2788 lectionem
1880 2772 1891 2787 a
1909 2772 1949 2788 no-

1107 2801 1142 2824 bis
1157 2805 1272 2830 receptam
1289 2803 1365 2826 reddit
1381 2804 1561 2832 propositionem
1578 2804 1741 2832 incongruam
1754 2805 1815 2826 uude
1827 2804 1880 2826 illud
1893 2804 1947 2833 qiua

1107 2841 1267 2868 expunximus.
1284 2843 1341 2864 Infra
1365 2849 1407 2871 pro
1426 2842 1496 2872 prais
1519 2843 1621 2866 emissent
1638 2844 1657 2865 Α
1670 2844 1811 2872 priusquam
1833 2842 1948 2865 emit-erim

1106 2879 1123 2902 C
1137 2880 1186 2901 DE
1204 2880 1348 2910 priusquam
1373 2881 1494 2909 exierunt,
1518 2883 1558 2910 qui
1580 2882 1648 2904 etiam
1671 2882 1753 2905 deinde
1776 2882 1947 2904 inlrarerunt...

1106 2918 1298 2942 dulcoraverunt.

1981 407 2067 429 Exempla

1967 429 2082 448 Sanctorum.

1968 731 2042 750 Dixersi
2055 731 2098 750 elre-

2007 757 2054 773 elus.
