2285 3398
323 141 378 170 120

322 222 424 257 potest;
446 219 493 249 sed
514 219 558 248 vir
578 219 670 248 iustus
689 222 717 248 et
737 219 889 257 perfectus,
908 223 1042 259 reputans
1063 229 1092 251 se
1112 221 1173 250 aliis

322 266 464 301 viliorem,
479 266 546 295 dum
568 266 621 296 tale
635 266 702 304 quid
723 267 839 305 cogitat,
854 267 954 297 falsum
973 268 1091 298 iudicat:
1106 276 1173 306 ergo

321 314 344 343 si
359 314 420 343 talis
440 313 568 351 cogitatio
583 316 719 351 repugnat
740 314 849 343 veritati
862 316 881 350 ¹,
896 323 1008 345 necesse
1028 319 1082 351 est,
1097 315 1172 353 quod

322 364 458 399 repugnet
479 360 585 390 virtuti.

401 409 426 437 5.
449 408 515 437 Item
525 431 532 442 ,
547 407 595 446 qui
611 408 723 438 vilificat
744 409 881 439 facturam
896 410 1009 439 vilificat
1023 410 1170 444 sactore1n;

320 455 368 485 sed
399 455 483 484 homo
513 457 555 484 est
579 455 687 484 factura
717 456 804 485 Deiss:
836 464 902 494 ergo
933 457 981 495 qui
1009 456 1122 485 vilificat
1143 464 1172 485 se

320 503 412 540 ipsum
433 502 546 532 vilificat
566 502 663 532 Deum.
686 503 823 534 Vilificare
844 507 937 533 autem
953 504 1041 533 Deum
1060 512 1115 533 non
1129 506 1171 533 est

319 549 432 579 virtutis
453 550 606 587 perfectae,
628 550 675 580 sed
696 551 792 589 culpa:
814 559 881 589 ergo
901 554 952 580 etc.

399 597 425 626 6.
448 597 531 633 ltem,
553 597 626 627 inter
647 601 753 628 ceteras
773 602 917 628 creaturas
931 599 1015 627 homo
1036 601 1077 627 est
1094 606 1171 627 crea—

319 647 384 674 tura
403 644 589 680 nobilissima,
611 653 677 683 ergo
698 646 821 675 maxime
842 645 1004 675 honoranda
1024 649 1051 675 et
1072 653 1171 683 appre-

319 692 412 722 tianda
432 692 460 722 in
475 695 532 723 tota
553 701 649 722 rerum
664 693 857 723 universitate:
873 701 939 731 ergo
953 694 1000 731 qui
1016 693 1129 723 vilificat
1143 701 1172 723 se

319 740 410 778 ipsum
431 740 576 770 deordinat
596 741 770 780 universum.

398 789 424 817 7.
446 788 530 823 Item,
561 788 694 817 vilificare
724 788 844 817 alterum
875 791 917 817 est
937 791 1098 826 peccatum;
1124 788 1171 818 sed

318 835 402 864 homo
417 838 528 865 tenetur
548 835 663 873 diligere
678 843 707 865 se
727 835 820 873 ipsum
842 835 914 865 sicut
929 839 956 865 et
971 836 1133 873 proximum
1145 836 1170 865 ⁸:

319 890 386 920 ergo
400 882 449 921 qui
461 890 490 912 se
504 883 740 920 contemptibilem
755 883 845 913 reddit
859 883 923 912 sacit
936 886 1033 913 contra
1047 883 1171 913 ordinem

319 930 450 959 caritatis.

397 978 424 1007 8.
457 978 540 1013 Item,
570 986 634 1007 cum
662 978 734 1008 alius
761 981 841 1016 putat
872 981 899 1008 te
931 978 1028 1014 vilem,
1058 982 1170 1017 peccat:

318 1032 385 1063 ergo
412 1025 435 1055 si
456 1025 513 1061 vis,
534 1025 610 1064 quod
637 1025 709 1055 alius
737 1029 763 1055 te
792 1026 875 1056 vilem
901 1029 1026 1064 reputet,
1055 1029 1086 1056 tu
1114 1027 1171 1062 vis,

319 1073 394 1110 quod
414 1073 486 1103 alius
506 1076 616 1112 peccet;
639 1073 687 1103 sed
708 1074 761 1103 hoc
782 1077 824 1104 est
845 1074 973 1104 voluntas
1000 1074 1171 1104 inordinata:

318 1128 385 1158 ergo
405 1124 457 1150 etc.

399 1169 424 1197 9.
447 1168 528 1204 Item,
549 1169 643 1198 anima
662 1171 704 1198 est
724 1169 815 1207 imago
836 1169 901 1204 Dei,
922 1177 990 1207 ergo
1008 1169 1172 1199 naturaliter

318 1218 383 1245 nata
403 1218 445 1245 est
465 1215 673 1253 configurari⁴;
700 1216 747 1246 sed
773 1217 846 1246 Deus
867 1220 908 1246 est
936 1225 1046 1246 summe
1067 1217 1172 1252 bonus,

319 1263 428 1300 sapiens
446 1265 474 1292 et
497 1263 639 1293 excelsus:
661 1271 728 1301 ergo
742 1264 882 1301 appetitus
902 1264 1083 1294 excellentiae
1097 1273 1173 1294 com-

318 1310 388 1348 petit
415 1310 604 1342 reformationi
630 1311 757 1349 imaginis
785 1312 886 1341 mentis
914 1315 1040 1341 nostrae:
1063 1320 1130 1350 ergo
1158 1321 1172 1342 e

318 1358 458 1388 contrario
488 1358 629 1396 appetitus
660 1358 845 1388 vilificationis
872 1359 915 1388 sui
943 1368 997 1389 non
1029 1363 1070 1389 est
1101 1368 1172 1398 opus

318 1405 439 1435 virtutis.

399 1454 443 1482 10.
466 1451 550 1488 Item,
573 1453 626 1482 tria
647 1456 713 1482 sunt
733 1454 904 1491 appetibilia,
926 1455 1030 1484 scilicet
1053 1456 1171 1491 bonum,

317 1508 417 1530 verum
438 1504 466 1530 et
486 1500 645 1536 arduum⁶;
668 1501 716 1530 sed
743 1501 821 1530 nulla
842 1501 933 1531 virtus
961 1502 1004 1531 vel
1032 1503 1172 1540 appetitus

316 1548 429 1577 virtutis
459 1548 584 1577 consistit
612 1548 639 1577 in
661 1548 815 1585 appetendo
842 1549 1015 1578 contrarium
1044 1550 1102 1579 veri
1128 1551 1171 1580 vel

317 1594 396 1624 boni:
418 1603 485 1634 ergo
506 1603 556 1624 nee
578 1595 605 1624 in
627 1595 781 1633 appetendo
803 1595 975 1624 contrarium
1004 1596 1095 1626 ardui.
1119 1598 1171 1627 Sed

316 1642 477 1672 huiusmodi
498 1646 539 1672 est
561 1642 716 1672 vilificatio:
739 1650 826 1680 quare
847 1646 899 1672 etc.

398 1692 441 1719 11.
464 1690 546 1725 Item,
568 1690 658 1720 omnis
680 1690 770 1719 virtus
796 1693 824 1720 et
845 1693 924 1720 actus
952 1691 1065 1721 virtutis
1087 1693 1170 1722 habet

316 1739 462 1776 exemplar
476 1739 504 1767 in
520 1739 576 1768 Deo
586 1738 613 1773 6;
629 1738 677 1767 sed
693 1738 832 1767 vilificatio
847 1739 889 1767 sui
906 1739 933 1768 in
948 1740 1005 1769 Deo
1017 1749 1071 1769 non
1086 1741 1170 1770 hahet

316 1786 476 1823 exemplar,
498 1786 564 1824 quia
584 1786 659 1815 Deus
680 1785 757 1814 nullo
778 1785 859 1814 modo
880 1794 909 1815 se
930 1787 1021 1824 ipsum
1049 1788 1168 1817 vilificat.

398 1834 441 1861 12.
464 1833 543 1867 Item,
565 1833 655 1862 omnis
676 1833 766 1862 virtus
788 1833 876 1862 reddit
900 1833 1040 1865 hominem
1062 1835 1170 1864 consor-

315 1888 389 1909 mem
421 1880 455 1909 ad
486 1883 589 1910 statum
620 1880 737 1918 gloriae,
768 1889 820 1918 pro
845 1889 877 1909 eo
906 1881 980 1918 quod
1007 1893 1020 1907 «
1042 1882 1101 1919 ipsa
1128 1887 1170 1912 est

315 1928 457 1965 dispositio
477 1928 592 1966 perfecti
613 1928 647 1957 ad
668 1928 828 1966 optimum⁷
844 1940 875 1963 »;
898 1929 945 1958 sed
967 1929 1107 1959 vilificatio
1126 1931 1167 1960 sui

316 1975 419 2005 directe
441 1979 577 2014 repugnat
598 1976 806 2014 glorificationi:
829 1984 896 2014 ergo
917 1980 968 2006 etc.

397 2023 439 2053 13.
463 2024 544 2058 Item,
566 2024 696 2053 obiicitur
717 2027 814 2052 contra
842 2024 1064 2055 humiliationem
1094 2030 1168 2055 eacce-

315 2070 440 2100 rz'orenz:
463 2071 529 2108 quia
549 2071 595 2099 illa
609 2075 650 2100 est
665 2071 775 2109 signum
797 2071 953 2106 interioris;
970 2073 1017 2102 sed
1036 2074 1168 2111 superbia

315 2120 357 2146 est
372 2117 453 2146 fateri
473 2117 574 2151 verbo,
596 2125 624 2146 se
639 2126 698 2147 esse
713 2119 863 2153 liumilem;
886 2127 952 2157 ergo
974 2121 1106 2157 snperbia
1126 2125 1168 2150 est

316 2164 368 2193 hoc
390 2164 481 2201 ipsum
503 2164 648 2193 ostendere
666 2166 755 2203 signo.

398 2212 439 2240 lli.
452 2211 528 2246 Item,
543 2214 584 2246 tu,
599 2212 646 2249 qui
663 2213 820 2249 praetendis
834 2214 1020 2244 humilitatem
1037 2216 1063 2244 in
1079 2216 1166 2254 signo,

314 2262 363 2288 aut
384 2262 498 2297 reputas
519 2262 543 2288 tc
564 2258 719 2294 humilem,
741 2264 789 2290 aut
816 2270 892 2295 nom·
914 2262 935 2291 si
957 2262 1016 2292 sic:
1038 2271 1105 2301 ergo
1126 2267 1167 2293 at-

976 142 1201 180 QUAESTIONES
1222 141 1424 171 DISPUTATAE

1230 220 1331 249 tribuis
1346 220 1394 249 tibi
1410 220 1543 250 virtutem
1564 221 1701 256 nobilem,
1722 221 1790 260 ergo'
1804 225 1947 261 superbis;
1967 226 2078 256 sinon:

1229 274 1296 304 ergo
1317 275 1381 296 cum
1412 267 1525 297 habitus
1555 269 1683 298 exterius
1713 270 1839 299 ostendat
1870 274 1897 300 te
1928 272 2080 309 humilem,

1228 314 1304 343 aliud
1324 315 1398 353 geris
1419 315 1447 344 in
1468 316 1573 351 animo,
1588 319 1615 345 et
1637 316 1712 345 aliud
1727 317 1849 347 ostendis
1863 318 1891 347 in
1906 318 1998 356 signo:
2014 328 2080 358 ergo

1229 369 1259 391 es
1280 362 1425 400 hypocrita
1436 363 1456 392 Β.

1311 411 1355 438 15.
1378 410 1460 446 Item,
1481 411 1573 451 turpis
1593 414 1635 441 est
1655 412 1745 441 omnis
1766 420 1847 450 pars,
1868 421 1941 451 quae
1961 421 2013 443 suo
2027 422 2082 443 non

1228 457 1356 486 convenit
1376 457 1523 493 universo;
1545 458 1593 488 sed
1617 458 1824 496 singularitates
1844 459 1913 490 istae
1934 460 2082 490 habituum

1227 502 1379 541 deturpare
1390 505 1520 535 videntur
1534 508 1638 535 statum
1650 506 1755 535 bonum
1769 507 2000 537 ecclesiasticum:
2015 516 2083 546 ergo

1228 559 1284 579 non
1305 554 1411 588 spectat
1431 552 1465 581 ad
1486 552 1619 583 virtutem
1640 554 1791 591 perfectam
1812 562 1862 583 seu
1884 555 2081 592 perfectionem

1229 598 1418 627 christianam.

1549 703 1763 725 CONCLUSIO.

1235 787 1335 816 'I'otz'us
1352 787 1541 826 perfectionis
1572 789 1753 819 christianae
1782 789 2010 828 fundamentum
2041 796 2082 822 est

1308 834 1477 871 humilitas,
1499 837 1586 866 cuius
1606 841 1691 867 actus
1711 842 1753 867 cst
1773 839 1896 868 interior
1916 843 1942 868 et
1954 841 2082 870 exterior

1309 883 1459 920 vilificatio
1479 885 1529 913 sui
1550 884 1652 922 ipsius.

1308 979 1439 1009 Somno:
1461 979 1499 1008 Ad
1520 980 1725 1017 praedictorum
1747 981 1955 1019 intelligentiam
1977 986 2019 1013 est
2033 992 2081 1012 no-
2090 988 2199 1009 Cuncta-10-

1229 1026 1357 1060 tandmn,
1379 1026 1453 1064 quod
1475 1035 1583 1056 summa
1604 1028 1689 1057 totius
1709 1028 1878 1059 christianae
1905 1031 2082 1067 perfectionis

1229 1073 1257 1102 in
1279 1073 1435 1103 humilitate
1456 1074 1593 1109 consistit,
1615 1074 1696 1104 cuius
1727 1078 1807 1105 actus
1838 1079 1880 1106 est
1907 1078 2034 1107 exterior
2054 1081 2082 1108 et

1228 1121 1351 1150 interior
1372 1121 1512 1151 vilificatio
1532 1122 1584 1151 sui.
1607 1122 1703 1152 Totius
1734 1123 1807 1152 enim
1829 1123 1998 1155 christianae
2018 1134 2082 1163 per-

1229 1169 1354 1198 fectionis
1385 1177 1494 1198 summa
1521 1173 1649 1199 versatur
1680 1170 1755 1200 circa
1786 1171 1854 1206 tria,
1883 1172 1988 1202 scilicet
2008 1174 2227 1221 cirearerseetgoflst

1228 1217 1378 1255 qratiam,
1401 1217 1545 1247 iustitiam
1566 1221 1594 1247 et
1621 1218 1812 1256 sapientiam,
1835 1219 1989 1249 secundum
2010 1229 2082 1258 quae
2107 1207 2158 1221 σω
2176 1206 2212 1221 ⁰³⁸

1229 1264 1283 1293 tria
1303 1264 1405 1294 dicitur
1426 1265 1554 1294 Christus
1568 1273 1628 1295 esse
1643 1266 1703 1300 via,
1722 1266 1832 1295 veritas
1852 1270 1879 1295 et
1898 1267 1960 1296 vica
1970 1267 1990 1296 ⁹.
2013 1269 2081 1297 Nam

1229 1312 1338 1340 (Ionum
1359 1313 1476 1350 gyratiac
1497 1313 1569 1342 viam
1592 1313 1707 1350 praebet
1720 1314 1755 1342 ad
1768 1314 1919 1343 veritatem
1934 1315 2080 1351 iustitiae,

1230 1359 1257 1388 in
1279 1368 1335 1397 qua
1355 1360 1480 1389 consistit
1500 1361 1667 1391 exercitium
1682 1361 1812 1397 actionis;
1827 1362 1937 1391 veritas
1951 1362 2082 1392 iustitiae

1230 1407 1357 1444 perducit
1378 1407 1412 1436 ad
1432 1411 1553 1445 qustum
1573 1408 1750 1446 sapientiae,
1773 1409 1800 1437 in
1822 1417 1878 1447 qua
1899 1409 2024 1438 consistit
2038 1417 2081 1439 so-

1231 1455 1326 1484 latium
1347 1456 1605 1493 contemplationis;
1627 1456 1730 1493 quibus
1752 1457 1872 1494 perfecte
1899 1457 2019 1494 adeptis,
2046 1457 2081 1486 ad

1229 1503 1340 1532 culmen
1361 1503 1557 1532 conscenditur
1578 1503 1751 1541 evangelicae
1783 1504 1974 1542 perfectionis,
1996 1512 2082 1543 quam

1228 1551 1314 1580 verbo
1336 1554 1363 1580 et
1384 1551 1513 1589 exemplo
1533 1551 1627 1580 docuit
1648 1552 1776 1580 Christus
1798 1552 1888 1587 lesus,
1904 1553 1951 1590 qui
1974 1561 2003 1582 se
2024 1561 2082 1582 ma-

1227 1598 1346 1635 gistrum
1368 1598 1533 1628 humilitatis
1554 1599 1709 1636 specialiter
1727 1600 1869 1637 professus
1883 1603 1938 1635 est,
1953 1599 2082 1630 Matthaei

1228 1645 1375 1674 undecimo
1388 1646 1425 1674 ¹⁰:
1448 1646 1555 1675 Discite
1576 1655 1596 1675 a
1616 1656 1661 1675 me
1682 1650 1733 1676 etc.
1756 1647 1802 1676 Est
1833 1647 1907 1676 enim
1939 1648 2216 1696 11111111111115ωῐῗιιέἰτζέἑΙιίξῗξὃ

1228 1692 1336 1721 ostiam
1357 1693 1533 1731 sapientiae,
1555 1694 1784 1732 fundamentum
1805 1694 1934 1724 institiae
1954 1698 1979 1724 ec
2000 1694 2082 1724 laabi—
2218 1689 2224 1695 ⁶

1228 1740 1362 1769 taculum
1381 1741 1507 1779 yrate'ae.

1309 1789 1354 1817 Est
1375 1789 1483 1817 ostiam
1503 1790 1682 1827 sapientiae.-
1704 1790 1770 1828 quia
1791 1791 1923 1828 sapientia
1942 1794 1983 1820 cst
2009 1803 2022 1816 «
2037 1799 2082 1820 co·
2094 1795 2123 1815 ne
2136 1796 2205 1820 primo.

1227 1836 1313 1874 gnitio
1345 1845 1494 1865 causarum
1515 1837 1715 1866 altissimarum
1730 1841 1757 1867 et
1772 1838 1927 1876 primarum
1940 1840 1961 1856 ¹¹
1978 1851 2005 1874 »‚
2027 1847 2082 1868 non

1228 1887 1335 1912 tantum
1358 1892 1408 1922 per
1428 1885 1542 1914 modum
1564 1879 1728 1923 cognitionis
1749 1886 1935 1923 speculativae
1956 1890 1983 1916 et
2003 1887 2083 1916 intel-

1228 1931 1365 1966 lectualis,
1388 1940 1486 1961 verum
1508 1933 1591 1962 etiam
1613 1933 1785 1971 saporativae
1800 1937 1827 1962 et
1845 1934 2081 1972 experimentalis.

1226 1979 1361 2016 Quoniam
1385 1988 1451 2017 crgo
1482 1980 1591 2015 onmia,
1613 1989 1825 2018 quaecumquae
1854 1982 1924 2010 sacta
1945 1985 2026 2017 sunt,
2047 1982 2082 2011 ab

1226 2035 1282 2055 uno
1305 2027 1441 2064 principio
1462 2031 1574 2057 manant
1599 2032 1626 2057 et
1657 2028 1690 2058 de
1722 2029 1809 2058 nihilo
1840 2033 1906 2058 sunt
1927 2030 2079 2067 producta;

1226 2074 1270 2103 ille
1293 2082 1357 2103 vere
1379 2075 1488 2112 sapiens
1509 2078 1563 2110 est,
1585 2076 1633 2114 qui
1657 2077 1793 2105 veraciter
1815 2077 1987 2114 recognoscit
2002 2085 2080 2106 suam

1224 2125 1251 2151 et
1265 2122 1385 2151 aliorum
1400 2123 1565 2153 nihilitatem
1580 2127 1607 2153 et
1623 2124 1705 2161 primi
1722 2124 1849 2162 principii
1872 2125 2078 2153 sublimitatem.

1225 2169 1300 2198 Unde
1311 2172 1372 2198 orat
1384 2170 1554 2207 Augustinus
1566 2171 1593 2200 in
1606 2171 1727 2200 secundo
1740 2171 1810 2200 libro
1818 2171 2033 2208 Soliloquiorum
2043 2171 2079 2199 ¹2:

1230 2217 1383 2246 «Noverim
1405 2220 1444 2252 te,
1467 2219 1592 2248 noverim
1614 2227 1696 2248 me».
1720 2219 1817 2248 Nullus
1837 2222 1930 2247 autem
1952 2218 2079 2256 pervenit
2116 2256 2120 2261 ι

1224 2264 1258 2293 ad
1280 2265 1388 2302 plenam
1412 2266 1537 2296 notitiam
1559 2266 1606 2296 Dei
1628 2267 1680 2296 nisi
1702 2275 1752 2304 per
1774 2274 1868 2295 veram
1888 2266 2011 2295 notitiam
2034 2265 2078 2295 sui

378 2406 386 2420 ¹
405 2408 514 2436 August„
531 2407 561 2431 de
578 2408 661 2431 Natura
679 2411 701 2431 et
718 2409 790 2437 gratia
805 2413 884 2432 contra
901 2411 979 2439 Pelag.
995 2417 1016 2434 c.
1033 2411 1071 2435 34.
1089 2418 1112 2435 n.
1124 2412 1166 2439 38,

315 2446 431 2475 approbat
447 2447 534 2472 dictum
552 2447 652 2476 Pelagii,
674 2456 684 2468 ιι
697 2451 721 2471 111
739 2448 759 2470 111
779 2451 843 2477 parte
860 2449 974 2477 veritatis,
993 2456 1038 2473 non
1061 2451 1082 2473 in
1100 2454 1166 2479 parte

316 2487 418 2510 salsitatis
430 2487 505 2515 magis
517 2487 633 2510 humilitas
645 2488 769 2511 collocetur
781 2497 802 2511 n.
820 2489 941 2517 Bernard.,
954 2490 1024 2518 Epist.
1037 2491 1090 2514 20l.
1103 2497 1125 2514 n.
1138 2492 1164 2513 2:

316 2527 361 2549 Nee
378 2527 494 2550 humilitas
512 2527 602 2556 praeter
620 2527 739 2551 veritatem
752 2528 881 2552 laudabilis.

377 2565 386 2579 ²
404 2567 462 2595 Eph.
480 2568 506 2595 2,
524 2568 565 2590 1οε
583 2568 657 2596 Ipsius
674 2568 735 2591 enim
752 2575 834 2591 sumus
852 2570 937 2592 factura
955 2573 998 2593 etc.

377 2604 386 2618 ⁸
403 2606 449 2629 Cir.
466 2607 543 2630 Matth.
562 2608 603 2635 19,
628 2608 664 2630 19.
682 2611 704 2630 et
725 2608 767 2635 22,
785 2606 823 2631 39.
841 2621 873 2626 —
892 2610 935 2632 Pro
955 2610 997 2633 sed
1013 2610 1083 2634 homo
1101 2612 1107 2634 1
1124 2611 1166 2635 sed

315 2644 417 2675 quilibet.

377 2682 387 2695 ⁴
405 2684 463 2706 Vide
481 2684 505 2706 ll.
523 2685 585 2707 Sent.
602 2685 626 2708 d.
639 2685 676 2708 16.
693 2691 714 2707 a.
729 2686 748 2708 1.
760 2692 783 2715 q.
804 2686 823 2708 1.
834 2698 866 2703 -
877 2687 972 2711 Interius
988 2695 1030 2717 pro
1047 2688 1164 2719 appetitus

316 2720 473 2752 vilificatiom's
490 2723 497 2745 1
514 2725 624 2753 appetere
641 2723 825 2755 vilificationem.

378 2759 387 2773 ⁵
404 2760 450 2784 Csr.
467 2762 500 2784 Ill.
518 2763 579 2785 Sent.
597 2763 621 2786 d.
638 2764 675 2787 26.
693 2770 713 2786 a.
731 2765 753 2787 2.
769 2770 793 2793 q.
811 2764 832 2787 4.
850 2764 872 2787 in
890 2771 954 2793 corp.

377 2798 387 2812 ⁰
404 2800 464 2823 Vide
481 2801 496 2823 1.
514 2802 575 2824 Sent.
592 2802 615 2825 d.
633 2804 671 2826 36.
688 2809 709 2826 a.
727 2804 756 2827 3:
766 2810 790 2833 q.
808 2804 829 2827 1.

377 2837 385 2851 ⁷
404 2839 465 2862 l-Iaec
482 2840 572 2867 virtutis
589 2841 691 2866 definitio
709 2842 777 2866 datur
793 2842 824 2865 ab
840 2843 931 2866 Aristot.
954 2844 999 2867 Vll.
1025 2846 1093 2873 Phys.
1111 2848 1164 2868 text.

316 2877 353 2900 17.
371 2878 400 2907 (c.
418 2880 458 2908 3.).
474 2880 521 2903 Cir.
539 2884 594 2905 tom.
612 2883 635 2905 ll.
653 2889 708 2911 pag.
725 2883 782 2910 671,
800 2885 853 2906 nota
870 2883 893 2906 7.

377 2916 386 2930 ⁶
403 2919 508 2948 Hieron„
520 2921 557 2944 IV.
574 2921 704 2950 Comment.
717 2923 739 2944 in
757 2922 842 2949 lsaiA),
862 2922 896 2944 11.
908 2928 985 2950 seqq.:
999 2922 1080 2944 Omma
1092 2924 1163 2950 hypo-

315 2957 370 2980 <rita
387 2962 421 2981 est
438 2959 500 2982 aliud
522 2960 633 2982 similans
650 2964 672 2982 et
694 2961 756 2983 aliud
773 2966 856 2987 agens;
879 2960 1015 2986 promittens
1037 2960 1163 2982 castitatem

1223 2415 1245 2435 et
1261 2413 1344 2435 vix-ens
1361 2413 1490 2441 luxuriose,
1509 2415 1643 2442 praeferens
1660 2417 1820 2443 paupertatem
1838 2416 1861 2437 et
1876 2414 1970 2442 replens
1992 2420 2082 2437 marsu-r

1223 2452 1297 2480 pium.
1314 2452 1370 2475 ibid.
1389 2453 1425 2475 Vl.
1443 2459 1463 2476 c.
1484 2454 1523 2481 16,
1544 2454 1582 2476 141
1601 2454 1623 2477 Si
1643 2457 1732 2477 castum
1749 2459 1800 2476 esse
1817 2459 1855 2475 me
1871 2453 1969 2481 simulo,
1981 2456 2002 2476 et
2015 2453 2087 2476 aliud*

1223 2495 1257 2514 est
1274 2491 1296 2514 in
1309 2492 1448 2515 conscicntia
1467 2499 1517 2515 mea
1525 2502 1531 2521 ;
1544 2493 1619 2518 habeo
1632 2495 1678 2516 non
1691 2493 1788 2522 gloriam
1801 2493 1949 2520 mercenarii,
1966 2493 2008 2516 sed
2025 2499 2078 2521 sup-

1223 2532 1290 2560 plicia
1313 2533 1450 2560 peccatoris.
1470 2534 1495 2556 Et
1517 2534 1540 2556 in
1557 2534 1731 2562 comparatione
1748 2533 1849 2556 duorum
1871 2533 1986 2556 malorum
2004 2533 2078 2555 levius

1223 2572 1309 2594 malum
1322 2575 1356 2594 est
1368 2575 1448 2600 aperte
1465 2578 1570 2601 peccare,
1582 2579 1654 2602 quam
1666 2573 1776 2595 simulare
1787 2575 1809 2594 et
1821 2572 1909 2600 ilngere
1926 2572 2078 2594 sanctitatem.

1285 2608 1295 2622 ⁹
1312 2611 1373 2633 loun.
1396 2611 1434 2639 11,
1452 2612 1478 2634 6:
1502 2612 1551 2640 Ego
1569 2618 1621 2634 sum
1644 2612 1681 2634 via
1699 2614 1721 2634 et
1738 2611 1822 2634 veritas
1844 2613 1867 2633 et
1889 2611 1944 2643 11111.
1961 2610 2007 2633 Cir.
2025 2611 2077 2633 Ber-

1222 2650 1301 2678 nard.,
1318 2651 1348 2673 (lc.
1365 2651 1481 2674 Gradilms
1499 2652 1597 2674 humilit.
1614 2658 1634 2674 c.
1655 2652 1674 2674 1.
1692 2658 1741 2680 seq.
1758 2657 1781 2674 n.
1803 2651 1821 2673 l.
1840 2657 1906 2679 seqq.

1286 2688 1306 2702 ¹⁰
1324 2690 1390 2713 Vers.
1409 2692 1447 2713 29.

1285 2727 1303 2741 ¹¹
1322 2729 1457 2752 Secundum
1476 2730 1578 2758 Aristot.,
1597 2731 1612 2753 1.
1629 2731 1728 2758 Metapli.
1745 2735 1766 2751 c.
1787 2729 1805 2751 l.
1822 2734 1888 2757 seqq.
1900 2731 1922 2750 et
1935 2729 1967 2751 111.
1981 2731 2033 2751 text.
2051 2729 2076 2751 3.

1222 2768 1260 2797 (ll.
1278 2774 1299 2790 c.
1316 2769 1356 2798 2.).
1374 2769 1437 2791 Idem
1455 2769 1509 2791 dicit
1527 2769 1563 2792 Vl.
1581 2760 1652 2791 iztnic.
1670 2775 1690 2791 c.
1707 2769 1735 2796 7,
1753 2768 1889 2796 sapientiam
1907 2773 1958 2789 esse
1980 2776 1990 2788 τι
2002 2768 2075 2789 scien-

1222 2808 1276 2829 tiam
1293 2813 1371 2829 rerum
1389 2808 1639 2835 praestantissimarum
1650 2816 1672 2830 ».
1689 2807 1735 2830 Clr.
1752 2807 1785 2829 111.
1799 2805 1861 2828 Sent.
1873 2806 1896 2828 d.
1915 2806 1952 2828 35.
1969 2805 1999 2835 q.'
2013 2807 2032 2828 1.
2043 2818 2076 2823 -

1221 2846 1295 2869 Codd.
1312 2852 1359 2868 non
1378 2845 1437 2868 bene
1453 2846 1563 2869 omittunt
1580 2846 1622 2869 Est
1637 2846 1725 2869 ostium
1740 2844 1877 2874 sapimttiae.

1284 2877 1377 2911 neap.
1397 2884 1417 2906 1.
1430 2890 1452 2906 11.
1468 2885 1488 2906 1.
1499 2896 1532 2901 -
1543 2884 1655 2911 Superius
1673 2890 1726 2906 cum
1744 2884 1760 2905 E
1777 2883 1900 2910 posuimus
1916 2882 2070 2910 nihilitatem,

1220 2923 1256 2944 alii
1275 2921 1395 2945 vilitatem.
1414 2922 1509 2943 Inferius
1527 2928 1569 2948 pro
1591 2921 1655 2950 qui...
1678 2927 1725 2943 non
1742 2919 1841 2943 attendit
1864 2921 1870 2941 Ι
1892 2920 1941 2942 nisi
1956 2920 2020 2949 qui...
2037 2921 2074 2942 at-

1220 2959 1303 2981 tendit.
1987 2960 1991 2963 ”
