2285 3398
651 170 692 198 1)ss
715 170 881 199 MYSTERlO
901 169 1083 199 TRlNlTATlS
1103 170 1237 206 QUAEST.
1262 171 1290 198 Υ.
1314 171 1384 199 ΛΒΤ.
1410 171 1425 198 l.
1876 173 1912 200 87

249 249 274 276 8.
298 249 333 277 Ad
357 248 423 277 illud
451 249 523 285 qnod
545 249 682 282 obiicitur,
704 249 775 285 quod
804 248 913 278 divinus
934 248 1012 277 intel-

173 296 258 324 lectus
280 295 405 332 intelligit
420 295 540 329 infinita,
563 304 625 324 cnm
648 296 682 324 sit
698 295 831 329 inlinitns;
853 295 1011 329 dicendum,

170 342 243 379 quod
266 342 327 371 licet
349 342 422 371 Deus
441 342 546 371 infinita
568 342 711 379 intelligat,
731 350 759 370 se
780 342 839 379 ipso
853 350 909 370 uno
922 341 1013 370 omnia

170 390 393 426 comprehendit,
418 390 484 427 quia
512 390 686 426 intelligendo
707 397 735 417 se
760 389 884 426 intelligit
908 389 1011 424 omnia;

4 438 6 446 '
41 444 155 464 umnam.
169 436 207 465 sic
222 436 319 470 etiam,
343 437 404 465 licet
425 436 497 465 dicat
518 437 617 471 multa,
637 445 692 464 uno
707 440 795 464 tamen
819 436 908 465 Verbo
922 436 1013 464 omnia

168 483 241 512 dicit.
264 484 329 512 Nam
359 484 454 512 eodem
476 484 578 517 Verbo,
607 492 663 520 quo
693 484 769 511 l'ater
790 483 854 511 dicit
882 492 926 517 se,
947 483 1012 511 dicit

169 539 360 567 quaecumque
381 531 446 559 divit
461 532 483 562 ¹:
501 539 561 559 nam
585 531 661 558 Pater
684 538 711 558 se
728 530 816 566 ipsum
839 529 1012 567 intelligendo

168 576 307 605 intellectu
330 578 542 613 completissimo
563 580 589 605 et
612 578 704 610 unico,
728 577 752 605 in
779 585 834 613 quo
859 576 1013 605 intellectus

167 623 338 660 adaequatur
360 623 532 661 intelligenti,
548 627 574 652 et
589 633 603 652 e
625 632 769 658 converso,
789 624 910 652 Verbum
932 631 1012 660 gene-

167 672 222 703 rat,
244 670 316 706 quod
346 674 386 699 est
409 671 493 699 Patris
522 670 671 699 similitudo
697 678 745 707 per
772 671 863 698 omnia
891 671 1013 707 aequalis

167 724 230 745 cum
252 717 319 753 ipso.
342 718 416 745 Unde
438 718 508 745 sicut
530 718 607 745 Pater
629 717 803 754 intelligendo
834 725 862 745 se
889 717 1013 754 intelligit

167 763 301 800 quidquid
323 767 411 800 potest
434 764 599 801 intelligere:
622 765 658 793 sir
677 765 790 793 dicendo
812 765 933 793 Verbum
948 765 1013 793 dicit

167 809 301 846 quidquid
333 813 422 846 potest
453 811 544 839 dicere
569 814 595 839 et
626 811 759 848 quidquid
790 812 842 840 diri
876 815 963 847 potest
985 811 1011 839 in

167 855 274 884 deitate.
298 856 372 885 Unde
394 864 442 885 nec
465 857 521 894 ipse
550 858 623 886 alind
646 858 761 886 verbum
789 858 879 887 dicere
908 861 1011 894 potest,

166 910 215 931 nec
236 903 327 939 aliqua
358 911 477 940 persona
498 904 524 932 in
557 905 699 938 Trinitate‚
731 913 781 941 pro
802 913 834 933 eo
864 904 937 941 quod
966 904 1012 932 illo

164 948 265 977 dicitur
276 950 411 987 quidquid
423 950 475 979 dici
491 955 587 987 potest.
605 967 640 971 —
658 952 687 979 Et
701 951 728 979 si
742 955 773 979 tu
787 951 921 985 obiicias,
937 950 1011 987 quod

165 995 236 1024 sicut
257 996 329 1024 Deus
351 997 433 1026 babet
451 997 571 1026 inlinitas
593 998 712 1027 rationes
734 1000 860 1034 respectu
885 997 1010 1034 intelligi-

165 1042 274 1077 bilium,
296 1043 370 1080 quod
399 1044 524 1073 similiter
546 1045 650 1073 infinita
678 1045 758 1074 debet
780 1045 881 1073 habere
910 1044 1009 1078 verba;
1037 1062 1039 1067 ·

165 1089 325 1125 dicendum,
348 1091 421 1128 quod
443 1100 496 1120 non
518 1096 559 1121 est
581 1093 682 1121 simile:
709 1092 774 1129 quia
794 1091 871 1120 ratio
893 1095 919 1120 et
945 1091 1010 1120 idea

58 1147 152 1166 mirorum
164 1136 259 1166 dicunt
272 1142 427 1175 respectum
439 1142 466 1167 et
477 1139 682 1168 similitudinem
694 1139 903 1176 intelligibilium
914 1146 1009 1167 crean-

19 1170 151 1214 idussf‘m'
163 1183 263 1212 dorum
291 1188 318 1213 et
340 1185 581 1221 producendorum
607 1194 655 1215 seu
682 1186 850 1223 possibilium
879 1185 1009 1222 produci,

164 1238 234 1267 qnae
256 1231 462 1261 multiformiter
483 1236 510 1261 et
531 1233 767 1262 innumerabiliter
786 1235 850 1261 sunt
870 1232 1009 1268 possibilia

164 1278 358 1316 multiplicari;
387 1279 506 1307 verbum
527 1282 618 1308 autem
640 1279 705 1308 dicit
726 1281 881 1315 respectum
909 1278 942 1306 ad
970 1278 1010 1306 di-

164 1327 271 1353 centem
293 1329 320 1353 et
340 1325 374 1354 ad
396 1326 517 1362 primum
538 1326 705 1355 intellectum
726 1328 752 1354 et
772 1333 911 1354 summum
933 1325 1008 1362 prin-

164 1370 281 1407 cipium,
313 1372 394 1401 cuius
424 1376 465 1401 est
496 1373 666 1409 hypostatica
696 1372 863 1400 similitudo:
895 1375 922 1400 et
949 1372 1009 1400 ideo

164 1417 240 1445 nullo
260 1418 357 1452 modo,
380 1427 429 1448 nec
451 1427 481 1448 re
502 1427 551 1447 nec
573 1418 726 1452 intellectu,
741 1418 870 1455 competit
891 1419 915 1447 ei
937 1419 1008 1447 mul—

164 1465 263 1499 titudo,
285 1466 356 1494 sicut
377 1474 426 1495 nec
449 1466 538 1503 primo
558 1465 693 1502 principio
714 1465 803 1502 primo
824 1469 850 1494 et
872 1466 1008 1503 principa-

163 1512 226 1541 liter
246 1520 262 1540 a
282 1520 311 1541 se
332 1513 391 1549 ipso
413 1513 549 1542 intellecto
561 1513 579 1541 ².

240 1559 265 1587 9.
289 1559 326 1587 Ad
347 1559 414 1588 illud
435 1559 509 1597 quod
529 1559 667 1594 obiicitur,
689 1560 763 1597 quod
790 1560 946 1590 intellectus
968 1562 1009 1590 in—

162 1605 253 1634 finitae
275 1606 463 1643 completionis
484 1607 637 1636 reflectitur
651 1615 736 1644 supra
750 1615 780 1637 se
795 1608 909 1637 infinitis
930 1609 1011 1638 resse-

32 1652 295 1691 Ι1111111011ιο111011111115
320 1656 387 1687 etc.;
409 1653 572 1689 dicendum,
600 1654 674 1691 quod
696 1654 723 1683 in
750 1655 843 1683 divino
870 1655 1009 1684 intellectu

16 1687 147 1757 §2333ss
159 1700 234 1729 idem
255 1703 297 1729 est
318 1700 473 1738 intelliyere
491 1704 518 1729 et
539 1701 694 1739 intelliyere
714 1710 744 1729 se
765 1702 932 1739 intelligere,
960 1702 1009 1730 etsi

1068 248 1166 277 millies
1196 251 1223 276 et
1254 248 1382 277 inlinities
1414 249 1561 278 iteraretur
1593 247 1767 288 intelligere,
1800 258 1850 287 pro
1881 257 1914 279 eo

1068 295 1142 331 quod
1163 294 1190 323 in
1213 295 1268 323 Deo
1298 295 1368 323 idem
1390 298 1431 324 est
1462 296 1615 332 intelligens
1635 300 1662 325 et
1690 297 1859 326 intellectum
1886 299 1913 325 et

1068 344 1146 370 actus
1168 342 1349 378 intelligendi;
1371 346 1398 371 et
1420 343 1479 371 ideo
1501 343 1607 379 primus
1628 343 1686 380 ipse
1707 346 1797 378 actus,
1815 351 1871 380 quo
1885 350 1913 371 se

1070 389 1143 417 Deus
1165 389 1242 417 Pater
1265 389 1401 425 intelligit,
1423 393 1463 417 est
1485 390 1686 418 actualissimus
1707 393 1734 419 et
1758 390 1912 427 completis-

1068 435 1166 469 simus,
1189 435 1259 464 sicut
1287 439 1313 464 et
1336 436 1456 464 Verbum
1483 437 1519 465 illi
1546 438 1777 474 correspondens:
1805 440 1831 466 et
1852 437 1912 466 ideo

1068 491 1122 511 non
1144 485 1184 511 est
1206 490 1315 511 necesse
1340 490 1376 511 ex
1399 484 1450 511 hoc
1474 484 1648 512 introducere
1676 485 1702 513 in
1730 484 1829 513 divinis
1851 492 1912 513 ver-

1069 530 1168 558 borum
1200 530 1392 566 pluralitatem.
1415 532 1498 559 secus
1529 534 1619 559 autem
1642 535 1682 559 est
1714 532 1739 559 in
1773 531 1912 560 intellectu
1925 539 2043 559 Antei-inte·

1068 580 1173 611 creato,
1195 577 1274 606 cuius
1295 580 1373 605 actus
1394 581 1421 606 et
1441 578 1564 614 operatio
1585 578 1676 606 differt
1690 579 1724 607 ab
1745 579 1912 615 intelligente
1936 563 2043 606 &aaa

1068 627 1095 653 et
1116 624 1265 658 intellecto,
1286 627 1313 652 et
1336 624 1395 653 ideo
1417 624 1591 661 multiplicari
1614 628 1702 662 potest
1722 628 1749 653 et
1770 625 1863 654 iterari
1885 628 1912 654 et

1069 671 1208 700 numerari
1237 671 1322 708 magis
1347 675 1373 700 et
1394 671 1480 708 magis
1505 679 1540 699 ex
1569 671 1704 709 frequenti
1734 672 1911 701 conversione

1069 719 1223 747 intellectus
1254 726 1338 755 super
1369 726 1398 747 se
1429 719 1518 755 ipsum
1545 719 1742 757 intelliyentem
1774 722 1800 747 et
1828 727 1911 755 super

1069 773 1150 794 suum
1173 765 1327 803 inteltiyere
1349 773 1397 794 nec
1420 774 1472 794 non
1494 769 1521 794 et
1542 774 1625 803 super
1647 766 1700 794 alia
1720 774 1736 794 a
1756 774 1792 794 se.

1150 813 1192 840 10.
1215 812 1251 840 Ad
1274 812 1340 840 illud
1372 812 1445 849 quod
1466 812 1594 841 obiicitur
1625 813 1734 847 ultimo,
1765 812 1839 850 quod
1864 815 1912 841 aut

1070 859 1142 888 Deus
1163 862 1251 895 potest
1272 860 1366 896 plures
1384 867 1515 896 personas
1536 860 1699 897 intelligere,
1715 862 1762 888 aut
1783 868 1849 894 non;
1871 859 1911 888 di-

1068 906 1199 940 cendum,
1221 906 1294 942 quod
1314 915 1372 934 mm
1401 913 1484 943 posse
1508 906 1608 943 plures
1636 915 1779 943 personas
1809 906 1910 935 intelli-

1066 961 1148 989 9ere,
1171 953 1222 981 hoc
1244 955 1332 989 potest
1354 953 1465 990 intelligi
1487 953 1645 990 dupliciter:
1668 956 1715 982 aut
1737 956 1849 990 propter
1870 954 1911 982 in-
1926 963 2034 1006 Pflqfiflim

1068 999 1193 1027 tellectus
1215 999 1414 1028 limitationem
1435 1000 1466 1028 in
1487 1004 1555 1028 actu
1570 1001 1759 1037 intelliyendi,
1781 1004 1829 1029 aut
1847 1009 1911 1037 pro·
1924 989 1962 1006 ¹⁰¹⁰
1978 989 2035 1011 '⁸¹²⁰'

1067 1048 1128 1081 pter
1150 1046 1349 1074 rectitudinem
1378 1046 1483 1075 iudicii
1503 1050 1529 1075 et
1557 1047 1802 1083 impossibilitatem
1829 1047 1913 1076 decli-

1066 1091 1147 1120 nandi
1179 1100 1195 1119 a
1216 1092 1281 1119 11103
1303 1092 1433 1121 veritatis.
1467 1093 1556 1120 Primo
1587 1093 1667 1121 modo
1698 1102 1751 1121 non
1783 1094 1912 1130 competit

1066 1138 1215 1166 intellectui
1235 1138 1340 1172 divino,
1368 1147 1430 1167 cum
1462 1139 1497 1167 sit
1528 1140 1690 1173 immensus,
1722 1140 1769 1168 sed
1791 1140 1911 1168 secundo

1066 1185 1146 1213 modo
1173 1185 1310 1221 competit.
1337 1185 1411 1214 Unde
1439 1185 1512 1222 quod
1535 1186 1629 1222 plures
1650 1194 1781 1222 personas
1812 1187 1911 1215 intelli-

1065 1239 1129 1268 gere
1150 1239 1204 1259 non
1226 1231 1325 1268 possit,
1347 1232 1399 1260 hoc
1413 1234 1469 1266 est,
1491 1232 1556 1269 quia
1577 1232 1638 1260 talis
1656 1232 1825 1266 intellectus,
1848 1233 1910 1261 licet

1065 1278 1191 1306 videatur
1212 1278 1238 1306 in
1267 1278 1443 1315 intelligendo
1470 1281 1581 1315 potens,
1610 1279 1761 1307 secundum
1783 1287 1841 1308 rem
1869 1283 1909 1308 ta-

1064 1332 1127 1353 men
1149 1325 1201 1353 hoc
1222 1325 1397 1362 intelligendo
1417 1325 1534 1354 declinat
1555 1334 1571 1354 a
1591 1326 1706 1354 veritate
1726 1329 1753 1354 et
1774 1326 1867 1355 incidit
1881 1326 1909 1355 in

1066 1379 1199 1400 errorem.
1222 1372 1297 1401 Unde
1318 1372 1389 1401 sicut
1410 1372 1579 1401 immensitas
1599 1373 1730 1401 veritatis
1744 1376 1784 1402 est
1799 1373 1910 1402 omnino
1923 1383 2037 1404 troianum.

1065 1419 1244 1456 impermixta
1271 1419 1394 1454 falsitati,
1416 1420 1454 1449 sic
1475 1422 1502 1449 et
1527 1420 1695 1449 immensitas
1718 1420 1790 1449 lucis
1810 1421 1909 1449 intelli-

1065 1466 1154 1503 gentis
1185 1466 1273 1495 reddit
1304 1467 1472 1496 intellectum
1493 1467 1616 1496 divinum
1648 1467 1682 1496 ab
1709 1468 1782 1496 0111111
1813 1476 1909 1497 errore

1065 1514 1175 1550 penitus
1196 1514 1331 1549 alienum;
1353 1517 1467 1551 propter
1488 1514 1562 1551 quod
1582 1522 1632 1543 nec
1653 1514 1756 1551 aliquid
1777 1514 1865 1543 maius
1879 1522 1908 1544 se

1066 1568 1115 1589 nec
1136 1561 1220 1589 alium
1241 1561 1328 1589 Deum
1348 1569 1399 1600 'nec
1427 1561 1612 1598 pluralitatem
1633 1569 1814 1598 personarum
1836 1561 1910 1590 ultra

1065 1615 1213 1636 numerum
1234 1608 1337 1636 trinum
1359 1608 1431 1645 capit
1450 1608 1560 1636 divinus
1581 1608 1747 1643 intellectus,
1769 1617 1823 1637 non
1843 1608 1909 1646 quia

1066 1655 1210 1688 limitatus,
1226 1655 1272 1683 sed
1287 1655 1353 1691 quia
1366 1654 1561 1691 perfectissime
1576 1655 1707 1684 infinitus.
1721 1672 1757 1676 —
1771 1656 1801 1684 Et
1815 1664 1851 1685 ex
1866 1656 1909 1685 his

1066 1704 1139 1738 patet
1159 1701 1259 1729 solutio
1279 1701 1312 1729 ad
1334 1704 1430 1730 totum.

865 1836 1128 1876 QUAESTIO
1160 1837 1199 1870 V.

503 1930 606 1959 Utrum
624 1939 821 1968 personarum
843 1931 961 1960 trinitas
982 1931 1071 1960 simul
1091 1935 1141 1960 stet
1162 1940 1228 1961 eum
1248 1941 1367 1960 summa
1387 1932 1561 1961 aeternitate.

241 2064 448 2101 Consequenter
469 2065 622 2102 quaeritur,
644 2068 740 2094 utrum
755 2073 936 2102 personarum
958 2066 1007 2095 tri-

164 2111 234 2140 nitas
255 2114 309 2140 stet
329 2119 392 2140 cum
414 2119 521 2140 sumnia
542 2112 710 2140 aeternitate.
732 2112 763 2140 Et
787 2112 859 2141 circa
879 2112 931 2141 hoc
951 2113 1006 2142 duo

162 2160 345 2194 quaeruntur.

1142 2067 1262 2095 Primum
1285 2070 1338 2102 est,
1360 2070 1455 2096 utrum
1473 2067 1598 2096 divinum
1618 2077 1677 2097 esse
1697 2069 1732 2098 sit
1752 2072 1904 2098 aeternum.

1141 2113 1296 2142 Secundum
1311 2117 1364 2148 est,
1380 2117 1475 2143 utrum
1497 2115 1579 2144 simul
1600 2118 1671 2144 stent
1692 2116 1800 2145 trinitas
1820 2119 1847 2145 et
1860 2124 1905 2146 ae-

1061 2160 1183 2189 ternitas.

924 2243 1102 2300 ARTICULlJS
1111 2266 1116 2269 ’
1124 2272 1140 2299 1.

748 2357 850 2386 Utrum
871 2358 1004 2386 [livinum
1025 2366 1084 2388 esse
1106 2358 1144 2387 sit
1163 2362 1320 2387 aeternam.

241 2467 319 2496 Circa
340 2467 461 2504 primum
482 2468 520 2496 sic
548 2468 714 2506 proceditur.
737 2468 768 2497 Et
788 2468 862 2506 quod
882 2468 1004 2498 divinum

162 2523 220 2543 esse
241 2514 275 2543 sit
295 2518 452 2544 aeternum:

244 2563 268 2590 1.
291 2561 433 2591 Convincit
448 2562 619 2599 Scripturae
633 2562 808 2597 auctoritas,
830 2563 916 2592 Exodi
934 2563 1006 2592 deci-

23 2616 209 2638 rnnammumo
230 2608 361 2646 quint0⁴:
384 2609 527 2637 Dominus
545 2607 676 2646 reqnabit
697 2608 728 2637 in
748 2611 896 2638 aeternum
916 2613 942 2638 et
961 2609 1005 2638 ul-

164 2658 227 2689 tra;
240 2658 268 2684 et
289 2655 323 2684 ad
338 2656 471 2685 Romanos
492 2655 595 2693 primo:
618 2655 797 2692 Sempiterna
816 2664 927 2695 quoque
945 2657 1006 2686 vir-

165 2705 211 2730 tus
231 2702 294 2730 eius
314 2706 341 2731 et
359 2702 505 2731 divinitas.

227 2838 234 2851 ¹
254 2840 359 2869 August..
376 2841 414 2863 Xl.
431 2840 534 2863 Confess.
551 2847 571 2863 c.
587 2840 610 2863 7.
627 2847 649 2863 11.
666 2841 692 2863 9:
710 2841 787 2864 Verbo
805 2841 856 2864 Tibi
880 2846 1001 2866 coaeterno

167 2879 235 2901 simul
252 2883 274 2901 et
290 2880 429 2908 sempiterne
446 2880 503 2903 dicis
519 2880 596 2902 omnia
612 2885 673 2908 quae
689 2880 746 2903 dicis
761 2883 804 2904 etc.
814 2893 845 2898 —
861 2881 930 2904 Paulo
947 2882 1000 2905 inse-

165 2918 213 2941 rius
229 2924 272 2947 pro
288 2918 417 2942 intellectus
434 2918 583 2949 adaequatur
599 2919 616 2941 B
633 2918 774 2942 miellecmm
784 2919 932 2950 adaequatur
950 2921 1001 2949 (cfr.

166 2959 221 2980 tom.
238 2958 252 2979 1.
270 2963 324 2985 pag.
340 2957 398 2984 70⁷,
415 2960 467 2980 nota
484 2957 524 2986 5.).

1140 2471 1165 2498 Ξ.
1187 2469 1328 2499 Convincit
1355 2471 1436 2500 etiam
1458 2472 1509 2500 1100
1536 2471 1605 2508 fidei
1630 2472 1752 2501 veritas:
1780 2484 1792 2497 «
1810 2473 1902 2501 Aeter-

1060 2524 1127 2550 nus,
1143 2516 1246 2553 inquit,
1269 2517 1361 2552 Pater,
1376 2518 1403 2546 in
1424 2518 1550 2555 Symbolo
1565 2519 1757 2553 Athanasiano,
1772 2521 1901 2547 aeternus

1061 2563 1155 2597 Filius,
1177 2566 1307 2593 aeternus
1328 2564 1446 2601 Spiritus
1466 2568 1577 2594 sanctus
1590 2577 1617 2593 ».

1140 2609 1165 2638 3.
1188 2609 1269 2644 Item,
1292 2611 1344 2640 hoc
1365 2611 1456 2648 ipsum
1478 2612 1615 2641 concludit
1636 2612 1761 2641 rationis
1781 2613 1900 2642 necessi-

1062 2660 1115 2686 tas.
1137 2657 1232 2694 Arguit
1252 2657 1325 2686 enim
1347 2658 1521 2688 Richardus⁶
1542 2659 1596 2688 sic:
1618 2659 1717 2694 Omne,
1732 2659 1805 2697 quod
1826 2663 1901 2689 esta

1060 2712 1090 2733 se
1110 2704 1188 2741 ipso,
1210 2708 1251 2733 est
1279 2707 1436 2741 aeternum;
1458 2706 1505 2735 sed
1525 2706 1648 2735 divinum
1676 2714 1749 2740 esse,
1774 2714 1838 2735 cum
1865 2707 1901 2736 sit

1119 2842 1128 2855 ⁷
1146 2843 1205 2866 Vide
1221 2850 1292 2872 supra
1309 2845 1401 2873 Quaoet.
1417 2845 1447 2868 (10
1463 2845 1556 2868 scientia
1572 2844 1667 2872 Chr-isti,
1684 2851 1707 2874 q.
1724 2845 1745 2867 3.
1763 2844 1792 2867 ad
1810 2844 1846 2867 19.

1120 2881 1129 2895 ⁸
1146 2883 1188 2905 BE
1204 2883 1298 2913 reyula.

1119 2920 1128 2934 ⁴
1146 2922 1211 2945 Vers⁴
1230 2923 1266 2946 18.
1282 2935 1314 2940 -
1331 2923 1383 2952 5011.
1400 2923 1464 2946 locus
1481 2926 1514 2946 est
1531 2924 1598 2946 Rom.
1616 2924 1640 2951 l,
1658 2923 1696 2946 20.

1118 2959 1128 2972 ⁶
1144 2960 1205 2984 Libr.
1223 2961 1237 2984 1.
1255 2962 1284 2984 de
1302 2962 1365 2984 Trin.
1381 2968 1402 2984 c.
1418 2962 1440 2985 6.
1458 2962 1479 2985 8.
1496 2964 1518 2984 et
1536 2962 1572 2984 Μ.
