2285 3398
190 1323 217 1343 De
229 1323 285 1343 modo

164 1347 253 1366 narrandi
266 1347 286 1366 iu

165 1371 269 1395 Scriptura.

223 1746 284 1765 Ratio.

162 2180 286 2201 Additamen-

302 206 359 234 9:³⁹2

377 284 409 312 Et
429 285 576 320 propterea
601 282 788 311 indubitanter
810 288 907 310 verum
930 283 980 315 est,
1001 279 1075 317 quod
1097 287 1143 308 su-

158 336 287 356 corouarinm.
299 337 361 358 mus
373 330 382 346 1
404 329 466 357 finis
486 328 611 357 omnium
632 336 729 363 eorum
751 335 822 365 quae
837 329 913 361 sunt;
929 329 956 356 et
977 326 1069 355 omnia
1082 333 1143 355 cor-

299 377 404 414 poralia
424 376 494 405 facta
515 379 580 405 sunt
601 375 635 404 ad
666 375 820 404 humanum
851 374 1029 411 obsequium,
1050 376 1082 402 ut
1107 381 1144 401 ex

299 424 352 453 illis
372 423 502 452 omnibus
521 422 688 452 accendatur
710 422 792 450 bomo
812 421 847 450 ad
867 420 1016 451 amandum
1037 422 1065 449 et
1085 420 1144 448 lau—

298 471 419 500 dandum
449 471 590 499 Factorem
621 469 833 503 universorum,
864 468 945 497 cuius
972 467 1145 505 providentia

298 521 398 546 cuncta
418 517 612 554 disponuntur.
634 517 704 545 Haec
731 516 816 553 igitur
847 515 984 544 sensibilis
1015 522 1144 551 corpora-

300 565 367 593 lium
388 563 515 593 machina
529 566 570 592 est
584 566 716 600 tanquam
731 562 866 600 quaedam
880 562 985 591 domus
1005 569 1021 589 a
1035 568 1145 589 summo

298 611 395 648 opifice
421 611 524 639 homini
552 610 699 644 fabricata,
726 609 813 638 donec
841 609 875 638 ad
902 609 1022 637 domam
1053 607 1145 636 veniat

298 664 356 687 non
376 656 583 695 manufactam
597 657 629 686 in
643 657 730 686 caelis
741 657 770 690 ²,-
785 659 831 691 ut,
847 656 918 685 sicut
939 656 1043 685 anima
1063 654 1145 683 niodo

298 706 404 734 ratione
425 705 549 742 corporis
570 708 597 734 et
622 707 710 733 status
730 703 821 733 meriti
843 711 917 732 nunc
937 706 979 732 est
1000 703 1027 731 in
1050 702 1144 736 terris,

299 753 337 782 sic
358 752 504 790 aliquando
525 760 633 789 corpus
654 751 760 780 ratione
780 750 887 779 animae
908 753 935 779 et
956 752 1045 779 status
1065 757 1145 787 prae-

298 800 345 829 mii
368 800 403 829 sit
423 800 450 828 in
472 799 562 829 caelis

661 893 727 921 CAP.
749 892 780 921 V.

436 988 477 1016 De
497 987 581 1015 inodo
602 985 783 1015 describendi
799 986 954 1023 praedicta
976 985 1007 1014 in

579 1042 669 1062 sacra
690 1033 857 1071 Scriptura.

377 1129 417 1158 Ex
439 1129 494 1158 iam
514 1128 594 1158 dictis
622 1128 775 1165 colligitur,
797 1127 883 1165 qnod,
912 1127 984 1156 sicut
1005 1127 1079 1156 Deus
1100 1135 1145 1156 res

297 1176 422 1206 ordinate
452 1175 581 1205 condidit
610 1178 746 1212 quantum
767 1175 800 1203 ad
832 1178 941 1211 tempus
969 1177 997 1203 et
1020 1174 1145 1203 ordinate

296 1224 440 1261 disposuit
461 1226 597 1260 quantum
617 1222 651 1251 ad
672 1222 768 1257 situm;
791 1222 829 1251 sic
850 1221 932 1250 etiam
953 1221 1078 1250 ordinate
1089 1230 1144 1259 911.-

299 1271 399 1299 bei-nat
417 1273 553 1308 quantum
567 1270 600 1298 ad
615 1269 802 1303 inssneiitiam3
818 1271 845 1297 et
859 1268 1003 1304 Scriptura
1020 1268 1145 1296 ordinate

300 1309 407 1346 narrat
420 1320 556 1354 quantum
578 1316 612 1344 ad
632 1315 773 1344 doctrinae
788 1314 997 1347 sufficientiam
1013 1314 1075 1342 licet
1090 1322 1144 1342 non

299 1365 337 1393 ita
356 1363 486 1402 explicite
506 1363 644 1392 describat
664 1362 866 1391 distinctionem
881 1361 1000 1399 orbium
1014 1369 1063 1389 nec
1084 1368 1144 1389 cae-

298 1410 408 1439 lestium
429 1418 479 1438 nec
500 1408 724 1442 elementarium,
746 1416 845 1445 parum
866 1411 915 1436 aut
936 1407 1005 1436 nihil
1025 1407 1097 1436 dicat
1111 1407 1144 1435 de

298 1458 419 1486 motibus
447 1460 474 1486 et
502 1456 653 1485 virtutibus
681 1463 830 1492 corporum
859 1455 1035 1492 superiorum
1063 1457 1091 1483 et
1111 1454 1145 1483 de

298 1504 480 1533 mixtionibus
500 1504 700 1533 elementorum
721 1505 749 1531 et
768 1503 1007 1536 elementatorum,
1029 1504 1056 1541 et
1070 1501 1145 1539 quod

298 1552 360 1588 plus
381 1554 437 1586 est,
458 1551 527 1580 nihil
548 1551 677 1587 explicite
698 1552 793 1578 narret
813 1549 846 1578 de
871 1549 1025 1578 conditione
1047 1557 1144 1586 super-

297 1606 398 1627 norum
419 1598 584 1635 spirituum,
605 1597 726 1625 maxime
747 1604 811 1625 cum
832 1596 963 1625 describit
987 1595 1062 1624 istud
1082 1596 1145 1624 uni-

297 1653 409 1674 versum
432 1645 458 1674 in
480 1654 538 1673 esse
559 1644 736 1681 productum.

375 1692 452 1721 Ratio
472 1695 564 1721 autem
586 1691 620 1720 ad
635 1691 841 1728 intelligentiam
856 1690 1061 1727 praedictorum
1077 1690 1144 1719 haec

298 1742 354 1768 est:
376 1739 456 1776 quia,
478 1747 541 1768 cum
563 1739 684 1776 primum
706 1737 873 1775 principium
898 1737 995 1766 reddat
1015 1744 1044 1765 se
1065 1736 1144 1767 nohis

944 201 1154 238 BREVILOQUH
1175 201 1255 229 PARS
1275 201 1304 230 ll.
1327 202 1354 230 C.
1378 202 1408 230 V.

1200 279 1382 316 cognoscibile
1404 282 1431 308 et
1459 287 1508 316 per
1534 280 1722 317 Scriptaram
1742 284 1770 310 et
1790 290 1839 318 per
1861 287 2045 319 ereaturam,

1200 334 1250 362 per
1271 326 1373 355 librum
1405 330 1559 356 creaturae
1590 335 1619 356 se
1639 328 1795 357 manifestat
1824 332 1857 357 ut
1880 330 2045 368 principium

1199 371 1373 411 effectivum,
1389 381 1438 411 per
1459 374 1562 403 librum
1584 374 1756 411 Scripturae
1776 377 1808 403 ut
1822 375 1988 413 principium
2003 387 2047 406 re-

1198 420 1389 456 perannum,-
1410 423 1438 450 et
1468 421 1534 458 quia
1564 421 1732 458 principium
1762 422 1966 458 repa-rotimum
1993 432 2047 452 non

1201 468 1291 503 potest
1310 467 1450 504 cognosci,
1472 467 1522 495 nisi
1545 470 1726 504 cognoscatur
1747 470 1774 496 et
1795 466 1969 505 effectivum.-
1988 469 2048 498 ideo

1201 520 1279 542 sacra
1300 514 1456 551 Scriptura,
1478 514 1541 543 licet
1565 514 1754 552 principaliter
1781 518 1844 552 agat
1864 515 1898 544 de
1918 516 2049 552 operibus

1200 560 1421 596 reparationis,
1456 569 1538 598 agere
1572 561 1752 591 nibilominus
1786 561 1867 591 debet
1898 562 1932 591 de
1965 570 2049 600 opere

1201 607 1387 642 conditionis,
1409 608 1437 637 in
1458 612 1594 646 quantum
1615 612 1707 638 tamen
1728 608 1805 638 ducit
1819 609 1846 637 in
1867 609 2048 647 cognitionem

1201 653 1283 690 primi
1305 654 1432 692 principii
1459 656 1603 685 efficientis
1630 659 1657 685 et
1679 656 1839 691 reficientis;
1862 660 1888 685 et
1909 656 1969 686 ideo
1990 657 2049 694 ipsa

1201 703 1243 729 est
1264 701 1383 738 cognitio
1413 701 1546 731 sublimis
1573 706 1601 732 et
1624 703 1785 731 salutaris:
1807 703 1957 742 sublimis,
1983 703 2049 742 quia
2081 714 2178 741 sennim

1201 747 1235 776 de
1256 748 1413 785 principi0⁸
1434 748 1570 787 effectivo,
1592 750 1666 787 quod
1681 753 1722 779 est
1736 750 1810 779 Deus
1831 753 1953 785 creator;
1968 751 2048 779 salu-
2061 738 2180 781 {fflissiff‘

1203 794 1288 833 taric,
1303 795 1369 832 quia
1382 795 1416 824 de
1430 795 1564 833 principio
1578 796 1763 834 reparativo,
1779 796 1854 834 qnod
1867 800 1908 826 est
1922 797 2048 826 Christus

1203 841 1323 870 salvator
1342 845 1369 871 et
1393 842 1536 871 mediator.

1282 889 1404 923 Rursus,
1426 890 1492 927 quia
1515 890 1648 919 sublimis
1669 893 1725 925 est,
1747 893 1843 927 utpote
1864 891 1929 928 quia
1946 891 2001 928 agit
2015 891 2048 921 de
2084 902 2148 944 grimo
2159 907 2189 929 ai·-

2061 931 2189 968 {iiiissniffl

1202 936 1292 973 primo
1306 937 1443 974 principio
1456 940 1484 966 et
1497 940 1560 967 ente
1574 946 1698 973 summm
1714 938 1774 967 ideo
1788 946 1843 967 non
1858 938 1997 968 descendit
2014 938 2049 967 ad

1202 984 1395 1013 describendas
1420 984 1551 1021 speciales
1575 986 1680 1014 entium
1708 989 1838 1020 naturas,
1860 988 1967 1020 motus,
1992 986 2048 1015 vir-

1202 1034 1276 1060 tutes
1297 1035 1324 1061 et
1344 1027 1524 1066 differentias;
1540 1032 1587 1061 sed
1608 1035 1661 1062 stat
1676 1033 1703 1061 in
1717 1033 1895 1069 generalitate
1913 1033 2047 1070 quadam,

1201 1079 1229 1107 in
1244 1087 1299 1116 qua
1314 1079 1491 1116 implicantur
1506 1080 1649 1117 specialia,
1664 1080 1845 1109 describendo
1866 1080 1969 1109 scilicet
1983 1088 2048 1109 con-

1200 1126 1332 1155 ditionem
1363 1126 1459 1155 mundi
1489 1129 1625 1164 quantum
1652 1127 1686 1156 ad
1717 1127 1923 1164 dispositionem
1950 1130 1977 1156 et
2008 1128 2048 1156 in-

1201 1173 1344 1202 fluentiam
1365 1173 1456 1211 quoad
1478 1177 1605 1203 naturam
1621 1174 1802 1209 luminosam,
1817 1178 1930 1211 opacam
1945 1177 1972 1203 et
1985 1182 2048 1212 per-

1202 1221 1273 1249 viam
1294 1221 1321 1249 in
1343 1221 1521 1258 generalitate
1542 1221 1669 1258 quadam.

1281 1268 1312 1295 Et
1332 1267 1462 1304 quoniam
1484 1268 1606 1303 primum
1634 1268 1817 1305 principium,
1842 1261 1876 1298 de
1901 1277 1956 1306 quo
1977 1269 2189 1306 agitata-tuneo.

1201 1313 1284 1342 habet
1304 1314 1331 1342 in
1353 1322 1381 1342 se
1403 1314 1683 1343 ordincm‘natarae
1697 1315 1724 1343 in
1743 1315 1902 1350 existendo,
1924 1316 2048 1349 ordinem

1200 1359 1360 1397 sapientiae
1377 1360 1405 1388 in
1425 1360 1606 1397 disponendo,
1635 1362 1767 1390 ordinem
1795 1362 1930 1391 bonitati-5
1951 1363 1979 1391 in
2007 1363 2048 1391 in-

1198 1407 1327 1436 fluendo:
1350 1407 1387 1435 ita
1407 1402 1481 1444 quod
1503 1408 1573 1436 ordo
1594 1412 1722 1437 naturae
1743 1409 1826 1437 habet
1840 1409 2007 1437 simultatem
2022 1411 2049 1437 et

1201 1455 1430 1492 aequalitatem4;
1452 1455 1522 1483 ordo
1547 1455 1708 1492 sapientiae
1735 1456 1890 1485 considerat
1920 1456 2048 1493 priorita—

1202 1505 1255 1530 tem
1277 1505 1304 1530 et
1325 1502 1571 1538 posterioritatem
1594 1503 1665 1531 ordo
1686 1502 1855 1539 influentiae
1869 1503 2049 1540 superiorita-

1201 1552 1255 1577 tem
1277 1552 1304 1577 et
1325 1549 1549 1578 inferioritatem:
1571 1549 1632 1577 ideo
1652 1549 1686 1578 ad
1701 1549 1896 1578 insinuandum
1918 1549 2050 1579 ordinem
2061 1559 2169 1601 netorcnne

2073 1588 2097 1602 ssa
2106 1588 2158 1601 urae.

1200 1599 1328 1624 naturae
1348 1596 1512 1625 determinat
1537 1597 1689 1633 Scriptura,
1705 1597 1785 1626 iuxta
1799 1597 1874 1634 quod
1884 1598 1973 1626 Deum
1984 1606 2058 1635 ope3

1201 1642 1257 1671 rari
1279 1642 1407 1671 decebat:
1428 1643 1502 1679 quod
1528 1643 1560 1671 in
1577 1644 1743 1681 principio,
1765 1648 1828 1673 ante
1850 1644 1982 1681 temporis
2003 1644 2050 1673 de-

1201 1697 1330 1723 cursum,
1351 1689 1435 1718 suerit
1449 1690 1495 1717 illa
1509 1690 1611 1726 triplex
1630 1693 1731 1719 natura
1750 1690 1784 1719 de
1798 1699 1929 1719 non-esse
1949 1691 1976 1720 in
1991 1700 2050 1720 esse

1201 1736 1350 1773 producta,
1372 1744 1436 1765 cum
1464 1736 1570 1765 dicit5:
1593 1737 1627 1764 In
1652 1737 1801 1774 principio
1832 1738 1941 1766 creavit
1974 1738 2049 1766 Deus

359 1900 367 1913 ¹
385 1902 402 1924 B
419 1900 483 1924 addit
500 1897 602 1929 quodam
619 1898 696 1922 modo.
708 1898 812 1925 Aristot,
825 1899 848 1920 11.
860 1899 927 1926 Phys.
940 1901 992 1920 text.
1006 1898 1042 1920 Ἡ.
1056 1898 1085 1926 (c.
1099 1898 1143 1926 2.):

298 1941 382 1963 Sumus
399 1940 461 1962 enim
478 1939 580 1967 quodam
600 1938 670 1960 modo
687 1940 709 1960 et
733 1944 776 1959 nos
801 1937 860 1959 finis.
877 1937 922 1959 Cir.
941 1937 1046 1960 ll.sSeut.
1063 1936 1087 1959 d.
1108 1937 1143 1958 45.

297 1987 318 2002 a.
337 1981 358 2002 2.
375 1986 397 2008 q.
417 1980 436 2001 t.
455 1982 477 2001 et
493 1979 515 2001 d.
535 1978 571 2000 11⁴5.
589 1983 609 2000 a.
628 1978 648 1999 l.
666 1984 688 2006 q.
708 1978 727 1999 t.
747 1977 769 1999 in
786 1983 851 2005 corp.
867 1989 898 1993 —
910 1976 1022 2005 Superius
1039 1982 1082 2004 pro
1099 1976 1145 1999 cii·-

297 2021 370 2042 tnlem
387 2019 402 2040 P
420 2019 564 2041 creaturum.
583 2017 677 2040 inferius
694 2023 736 2045 pro
754 2018 840 2040 cuneta
864 2018 910 2039 sere
932 2009 1014 2038 omnes
1037 2015 1105 2039 codd.
1123 2018 1145 2038 et

298 2060 311 2081 2
329 2058 405 2087 minus
423 2063 526 2085 congrue
543 2058 626 2080 cetera.

360 2095 369 2109 ²
387 2097 455 2125 Epist.
473 2097 496 2119 lt.
513 2096 566 2119 Cor.
583 2097 609 2124 5,
623 2097 647 2118 fl:
667 2096 766 2118 Domum
779 2102 825 2118 non
841 2096 1009 2123 manufactam,
1027 2091 1145 2118 aeternam

299 2137 321 2159 in
339 2137 413 2159 caelis.
425 2149 456 2153 —
468 2137 518 2159 ltlox
534 2137 550 2158 L
560 2136 580 2158 V
597 2136 704 2158 omittunt
720 2135 802 2163 modo,
821 2135 835 2157 S
852 2137 928 2157 autem
941 2141 1052 2158 nuna-
1063 2135 1087 2157 ln
1099 2135 1145 2157 sine

299 2176 390 2204 capituli
403 2177 420 2198 A
433 2175 528 2204 praebet
540 2175 630 2203 longius
642 2175 837 2202 additamentum,
846 2175 987 2203 quodetiam
997 2175 1019 2196 in
1029 2175 1080 2197 cod.
1091 2174 1144 2197 671.

298 2215 430 2238 monasterii
447 2215 609 2238 Admontensis
626 2217 649 2236 ct
666 2215 686 2236 in
699 2214 751 2237 cod.
762 2214 845 2237 CXLll.
858 2214 989 2237 monasterii
1005 2214 1144 2236 Lambacen-

298 2255 329 2277 sis
346 2254 379 2283 (in
395 2254 494 2283 Austria)
513 2254 636 2276 invenitur.
653 2252 831 2281 Comparatione
849 2254 932 2275 liorum
950 2253 1018 2276 codd.
1032 2253 1144 2280 instituta,

298 2294 352 2316 vitia
369 2293 551 2321 uniuscuiusque
568 2293 620 2315 cod.
638 2292 731 2320 proprIa
749 2298 761 2314 a
779 2291 846 2314 nobis
863 2292 984 2315 emendata
1001 2296 1067 2320 sunt,
1079 2296 1101 2315 et
1112 2299 1145 2316 se-

298 2335 463 2364 qiienstextus
481 2333 604 2355 formatus:
621 2331 738 2353 influentia
756 2337 768 2353 a
785 2330 922 2359 corporibus
935 2331 958 2353 in
969 2332 1026 2354 llaec
1038 2332 1144 2355 inferiora

299 2375 332 2395 est
348 2378 390 2401 per
406 2375 512 2395 naturam
530 2371 597 2398 lucis;
615 2371 640 2393 slt
656 2373 733 2393 autem
745 2371 910 2399 multipliciter:
923 2374 962 2393 aut
973 2372 1034 2393 cnIm
1047 2372 1145 2395 influunt

299 2418 396 2441 corpora
414 2411 533 2439 superiora
550 2410 668 2433 alterando
691 2412 778 2432 tantum
804 2416 846 2438 per
870 2413 976 2432 naturam
1002 2410 1099 2434 limiz'nz's
1124 2413 1146 2435 et

298 2451 444 2482 splendoris,
462 2454 487 2474 ut
504 2451 526 2472 in
544 2441 681 2478 corporibus
698 2449 819 2477 diaplianis
836 2452 870 2472 est
886 2450 964 2472 lumen
987 2450 1009 2472 in
1027 2450 1105 2473 habitu
1123 2453 1145 2473 et

299 2497 345 2514 non
363 2491 385 2513 in
403 2493 467 2517 actu,
485 2491 560 2517 fulgor
577 2491 653 2511 autem
671 2489 800 2516 completae
821 2488 973 2511 irradiationis
996 2489 1145 2517 participatur

300 2530 329 2553 ab
347 2531 475 2557 influentia,
492 2532 517 2552 ut
534 2530 587 2552 luna
604 2528 753 2557 splendorem
771 2526 839 2550 babet
856 2527 885 2549 ab
906 2531 1000 2555 aspectu
1023 2529 1084 2551 solis.
1101 2529 1146 2551 Aut

300 2571 398 2592 influunt
414 2569 532 2592 alterando
549 2574 591 2597 per
608 2570 713 2590 naturam
738 2566 835 2590 lautitiis
859 2567 882 2589 ct
898 2566 998 2595 caloris,
1016 2571 1041 2589 ut
1058 2568 1080 2589 in
1098 2574 1146 2590 cor·

300 2609 396 2638 poribus
413 2608 535 2637 (liaphanis
552 2607 595 2630 sub
613 2614 655 2630 suo
672 2609 719 2631 toto
737 2609 789 2628 actu
806 2612 853 2628 non
871 2606 1004 2634 completis,
1016 2607 1058 2629 sed
1074 2607 1145 2635 possi-

300 2648 384 2671 bilibus
401 2649 430 2671 ad
448 2648 503 2671 alios
520 2650 596 2674 actus,
609 2644 670 2669 sicut⁴
684 2646 709 2669 sst
725 2645 827 2668 alteratio
844 2646 926 2679 caloris
943 2648 965 2668 et
981 2640 1111 2674 splendoris
1124 2647 1144 2669 in

300 2688 418 2711 elementis
435 2686 606 2715 superioribus,
624 2686 683 2714 ignis
700 2684 785 2707 scilicet
801 2687 823 2706 et
840 2684 906 2706 a'eriS.
923 2685 968 2707 Aut
988 2685 1087 2708 influunt
1104 2692 1145 2713 per

300 2730 406 2749 naturam
424 2725 511 2749 caloris
528 2728 629 2752 tantum,
642 2727 666 2747 ut
683 2724 706 2746 in
723 2723 860 2751 corporibus
877 2723 969 2751 opacis,
981 2724 1039 2746 sicut
1052 2724 1074 2746 in
1086 2727 1145 2746 terra

301 2769 323 2788 et
340 2771 399 2793 aqua
416 2771 457 2792 per
474 2764 622 2787 reflexionem
639 2763 757 2786 radiorum
774 2762 804 2785 ad
821 2764 934 2784 terrenam
951 2762 1088 2785 soliditatem
1104 2766 1146 2791 per

302 2805 399 2832 angulos
416 2804 535 2831 aequales,
552 2809 579 2825 ex
596 2809 642 2832 qua
659 2801 784 2825 reflexione
801 2804 908 2824 causatur
925 2801 1046 2824 diversitas
1063 2802 1145 2825 caloris

302 2844 323 2866 in
341 2842 439 2865 diversis
456 2841 607 2870 temporibus.
624 2842 710 2870 Quarto
727 2840 798 2863 modo
811 2840 909 2862 influunt
925 2846 967 2867 per
983 2842 1089 2863 naturam
1107 2846 1146 2863 ea-

303 2881 360 2905 Ioris
377 2882 399 2904 et
415 2880 511 2904 laminis
534 2880 657 2910 deserentis
679 2880 792 2904 virtutem
808 2872 972 2909 spa-'iimitem
995 2881 1017 2901 et
1040 2880 1097 2901 haec
1115 2879 1146 2900 in-

302 2921 394 2943 fluentia
412 2919 579 2945 diversificatur
596 2920 724 2943 secundum
742 2919 847 2942 diversos
864 2918 920 2940 situs
937 2920 1049 2940 terrarum
1072 2920 1094 2940 et
1111 2923 1146 2939 se-

303 2960 404 2982 cundum
422 2959 540 2981 diversum
564 2962 682 2986 aspectum
699 2959 843 2987 planetarum
861 2959 883 2979 ct
899 2956 1028 2979 secundum
1051 2962 1145 2979 cursum

303 2999 356 3022 solis
374 2999 396 3021 in
413 2998 507 3024 zodiaco
519 2998 620 3025 circulo;
638 3001 659 3020 et
671 2997 700 3020 ab
718 2997 758 3020 ista
772 2996 888 3019 influentia
900 2998 1022 3018 causantur
1040 2996 1145 3018 diversae

1201 1898 1365 1926 impressiones
1386 1898 1408 1920 in
1427 1897 1492 1925 acre,
1514 1897 1572 1920 sicut
1595 1897 1669 1925 venti,
1687 1897 1793 1925 pluviae,
1815 1897 1895 1925 nives,
1912 1898 2048 1926 grandines,

1202 1939 1306 1966 fulgura,
1324 1938 1435 1965 tonitrua,
1453 1938 1542 1960 colores
1559 1937 1609 1965 iris,
1627 1943 1639 1959 a
1656 1936 1700 1959 sub
1713 1937 1857 1959 descendens
1874 1936 1928 1967 [cfr.
1940 1940 1994 1960 tom.
2012 1938 2059 1964 lv„

1201 1983 1256 2005 pag.
1273 1977 1331 2004 979,
1349 1980 1401 1999 nota
1419 1977 1450 2007 6.]
1468 1980 1490 1999 et
1502 1977 1630 2000 ascendens
1637 1985 1643 2004 ;
1661 1979 1683 1999 et
1699 1976 1729 1998 ab
1741 1976 1782 1999 ista
1800 1977 1869 1999 etiam
1887 1977 2005 2002 innuentia
2024 1977 2050 2000 fit

1202 2016 1320 2044 generatio
1342 2016 1488 2038 mineralium
1511 2016 1532 2038 in
1550 2015 1667 2044 profundo
1689 2018 1762 2038 terrae
1779 2018 1801 2038 et
1822 2016 1940 2044 generatio
1962 2017 2050 2044 planta-

1201 2062 1265 2082 rum,
1277 2055 1332 2084 quia
1345 2056 1428 2077 borum
1441 2055 1546 2077 omnium
1565 2055 1682 2083 generatIO
1700 2055 1724 2077 nt
1736 2061 1777 2083 per
1794 2055 1903 2078 virtutem
1915 2056 2049 2083 caelestem,

1196 2095 1372 2123 ‘incorporatam
1389 2095 1484 2123 vapori,
1502 2097 1621 2122 regentem
1639 2094 1796 2122 operationem
1814 2097 1909 2116 naturae
1927 2094 1994 2122 ignis.
2006 2095 2050 2117 Aut

1202 2134 1300 2157 influunt
1316 2141 1358 2163 per
1370 2138 1476 2157 naturam
1495 2134 1591 2157 luminis
1609 2133 1732 2163 (leserenlis
1755 2133 1867 2157 cirtutem
1883 2133 2048 2163 spiritualem,

1201 2180 1262 2203 quae
1288 2174 1362 2197 {irtus
1383 2175 1471 2196 occulte
1497 2174 1571 2196 delata
1597 2174 1620 2195 in
1643 2173 1729 2195 lumine
1754 2173 1813 2201 regit
1833 2173 2003 2200 vegetationem
2026 2173 2049 2195 in

1201 2214 1284 2242 plantis
1301 2217 1323 2236 et
1339 2214 1441 2242 complet
1458 2213 1630 2241 generationem
1648 2213 1670 2235 in
1687 2211 1814 2235 seminibus
1832 2211 1930 2240 [Monac.
1947 2214 1969 2233 et
1985 2212 2048 2234 Lam-

1202 2253 1253 2276 bac.
1269 2253 1388 2283 sensibus]
1396 2262 1405 2282 ,·
1423 2253 1525 2281 complet
1541 2253 1609 2275 etiam
1628 2252 1800 2280 generationem
1813 2251 1925 2277 homiliis,
1943 2251 2010 2279 quia,
2022 2250 2049 2273 si-

1201 2296 1239 2316 cut
1256 2293 1372 2321 expositor
1388 2298 1459 2321 super
1476 2293 1499 2314 ll.
1517 2292 1667 2320 PliysIcorum
1691 2290 1759 2320 [ait],
1777 2296 1891 2318 generans
1912 2289 2049 2317 particulare

1201 2332 1309 2361 relinquit
1326 2334 1474 2360 generatum,
1492 2334 1616 2360 antequam
1629 2331 1784 2358 compleatur,
1801 2335 1915 2357 generans
1932 2335 1988 2351 vero
2002 2329 2048 2351 uni-

1201 2373 1302 2399 versale,
1317 2372 1378 2394 sicut
1395 2372 1428 2394 sol
1441 2374 1462 2393 et
1479 2371 1581 2399 reliquae
1592 2371 1681 2397 stellae,
1698 2370 1799 2397 complet
1815 2371 1837 2391 et
1849 2370 1943 2397 supplet
1960 2372 1982 2391 et
1999 2375 2049 2397 per-

1201 2411 1248 2434 sscit
1265 2411 1446 2439 generationem.
1462 2409 1528 2432 Unde
1545 2409 1566 2431 in
1584 2409 1607 2431 ll.
1620 2409 1688 2436 Phys.
1706 2408 1772 2437 [text.
1789 2408 1827 2430 26.
1844 2414 1864 2430 c.
1882 2407 1928 2437 2.]:
1950 2416 1960 2428 α
1977 2408 2015 2430 Sol
2026 2411 2048 2430 et

1201 2453 1272 2473 homo
1289 2452 1401 2479 generant
1418 2450 1536 2472 bominem
1549 2458 1570 2471 n.
1588 2449 1613 2471 Et
1631 2449 1651 2471 in
1670 2448 1727 2471 libro
1746 2447 1928 2476 Vegetabilium:
1946 2448 1988 2469 Per
2005 2447 2048 2469 vir·

1202 2482 1280 2512 tutem'
1290 2490 1407 2512 stellarum
1425 2489 1450 2510 iit
1467 2489 1540 2510 forma
1558 2488 1580 2510 in
1597 2487 1692 2510 materia
1710 2486 1760 2515 (cfr.
1777 2486 1879 2513 Ariston,
1894 2486 1917 2508 ll.
1940 2485 1969 2508 de
1986 2486 2048 2508 Plan-

1202 2529 1241 2556 tis,
1258 2534 1279 2550 c.
1292 2529 1313 2550 l.
1330 2528 1385 2550 alias
1402 2527 1428 2550 4:
1441 2527 1530 2549 Virtute
1546 2527 1663 2550 stellarum
1680 2526 1765 2552 scilicet
1776 2524 1943 2555 [provenient]
1957 2524 2046 2546 illorum

1202 2568 1317 2590 seminum
1335 2567 1437 2595 species;
1455 2566 1496 2589 sed
1514 2567 1607 2589 materia
1626 2565 1753 2595 necessaria
1771 2570 1830 2593 aqua
1848 2566 1882 2585 cst
1898 2563 1959 2592 etc).
1978 2563 2047 2591 item,

1202 2606 1342 2629 Alsarabius:
1365 2614 1374 2626 ιι
1386 2606 1434 2628 Lux
1451 2608 1485 2628 est
1502 2605 1574 2628 virtus
1592 2605 1670 2627 ‹livina
1688 2603 1754 2627 nobis
1767 2603 1872 2626 deferens
1889 2602 1997 2624 virtutem
2016 2602 2047 2625 di-

1201 2646 1280 2668 vinam
1298 2645 1366 2668 sontis
1384 2644 1471 2667 liabens
1489 2644 1687 2673 proprietatem».
1704 2643 1799 2665 Fontem
1822 2641 1890 2669 igitur
1907 2641 1999 2663 luminis
2017 2641 2048 2663 in-

1201 2691 1325 2712 vocemus,
1343 2687 1367 2707 ut
1384 2684 1441 2707 lucis
1457 2690 1513 2707 suae
1529 2683 1594 2706 radio
1612 2683 1695 2705 mentis
1712 2684 1803 2707 nostrae
1814 2680 1920 2704 tenebras
1937 2680 2048 2703 dissolvat

1203 2726 1224 2746 et
1241 2723 1270 2746 ab
1287 2724 1372 2746 erroris
1388 2723 1468 2746 nubilo
1480 2729 1524 2746 nos
1535 2723 1638 2745 reducat.
1649 2733 1680 2738 —
1691 2721 1752 2743 llaec
1764 2720 1883 2749 explicatio
1895 2720 1953 2742 illius
1965 2719 2046 2747 partis,

1202 2770 1262 2792 quae
1281 2764 1371 2792 incipit:
1389 2764 1431 2786 Per
1447 2763 1561 2787 virtutem
1578 2764 1655 2784 autem
1673 2764 1727 2788 etc.,
1744 2760 1822 2789 spuria
1839 2765 1889 2781 esse
1905 2759 2005 2781 videtur.

1264 2801 1274 2814 Β
1290 2802 1348 2825 Edd.
1362 2808 1416 2825 cuin
1428 2801 1534 2830 pluribus
1545 2800 1614 2823 codd.
1626 2800 1663 2822 bic
1679 2803 1702 2822 et
1713 2801 1781 2828 paulo
1797 2799 1890 2822 interius
1901 2797 1927 2827 [2
1939 2797 2046 2828 excepta]

1202 2840 1229 2864 de
1245 2837 1324 2870 privio
1338 2840 1466 2870 principio.
1567 2856 1570 2858 -

1263 2878 1273 2892 ⁴
1290 2879 1336 2903 Cir.
1353 2881 1369 2902 1.
1386 2880 1448 2902 Sent.
1465 2879 1489 2901 d.
1506 2879 1544 2901 20.
1561 2885 1582 2901 a.
1599 2879 1622 2901 2.
1638 2885 1661 2907 q.
1680 2879 1701 2901 i.
1717 2884 1766 2907 seq.
1783 2880 1808 2899 et
1823 2876 1846 2899 d.
1865 2876 1900 2898 19.
1913 2882 1936 2903 p.
1953 2876 1969 2898 1.
1986 2882 2010 2905 q.
2025 2876 2046 2898 4.

1201 2931 1233 2935 —
1249 2919 1303 2941 Post
1319 2918 1388 2942 habet
1404 2918 1470 2946 edd„
1487 2921 1582 2946 excepta
1599 2918 1626 2945 2,
1644 2917 1733 2940 addunt
1749 2916 1774 2939 in
1789 2921 1821 2939 se.
2010 2945 2016 2948 ³

1264 2956 1273 2970 ⁶
1291 2959 1355 2980 Gen:
1367 2959 1388 2984 t,
1405 2958 1427 2980 Ἰ.
1443 2969 1475 2974 -
1492 2958 1545 2987 seq.
1563 2958 1627 2980 locus
1644 2956 1745 2980 est-ibid.
1761 2962 1784 2978 v.
1801 2956 1823 2977 2.
1834 2954 1997 2983 -Aliquanto
2015 2954 2047 2976 in-

1204 2996 1273 3019 scrius
1290 2999 1343 3024 post
1360 2995 1450 3019 elevata
1466 2996 1485 3018 H
1494 2996 1510 3018 Ρ
1520 2996 1538 3025 Q
1549 2997 1564 3018 S
1581 2996 1670 3018 addunt
1685 2993 1843 3024 siqnificatui:

2276 35 2283 118 MN*
2273 0 2285 27 ἐς
