2285 3398
720 510 1290 584 PROLEGOMENA

583 721 664 768 IN
711 718 1091 778 QUINTUM
1135 716 1435 764 TOMUM.

199 1197 230 1219 De
247 1196 343 1224 singulis
359 1195 428 1218 huius
445 1193 569 1216 voluminis
588 1193 704 1221 opusculis
725 1195 850 1215 tractamus
870 1191 982 1214 distinctis

135 1243 250 1271 capitulis,
268 1245 291 1265 ιιι
309 1242 436 1264 benevolus
455 1241 524 1263 lector
540 1239 584 1262 sub
603 1246 647 1262 uno
664 1242 788 1267 conspectu
807 1237 890 1260 habeat
912 1240 934 1259 et
953 1238 982 1259 ra-

136 1290 177 1313 cile
194 1289 321 1318 ponderare
339 1288 409 1316 possit
431 1287 508 1310 omnia
530 1286 679 1314 documenta,
700 1292 761 1315 quae
785 1285 814 1308 ad
837 1285 981 1312 singulorum

136 1337 206 1360 tidem
223 1340 244 1359 et
261 1336 417 1364 incorruptam
440 1334 597 1357 auctoritatem
614 1336 684 1362 atque
700 1333 730 1356 ad
753 1319 856 1355 nostrum
881 1332 902 1354 in
928 1332 984 1360 ipsis

135 1382 291 1411 expurgandis
306 1385 329 1404 et
345 1381 484 1404 illustrandis
500 1380 602 1403 laborem
620 1382 725 1408 spectare
741 1379 857 1402 videntur.

513 1471 575 1495 (ΖΑΓ).
592 1472 607 1495 l.

135 1559 331 1598 Prolegomena
344 1558 374 1588 in
389 1557 564 1593 Quaestiones
584 1556 744 1596 disputatas
758 1555 787 1586 in
802 1555 940 1593 universo,
956 1555 985 1585 et

214 1605 358 1645 speciatim
387 1605 417 1635 in
440 1603 612 1644 quaestiones
633 1603 666 1633 de
687 1602 805 1633 scientia
830 1601 934 1632 Christi
956 1601 985 1632 et

215 1651 248 1682 de
268 1651 399 1691 mysterio
420 1651 459 1681 Ss.
481 1649 640 1681 Trinitatis.

199 1754 213 1781 ξς
234 1754 252 1775 t.
269 1751 386 1781 'tangitur
402 1751 504 1775 inventio
521 1751 545 1774 et
561 1750 708 1781 praestantia
725 1749 894 1781 praedictarum
912 1748 985 1775 Quae—

137 1799 245 1823 stionum.
265 1811 297 1816 —
318 1799 340 1821 Ρ.
364 1799 446 1821 Fidelis
468 1804 480 1820 a
503 1799 579 1820 Fauna
603 1798 626 1820 b.
649 1804 680 1820 m.
702 1798 726 1820 in
749 1797 921 1825 perscrutandis
945 1797 984 1818 liu-

137 1852 208 1874 ropae
225 1845 369 1868 bibliothecis
385 1845 469 1867 detexit
491 1851 571 1867 omnes
592 1845 684 1867 codices
707 1850 787 1866 earum
804 1850 864 1872 quas
881 1843 985 1870 publica-

138 1898 191 1914 mus
207 1891 381 1920 quaestionum,
398 1896 498 1919 quarum
510 1890 559 1918 ipsa
571 1891 683 1912 memoria
696 1891 724 1912 ita
737 1890 790 1912 data
802 1892 851 1912 erat
862 1889 985 1916 oblivioni,

138 1941 163 1961 ut
179 1944 192 1960 a
209 1937 282 1960 tribus
304 1937 402 1960 saeculis
423 1943 492 1959 nemo
515 1936 700 1958 doctissimorum
724 1936 840 1962 virorum,
858 1935 897 1963 qui
915 1935 944 1956 de
962 1940 986 1956 re

138 1984 245 2007 litteraria
262 1987 284 2007 et
300 1984 330 2006 de
347 1983 419 2011 ipsius
442 1984 615 2005 bonaventurae
638 1982 749 2010 operibus
766 1985 932 2008 tractaverunt,
950 1987 987 2002 ea-

138 2036 191 2052 rum
208 2030 349 2052 mentionem
368 2029 452 2052 feccrit.
469 2029 501 2051 Ne
518 2029 567 2056 ipse
589 2029 684 2057 quidem
703 2028 890 2055 diligentissimus
908 2028 932 2049 P.
950 2028 988 2049 Be-

140 2076 244 2099 nedictus
261 2076 346 2098 Bonelli
363 2075 511 2103 excipiendus
528 2078 573 2103 est,
595 2075 646 2097 licet
668 2078 719 2097 ante
742 2075 821 2097 oculos
843 2073 949 2096 habuerit
966 2076 986 2095 et

140 2123 322 2150 imprimendum
340 2122 454 2144 vui-averit
472 2122 533 2144 illum
550 2121 670 2150 antiquum
689 2122 818 2148 catalogum
837 2120 988 2143 bibliothecae

141 2170 292 2196 Tudertinae,
310 2170 323 2197 ξ]
340 2170 363 2191 2.
379 2170 488 2195 relatum,
505 2169 546 2197 qui
566 2169 607 2191 has
629 2169 778 2196 Quaestiones
800 2168 891 2190 disertis
911 2167 989 2190 verbis

140 2220 316 2240 commemorat.
332 2216 468 2244 Excipienda
480 2219 513 2238 est
530 2215 677 2238 solummodo
688 2215 793 2243 quaestio
805 2215 833 2237 de
846 2218 989 2242 paupertate,

141 2270 201 2293 quae
217 2266 323 2291 separata
340 2263 370 2285 ab
393 2263 442 2285 aliis
463 2266 486 2285 et
502 2268 548 2284 non
565 2262 660 2284 omnino
678 2262 765 2290 integra
791 2268 803 2283 a
826 2262 919 2283 saeculo
938 2261 989 2283 XV.

142 2311 234 2338 saepius
250 2310 312 2338 typis
328 2310 420 2337 vulgata
439 2312 480 2331 est.

205 2357 253 2379 Non
270 2359 336 2379 vacat
352 2356 444 2384 longius
460 2355 567 2381 scrutari,
584 2361 657 2383 quare
668 2354 788 2381 acciderit,
802 2357 825 2376 ut
838 2355 894 2376 haec
906 2354 989 2381 scripta

142 2403 235 2431 penitus
248 2403 351 2430 neglecta
363 2404 384 2424 et
396 2402 461 2430 quasi
479 2401 567 2429 sepulta
579 2401 742 2428 remanserint3
755 2401 901 2423 manifestum
915 2404 990 2423 tamen

143 2452 189 2476 est,
207 2454 301 2471 causam
318 2449 447 2470 nullatenus
463 2447 613 2476 repetendam
630 2453 681 2470 esse
698 2454 725 2470 ex
742 2454 782 2475 eo,
799 2447 863 2476 quod
887 2447 937 2474 ipsa
955 2447 991 2468 xel

145 2495 189 2517 siut
207 2495 211 2516 i
246 2500 270 2515 se
287 2494 363 2522 exigui
380 2494 459 2522 pretii,
477 2494 512 2515 vel
537 2496 667 2521 temporum
691 2492 882 2522 subsequentium
902 2493 951 2514 usui
970 2496 991 2514 et

144 2541 271 2562 necessitati
289 2541 365 2562 minus
389 2539 571 2562 accommodata.
597 2539 668 2561 Nemo
689 2539 763 2567 enim,
786 2539 921 2567 opinamur,
938 2538 992 2566 qui,

145 2592 222 2608 rerum
239 2587 419 2614 theologicarum
437 2586 524 2614 peritus
539 2584 631 2619 arbiter,
643 2585 725 2608 eadem
737 2588 822 2607 attente
838 2585 931 2613 legerit,
944 2584 992 2606 inti-

146 2632 245 2659 «labitur,
257 2634 298 2655 has
311 2633 462 2661 Quaestiones
478 2638 559 2655 omnes
576 2635 637 2654 tanto
654 2632 752 2655 Doctore
769 2632 917 2659 dignissimas
930 2637 991 2654 csse.

145 2679 217 2701 immo
235 2679 368 2707 plerasque,
380 2679 515 2706 praesertim
529 2684 568 2700 eas
584 2684 644 2707 quae
660 2679 690 2701 de
707 2679 816 2706 mysterio
829 2678 864 2701 Ss.
877 2678 993 2700 Trinitatis

147 2725 217 2748 modo
233 2731 329 2753 prorsus
353 2725 463 2753 singulari
487 2728 571 2752 agunt,
587 2725 647 2747 inter
668 2725 863 2753 praestantissima
888 2725 992 2747 eiusdem

147 2778 218 2800 opera
232 2772 360 2794 censendas
377 2778 436 2794 esse.
448 2772 473 2793 Et
484 2771 536 2800 quis
547 2770 652 2798 negabit,
665 2775 689 2794 ut
701 2772 730 2794 de
742 2772 791 2794 aliis
802 2775 932 2798 taceamus,
945 2777 994 2792 ma-

150 2824 222 2845 gnum
247 2818 369 2840 articulum
387 2817 450 2840 illum
475 2817 524 2839 sive
549 2820 668 2839 tractatum
695 2817 724 2840 de
748 2817 878 2840 obedientia
897 2818 993 2839 Summo

150 2864 251 2887 Pontifici
263 2864 352 2892 debita,
364 2865 414 2887 sive
425 2865 455 2887 de
466 2864 563 2887 Romani
574 2864 689 2887 Pontifleis
700 2865 868 2893 praerogativis
881 2864 930 2893 (qui
946 2863 995 2885 ulti-

149 2917 214 2933 mum
231 2911 308 2934 locum
325 2912 408 2933 harum
425 2911 590 2939 Quaestionum
606 2913 725 2939 occupat),
737 2911 759 2933 in
771 2911 889 2933 acerrimis
901 2910 931 2932 de
943 2910 995 2932 iuri-

152 2956 196 2980 bus
213 2957 302 2979 Summi
319 2957 434 2980 Pontificis
450 2956 613 2979 controversiis
630 2963 670 2984 per
687 2960 785 2986 quatuor
802 2957 892 2979 saecula
905 2956 996 2984 agitatis

1039 1191 1140 1218 potuisse
1157 1189 1352 1218 opportunissime
1369 1189 1397 1211 ad
1417 1195 1495 1211 reram
1513 1188 1639 1211 doctrinam
1661 1188 1794 1211 catholicam
1812 1188 1887 1211 desen-

1039 1237 1139 1259 dendam
1157 1236 1280 1264 impendi?

1102 1285 1116 1311 ’,3
1132 1285 1154 1306 2.
1172 1283 1195 1306 S.
1212 1282 1374 1305 Beneventum
1399 1288 1477 1311 reapse
1499 1281 1594 1311 scripsit
1619 1280 1743 1311 complures
1769 1280 1888 1307 Quaestio-

1040 1337 1079 1354 nes
1096 1330 1236 1361 disputatas.
1255 1342 1285 1346 —
1302 1330 1380 1352 Aetate
1398 1329 1473 1351 inedia
1497 1328 1600 1356 magistri
1623 1329 1764 1356 theologiae,
1782 1332 1805 1350 ut
1825 1329 1887 1356 apud

1040 1384 1121 1401 omnes
1137 1380 1237 1404 constat,
1255 1377 1284 1399 de
1301 1376 1442 1405 quibusdam
1461 1376 1578 1398 doen-inae
1596 1375 1709 1403 rapitibus
1728 1375 1818 1403 publice
1835 1376 1889 1398 sole-

1041 1423 1096 1446 bant
1112 1424 1231 1451 disputare
1248 1423 1363 1449 ditl'usius,
1381 1428 1452 1451 quam
1470 1422 1518 1444 tleri
1537 1424 1624 1450 poterat
1642 1421 1663 1443 in
1681 1421 1797 1444 ordinario
1812 1427 1889 1447 cursu,

1041 1471 1112 1499 quiin
1121 1469 1264 1498 exponendis
1273 1469 1332 1491 Petri
1342 1468 1466 1491 Lombardi
1482 1468 1598 1490 sententiis
1610 1468 1640 1490 ad
1653 1467 1808 1495 incipientium
1825 1467 1889 1490 disci-

1041 1516 1149 1544 pulorum
1167 1515 1338 1538 instructionem
1356 1514 1521 1543 occupabauuu
1534 1514 1607 1536 Multis
1619 1514 1762 1542 argumentis
1774 1520 1816 1541 pro
1829 1516 1890 1535 utra-

1041 1569 1087 1592 que
1105 1563 1208 1591 partein
1234 1562 1338 1585 medium
1363 1561 1464 1590 prolatis,
1490 1561 1599 1584 sententia
1626 1561 1764 1589 disputantis
1787 1561 1889 1587 magistri

1042 1610 1063 1632 in
1081 1609 1227 1632 conclusione
1253 1608 1426 1637 proponebatur
1443 1611 1465 1630 et
1490 1607 1680 1635 confirmabatur,
1702 1608 1781 1630 solutis
1806 1608 1890 1630 deind<¹

1041 1656 1184 1684 argumentis
1200 1656 1229 1678 ad
1247 1656 1380 1683 oppositum
1397 1655 1511 1677 adductis.
1524 1655 1577 1677 lude
1589 1661 1672 1677 nomen
1685 1654 1830 1684 quaestioni.»-
1845 1653 1889 1676 [lis-

1040 1704 1137 1732 putatm’
1154 1704 1197 1725 hos·
1214 1702 1374 1724 scholasticum
1392 1701 1524 1724 exercitium
1543 1701 1645 1729 accepit3
1664 1704 1685 1723 et
1702 1701 1795 1730 quaudo
1813 1701 1891 1728 plures

1041 1750 1187 1779 quaestiones
1205 1749 1233 1771 ad
1256 1749 1345 1771 lihitum
1371 1748 1538 1775 tractabantur,
1564 1747 1707 1770 vocabantur
1730 1746 1889 1776 quodliltelum

1042 1797 1078 1818 vet
1095 1795 1238 1825 quodlibeta,
1259 1795 1300 1823 qui
1318 1795 1435 1820 terminus,
1452 1795 1531 1816 saltem
1551 1795 1676 1821 posteriore
1694 1796 1775 1820 aetate,
1787 1800 1890 1815 eommu-

1041 1843 1092 1865 nius
1104 1843 1133 1864 de
1145 1842 1254 1864 omnibus
1271 1841 1353 1863 talibus
1370 1840 1545 1869 quaestiouibus
1562 1840 1726 1868 usurpabatur.
1744 1840 1892 1862 Praesumen-

1042 1889 1099 1910 dum
1117 1891 1162 1914 est,
1176 1888 1198 1909 S.
1211 1888 1408 1913 Bonaventuram,
1421 1886 1575 1908 universitatis
1593 1886 1724 1908 l‘arisiensis
1742 1886 1893 1912 innuisti-itin,

1043 1940 1087 1956 non
1105 1933 1226 1955 recessisse
1243 1932 1272 1954 ab
1286 1934 1327 1954 hae
1339 1932 1519 1958 consuetudine,
1532 1933 1666 1959 praesertim
1680 1939 1733 1954 euin
1748 1932 1796 1960 ipsc
1814 1935 1894 1953 auctor

1045 1981 1123 2007 suerit,
1141 1983 1165 2003 ut
1183 1980 1203 2001 in
1222 1980 1321 2002 comitiis
1339 1978 1485 2006 generalibus
1510 1978 1601 2000 Ordinis
1619 1979 1708 2000 Parisiis
1735 1980 1791 2000 126ιὶ
1811 1978 1894 2000 habitis

1043 2031 1065 2049 et
1082 2027 1191 2054 deinceps
1209 2026 1341 2048 huiusmodi
1360 2026 1526 2053 disputationes
1545 2025 1635 2053 publivc
1654 2025 1823 2047 instituerentur
1843 2027 1895 2052 retr.

1045 2075 1068 2096 Ρ.
1080 2074 1216 2096 Benedictus
1233 2073 1330 2099 llouelli,
1349 2073 1489 2094 l‘rodromus
1506 2072 1535 2094 ad
1553 2078 1623 2100 opera
1641 2072 1717 2093 onmia
1737 2073 1759 2094 S.
1779 2073 1894 2094 llonaven·

1045 2123 1121 2148 turae,
1140 2120 1231 2142 Bassani
1252 2119 1308 2140 1707
1327 2119 1370 2141 rol.
1388 2120 1416 2139 :ni
1436 2125 1456 2140 n.
1474 2118 1500 2145 ὃς
1517 2117 1636 2143 Sbaralia,
1654 2119 1844 2146 §implementum
1862 2118 1891 2140 ad

1045 2167 1168 2194 scriptores
1185 2166 1241 2188 Ord.
1258 2166 1310 2187 Min.
1328 2171 1382 2192 pau.
1403 2165 1456 2188 170.
1474 2165 1516 2186 cul.
1535 2166 1574 2193 2.).

1108 2214 1168 2236 llaec
1186 2213 1327 2241 praesumtio
1345 2213 1368 2235 sit
1385 2219 1422 2234 res
1434 2216 1493 2234 certa
1506 2216 1528 2234 et
1539 2212 1653 2239 explorata
1666 2212 1826 2240 antiquissimo
1839 2217 1895 2240 quo-

1046 2261 1099 2283 dam
1112 2261 1215 2288 catalogo
1227 2259 1384 2287 bibliothecae,
1396 2266 1455 2288 <piae
1473 2259 1509 2281 t'uit
1525 2259 1659 2280 Contentus
1673 2260 1695 2280 S.
1706 2258 1819 2280 Fortunati
1831 2258 1853 2279 in
1866 2258 1894 2280 ci-

1047 2308 1115 2330 ritate.
1132 2307 1240 2334 Tuderti,
1252 2313 1314 2329 nunc
1326 2310 1401 2328 autem
1419 2309 1506 2333 spectat
1523 2306 1552 2327 ad
1570 2305 1673 2328 eiusdem
1692 2304 1853 2331 rumim-wluin.
1867 2305 1893 2326 L't

1047 2357 1141 2376 testatur
1155 2353 1211 2375 liber
1221 2352 1355 2375 lurrnturt'o
1367 2352 1404 2374 dei
1416 2351 1490 2374 codici
1502 2351 1562 2373 <tella
1578 2350 1702 2373 ruminante
1716 2351 1741 2373 ιΙῖ
1755 2350 1819 2377 Tadi,
1832 2356 1895 2373 cum-

1045 2399 1119 2429 pilalo
1132 2399 1161 2422 da
1175 2399 1280 2422 Lai-unzi>
1299 2398 1385 2425 Leonii,
1398 2405 1452 2426 pag.
1464 2398 1547 2424 62-ὓί,
1559 2401 1578 2419 et
1592 2400 1642 2419 ante
1659 2404 1712 2419 eum
1733 2397 1815 2419 llouelli
1835 2396 1894 2419 aibr.

1047 2447 1085 2469 cit.
1101 2447 1144 2468 col.
1162 2446 1205 2468 473
1223 2446 1312 2474 seqqa,
1330 2447 1472 2467 memoratus
1497 2444 1614 2471 catalogus
1640 2443 1736 2465 habetur
1755 2444 1784 2464 il=i
1803 2444 1825 2465 in
1843 2443 1894 2464 cod.

1048 2492 1108 2519 sign.
1123 2493 1173 2514 185.
1191 2491 1221 2519 (et
1238 2491 1307 2513 etiam
1325 2491 1348 2513 in
1365 2491 1417 2513 cod.
1433 2491 1493 2517 sign.
1514 2490 1573 2515 187.)
1592 2493 1612 2511 et
1630 2489 1776 2511 inscribitur:
1793 2498 1802 2507 ιι
1816 2490 1849 2510 lux
1857 2495 1896 2510 en-

1049 2540 1131 2562 tarium
1145 2539 1255 2561 librorum
1268 2539 1400 2561 Conventus
1416 2539 1510 2559 tratrum
1524 2537 1634 2558 Minornm
1648 2536 1676 2557 de
1688 2536 1798 2563 lanterio,
1810 2539 1831 2556 et
1844 2540 1896 2557 sunt

1048 2587 1145 2609 ordinati
1163 2590 1184 2608 et
1201 2585 1300 2608 distincti
1317 2585 1444 2607 secundum
1462 2584 1566 2605 ordinem
1585 2582 1699 2611 alphabeti
1710 2592 1730 2604 n.
1743 2595 1773 2599 —
1791 2583 1817 2605 t't
1835 2585 1896 2604 aetas

1049 2635 1070 2653 ct
1087 2632 1210 2654 auctoritas
1227 2631 1295 2652 huius
1312 2630 1445 2652 documenti
1471 2632 1591 2657 appareat,
1610 2628 1688 2650 obscrx
1696 2634 1774 2653 amus,
1797 2631 1896 2656 quatuor

1050 2678 1071 2699 in
1090 2678 1133 2699 hoe
1150 2678 1229 2700 codice
1247 2677 1326 2699 haberi
1344 2677 1469 2698 inventaria
1487 2683 1499 2698 a
1517 2679 1615 2704 quatuor
1633 2675 1739 2697 manibus
1752 2674 1895 2702 temporibus

1049 2723 1093 2746 sibi
1113 2724 1290 2747 succedentibus
1309 2723 1446 2751 conscripta.
1465 2723 1496 2745 De
1518 2723 1593 2750 primo
1611 2725 1632 2744 et
1649 2722 1775 2750 antiquiore
1798 2720 1896 2743 subinde

1050 2771 1181 2799 loquemur.
1190 2771 1236 2792 Fol.
1246 2771 1283 2792 33.
1295 2770 1374 2797 incipit
1385 2769 1513 2792 secundum
1527 2769 1562 2791 his
1573 2768 1664 2791 verbis:
1677 2777 1687 2787 «
1699 2768 1758 2790 istud
1771 2771 1804 2789 cst
1817 2767 1897 2789 inven-

1051 2817 1133 2839 tarium
1152 2823 1250 2844 novum,
1269 2818 1353 2839 sactum
1374 2823 1399 2838 ex
1422 2819 1545 2844 praecepto
1563 2815 1677 2837 Benedicti
1699 2815 1774 2842 Papae
1792 2814 1839 2836 xli.
1856 2820 1897 2841 per

1052 2864 1144 2885 fratrem
1156 2864 1270 2885 Thomam
1283 2863 1395 2885 Todiuelli
1407 2863 1435 2885 de
1447 2862 1562 2889 Tuderte,
1575 2866 1678 2889 tempore
1695 2861 1768 2883 fratris
1781 2861 1897 2886 Matthaei,

1051 2913 1105 2931 tunc
1123 2910 1244 2937 guardiani
1261 2909 1393 2931 Conventus
1410 2909 1527 2931 Tudertini
1539 2918 1549 2927 ›»
1564 2912 1606 2930 etc.
1619 2907 1705 2929 Deinde.
1724 2908 1761 2928 sol.
1774 2906 1811 2928 42.
1831 2913 1849 2928 r.
1866 2912 1898 2927 se-

1052 2956 1130 2984 quitur
1138 2956 1230 2978 tertium
1240 2956 1401 2982 inventarium,
1408 2955 1519 2982 scriptum
1531 2956 1535 2976 1
1544 2964 1564 2976 )
1572 2954 1655 2981 Aprilis
1664 2960 1702 2976 an.
1713 2953 1781 2980 13:333
1791 2957 1898 2981 quartum
