<?xml version="1.0" encoding="UTF-8"?>
<!DOCTYPE html PUBLIC "-//W3C//DTD XHTML 1.0 Transitional//EN"
    "http://www.w3.org/TR/xhtml1/DTD/xhtml1-transitional.dtd">
<html xmlns="http://www.w3.org/1999/xhtml" xml:lang="en" lang="en">
 <head>
  <title>
</title>
<meta http-equiv="Content-Type" content="text/html;charset=utf-8" />
  <meta name='ocr-system' content='tesseract 3.04.00' />
  <meta name='ocr-capabilities' content='ocr_page ocr_carea ocr_par ocr_line ocrx_word'/>
</head>
<body>
  <div class='ocr_page' id='page_1' title='image "./doctorisseraphic05bona_0265.png"; bbox 0 0 2285 3398; ppageno 0'>
   <div class='ocr_carea' id='block_1_1' title="bbox 602 199 1488 241">
    <p class='ocr_par' dir='ltr' id='par_1_1' title="bbox 602 199 1488 241">
     <span class='ocr_line' id='line_1_1' title="bbox 602 199 1488 241; baseline 0.006 -14"><span class='ocrx_word' id='word_1_1' title='bbox 602 199 644 228; x_wconf 74' lang='lat' dir='ltr'>Di:</span> <span class='ocrx_word' id='word_1_2' title='bbox 668 200 888 229; x_wconf 72' lang='lat' dir='ltr'>PERFECTIONE</span> <span class='ocrx_word' id='word_1_3' title='bbox 910 200 1110 241; x_wconf 60' lang='lat' dir='ltr'>EVANGEMCA</span> <span class='ocrx_word' id='word_1_4' title='bbox 1132 201 1267 237; x_wconf 62' lang='lat' dir='ltr'>QUAEST.</span> <span class='ocrx_word' id='word_1_5' title='bbox 1291 202 1331 230; x_wconf 72' lang='lat' dir='ltr'>IV.</span> <span class='ocrx_word' id='word_1_6' title='bbox 1355 203 1425 231; x_wconf 72' lang='grc' dir='ltr'>ΛΒΤ.</span> <span class='ocrx_word' id='word_1_7' title='bbox 1450 203 1488 232; x_wconf 90' lang='grc' dir='ltr'>ΙΙΙ,</span> 
     </span>
    </p>
   </div>
   <div class='ocr_carea' id='block_1_2' title="bbox 42 277 1015 783">
    <p class='ocr_par' dir='ltr' id='par_1_2' title="bbox 42 277 1015 783">
     <span class='ocr_line' id='line_1_2' title="bbox 252 277 1015 315; baseline 0.003 -10"><span class='ocrx_word' id='word_1_8' title='bbox 252 278 294 306; x_wconf 86' lang='grc'><strong>18.</strong></span> <span class='ocrx_word' id='word_1_9' title='bbox 318 277 354 305; x_wconf 74' lang='lat' dir='ltr'>Ad</span> <span class='ocrx_word' id='word_1_10' title='bbox 377 277 443 306; x_wconf 92' lang='lat' dir='ltr'>illud</span> <span class='ocrx_word' id='word_1_11' title='bbox 465 278 538 315; x_wconf 89' lang='lat' dir='ltr'>quod</span> <span class='ocrx_word' id='word_1_12' title='bbox 559 277 688 306; x_wconf 81' lang='lat' dir='ltr'>obiicitur</span> <span class='ocrx_word' id='word_1_13' title='bbox 709 278 742 307; x_wconf 80' lang='lat' dir='ltr'>dc</span> <span class='ocrx_word' id='word_1_14' title='bbox 767 279 955 313; x_wconf 71' lang='lat' dir='ltr'>anachoretis,</span> <span class='ocrx_word' id='word_1_15' title='bbox 976 279 1015 307; x_wconf 83' lang='lat' dir='ltr'>di·-</span> 
     </span>
     <span class='ocr_line' id='line_1_3' title="bbox 170 323 1015 364; baseline 0.002 -12"><span class='ocrx_word' id='word_1_16' title='bbox 170 323 302 358; x_wconf 79' lang='lat' dir='ltr'>cendum,</span> <span class='ocrx_word' id='word_1_17' title='bbox 317 324 391 364; x_wconf 84' lang='lat' dir='ltr'>quod</span> <span class='ocrx_word' id='word_1_18' title='bbox 410 325 591 353; x_wconf 82' lang='lat' dir='ltr'>anachoretae</span> <span class='ocrx_word' id='word_1_19' title='bbox 613 333 661 361; x_wconf 83' lang='lat' dir='ltr'>per</span> <span class='ocrx_word' id='word_1_20' title='bbox 682 326 863 355; x_wconf 75' lang='lat' dir='ltr'>obedientiam</span> <span class='ocrx_word' id='word_1_21' title='bbox 879 326 1015 362; x_wconf 68' lang='lat' dir='ltr'>eligeban-</span> 
     </span>
     <span class='ocr_line' id='line_1_4' title="bbox 42 371 1014 408; baseline 0.003 -9"><span class='ocrx_word' id='word_1_22' title='bbox 42 376 156 396; x_wconf 71' lang='lat' dir='ltr'>flotandum.</span> <span class='ocrx_word' id='word_1_23' title='bbox 171 374 231 404; x_wconf 82' lang='lat' dir='ltr'>tur;</span> <span class='ocrx_word' id='word_1_24' title='bbox 251 374 277 399; x_wconf 84' lang='lat' dir='ltr'>ct</span> <span class='ocrx_word' id='word_1_25' title='bbox 300 372 350 399; x_wconf 88' lang='lat' dir='ltr'>hoc</span> <span class='ocrx_word' id='word_1_26' title='bbox 371 371 481 408; x_wconf 86' lang='lat' dir='ltr'>quidem</span> <span class='ocrx_word' id='word_1_27' title='bbox 504 380 557 400; x_wconf 89' lang='lat' dir='ltr'>non</span> <span class='ocrx_word' id='word_1_28' title='bbox 578 373 780 401; x_wconf 69' lang='lat' dir='ltr'>concedebatur</span> <span class='ocrx_word' id='word_1_29' title='bbox 802 373 851 401; x_wconf 84' lang='lat' dir='ltr'>nisi</span> <span class='ocrx_word' id='word_1_30' title='bbox 873 373 941 402; x_wconf 75' lang='lat' dir='ltr'>adeo</span> <span class='ocrx_word' id='word_1_31' title='bbox 962 373 1014 402; x_wconf 87' lang='lat' dir='ltr'>iam</span> 
     </span>
     <span class='ocr_line' id='line_1_5' title="bbox 170 418 1014 456; baseline 0.001 -9"><span class='ocrx_word' id='word_1_32' title='bbox 170 418 292 456; x_wconf 76' lang='lat' dir='ltr'>probatis</span> <span class='ocrx_word' id='word_1_33' title='bbox 313 418 338 446; x_wconf 93' lang='lat' dir='ltr'>in</span> <span class='ocrx_word' id='word_1_34' title='bbox 361 418 534 447; x_wconf 79' lang='lat' dir='ltr'>observantia</span> <span class='ocrx_word' id='word_1_35' title='bbox 555 418 725 447; x_wconf 75' lang='lat' dir='ltr'>obedientiae</span> <span class='ocrx_word' id='word_1_36' title='bbox 750 419 900 456; x_wconf 70' lang='lat' dir='ltr'>regularis,</span> <span class='ocrx_word' id='word_1_37' title='bbox 923 423 953 448; x_wconf 91' lang='lat' dir='ltr'>ut</span> <span class='ocrx_word' id='word_1_38' title='bbox 975 419 1014 447; x_wconf 92' lang='lat' dir='ltr'>in-</span> 
     </span>
     <span class='ocr_line' id='line_1_6' title="bbox 169 464 1012 495; baseline 0.001 -2"><span class='ocrx_word' id='word_1_39' title='bbox 169 465 327 495; x_wconf 75' lang='lat' dir='ltr'>dubitanter</span> <span class='ocrx_word' id='word_1_40' title='bbox 348 472 407 493; x_wconf 85' lang='lat' dir='ltr'>esse</span> <span class='ocrx_word' id='word_1_41' title='bbox 428 464 610 493; x_wconf 72' lang='lat' dir='ltr'>crederentur</span> <span class='ocrx_word' id='word_1_42' title='bbox 642 465 729 494; x_wconf 85' lang='lat' dir='ltr'>idonei</span> <span class='ocrx_word' id='word_1_43' title='bbox 760 466 794 494; x_wconf 84' lang='lat' dir='ltr'>ad</span> <span class='ocrx_word' id='word_1_44' title='bbox 825 465 1012 495; x_wconf 80' lang='lat' dir='ltr'>immediatum</span> 
     </span>
     <span class='ocr_line' id='line_1_7' title="bbox 142 511 1014 550; baseline 0.003 -11"><span class='ocrx_word' id='word_1_45' title='bbox 142 521 146 527; x_wconf 90' lang='grc'>·</span> <span class='ocrx_word' id='word_1_46' title='bbox 171 512 291 549; x_wconf 61' lang='lat' dir='ltr'>regimen</span> <span class='ocrx_word' id='word_1_47' title='bbox 323 511 441 548; x_wconf 73' lang='lat' dir='ltr'>Spiritus</span> <span class='ocrx_word' id='word_1_48' title='bbox 471 512 556 540; x_wconf 78' lang='lat' dir='ltr'>sancti</span> <span class='ocrx_word' id='word_1_49' title='bbox 588 511 705 541; x_wconf 90' lang='lat' dir='ltr'>interius</span> <span class='ocrx_word' id='word_1_50' title='bbox 735 512 952 550; x_wconf 80' lang='lat' dir='ltr'>gubernantis¹;</span> <span class='ocrx_word' id='word_1_51' title='bbox 980 513 1014 542; x_wconf 83' lang='lat' dir='ltr'>ad</span> 
     </span>
     <span class='ocr_line' id='line_1_8' title="bbox 170 559 1014 596; baseline 0.001 -9"><span class='ocrx_word' id='word_1_52' title='bbox 170 559 243 596; x_wconf 82' lang='lat' dir='ltr'>quod</span> <span class='ocrx_word' id='word_1_53' title='bbox 266 559 409 595; x_wconf 70' lang='lat' dir='ltr'>pervenire</span> <span class='ocrx_word' id='word_1_54' title='bbox 432 566 605 595; x_wconf 78' lang='lat' dir='ltr'>nequaquam</span> <span class='ocrx_word' id='word_1_55' title='bbox 621 559 789 595; x_wconf 86' lang='lat' dir='ltr'>potuissent,</span> <span class='ocrx_word' id='word_1_56' title='bbox 805 559 855 587; x_wconf 84' lang='lat' dir='ltr'>nisi</span> <span class='ocrx_word' id='word_1_57' title='bbox 878 568 927 596; x_wconf 83' lang='lat' dir='ltr'>pei·</span> <span class='ocrx_word' id='word_1_58' title='bbox 948 560 1014 588; x_wconf 85' lang='lat' dir='ltr'>sub-</span> 
     </span>
     <span class='ocr_line' id='line_1_9' title="bbox 171 605 1013 643; baseline 0.002 -10"><span class='ocrx_word' id='word_1_59' title='bbox 171 605 313 634; x_wconf 74' lang='lat' dir='ltr'>iectionem</span> <span class='ocrx_word' id='word_1_60' title='bbox 338 605 517 633; x_wconf 79' lang='lat' dir='ltr'>voluntariam</span> <span class='ocrx_word' id='word_1_61' title='bbox 533 605 566 633; x_wconf 85' lang='lat' dir='ltr'>ad</span> <span class='ocrx_word' id='word_1_62' title='bbox 581 605 762 633; x_wconf 74' lang='lat' dir='ltr'>obediendum</span> <span class='ocrx_word' id='word_1_63' title='bbox 783 605 885 634; x_wconf 89' lang='lat' dir='ltr'>homiui</span> <span class='ocrx_word' id='word_1_64' title='bbox 908 615 936 634; x_wconf 90' lang='grc' dir='ltr'><strong><em>Μ</em></strong></span> <span class='ocrx_word' id='word_1_65' title='bbox 958 607 1013 643; x_wconf 93' lang='lat' dir='ltr'>pri-</span> 
     </span>
     <span class='ocr_line' id='line_1_10' title="bbox 171 652 476 681; baseline 0.003 -2"><span class='ocrx_word' id='word_1_66' title='bbox 171 652 254 680; x_wconf 78' lang='lat' dir='ltr'>mitus</span> <span class='ocrx_word' id='word_1_67' title='bbox 275 652 476 681; x_wconf 73' lang='lat' dir='ltr'>astrinxissent.</span> 
     </span>
     <span class='ocr_line' id='line_1_11' title="bbox 251 699 1013 736; baseline 0.003 -10"><span class='ocrx_word' id='word_1_68' title='bbox 251 699 293 726; x_wconf 81' lang='lat'>19.</span> <span class='ocrx_word' id='word_1_69' title='bbox 316 699 352 727; x_wconf 70' lang='lat' dir='ltr'>Aci</span> <span class='ocrx_word' id='word_1_70' title='bbox 374 699 440 727; x_wconf 91' lang='lat' dir='ltr'>illud</span> <span class='ocrx_word' id='word_1_71' title='bbox 461 699 535 736; x_wconf 87' lang='lat' dir='ltr'>quod</span> <span class='ocrx_word' id='word_1_72' title='bbox 556 699 700 733; x_wconf 80' lang='lat' dir='ltr'>obiicitur,</span> <span class='ocrx_word' id='word_1_73' title='bbox 715 699 787 736; x_wconf 71' lang='lat' dir='ltr'>quoii</span> <span class='ocrx_word' id='word_1_74' title='bbox 808 708 857 736; x_wconf 74' lang='lat' dir='ltr'>per</span> <span class='ocrx_word' id='word_1_75' title='bbox 873 700 922 728; x_wconf 76' lang='lat' dir='ltr'>hoc</span> <span class='ocrx_word' id='word_1_76' title='bbox 938 700 1013 728; x_wconf 84' lang='lat' dir='ltr'>clau-</span> 
     </span>
     <span class='ocr_line' id='line_1_12' title="bbox 168 745 1011 783; baseline 0.004 -11"><span class='ocrx_word' id='word_1_77' title='bbox 168 745 244 773; x_wconf 82' lang='lat' dir='ltr'>ditur</span> <span class='ocrx_word' id='word_1_78' title='bbox 264 745 374 774; x_wconf 80' lang='lat' dir='ltr'>infirmo</span> <span class='ocrx_word' id='word_1_79' title='bbox 396 747 438 774; x_wconf 80' lang='lat' dir='ltr'>via</span> <span class='ocrx_word' id='word_1_80' title='bbox 452 747 564 781; x_wconf 82' lang='lat' dir='ltr'>salutis;</span> <span class='ocrx_word' id='word_1_81' title='bbox 579 746 741 780; x_wconf 79' lang='lat' dir='ltr'>dicendum,</span> <span class='ocrx_word' id='word_1_82' title='bbox 756 747 829 783; x_wconf 83' lang='lat' dir='ltr'>quod</span> <span class='ocrx_word' id='word_1_83' title='bbox 846 747 943 775; x_wconf 78' lang='lat' dir='ltr'>falsum</span> <span class='ocrx_word' id='word_1_84' title='bbox 958 750 1011 781; x_wconf 78' lang='lat' dir='ltr'>cst3</span> 
     </span>
    </p>
   </div>
   <div class='ocr_carea' id='block_1_3' title="bbox 1865 209 1918 237">
    <p class='ocr_par' dir='ltr' id='par_1_3' title="bbox 1865 209 1918 237">
     <span class='ocr_line' id='line_1_13' title="bbox 1865 209 1918 237; baseline 0 0"><span class='ocrx_word' id='word_1_85' title='bbox 1865 209 1918 237; x_wconf 78' lang='lat'>189</span> 
     </span>
    </p>
   </div>
   <div class='ocr_carea' id='block_1_4' title="bbox 1068 279 2034 782">
    <p class='ocr_par' dir='ltr' id='par_1_4' title="bbox 1071 279 1916 408">
     <span class='ocr_line' id='line_1_14' title="bbox 1072 279 1916 320; baseline 0.009 -13"><span class='ocrx_word' id='word_1_86' title='bbox 1072 279 1119 307; x_wconf 80' lang='lat' dir='ltr'>sed</span> <span class='ocrx_word' id='word_1_87' title='bbox 1140 279 1173 307; x_wconf 76' lang='lat' dir='ltr'>(lo</span> <span class='ocrx_word' id='word_1_88' title='bbox 1195 280 1288 308; x_wconf 77' lang='lat' dir='ltr'>multis</span> <span class='ocrx_word' id='word_1_89' title='bbox 1311 281 1375 315; x_wconf 74' lang='lat' dir='ltr'>viis,</span> <span class='ocrx_word' id='word_1_90' title='bbox 1392 281 1417 309; x_wconf 91' lang='lat' dir='ltr'>in</span> <span class='ocrx_word' id='word_1_91' title='bbox 1440 282 1542 318; x_wconf 79' lang='lat' dir='ltr'>quibus</span> <span class='ocrx_word' id='word_1_92' title='bbox 1564 283 1655 318; x_wconf 52' lang='lat' dir='ltr'>vagari</span> <span class='ocrx_word' id='word_1_93' title='bbox 1679 286 1767 320; x_wconf 81' lang='lat' dir='ltr'>potest</span> <span class='ocrx_word' id='word_1_94' title='bbox 1787 288 1814 314; x_wconf 91' lang='lat' dir='ltr'>et</span> <span class='ocrx_word' id='word_1_95' title='bbox 1835 286 1916 315; x_wconf 83' lang='lat' dir='ltr'>ctiam</span> 
     </span>
     <span class='ocr_line' id='line_1_15' title="bbox 1071 326 1915 370; baseline 0.011 -17"><span class='ocrx_word' id='word_1_96' title='bbox 1071 326 1217 360; x_wconf 81' lang='lat' dir='ltr'>aberrare,</span> <span class='ocrx_word' id='word_1_97' title='bbox 1239 327 1332 363; x_wconf 75' lang='lat' dir='ltr'>aliqua</span> <span class='ocrx_word' id='word_1_98' title='bbox 1356 328 1457 356; x_wconf 77' lang='lat' dir='ltr'>certior</span> <span class='ocrx_word' id='word_1_99' title='bbox 1478 332 1505 357; x_wconf 82' lang='lat' dir='ltr'>et</span> <span class='ocrx_word' id='word_1_100' title='bbox 1526 329 1622 357; x_wconf 78' lang='lat' dir='ltr'>melior</span> <span class='ocrx_word' id='word_1_101' title='bbox 1650 330 1762 365; x_wconf 64' lang='lat' dir='ltr'>eligitur</span> <span class='ocrx_word' id='word_1_102' title='bbox 1788 336 1915 370; x_wconf 79' lang='lat' dir='ltr'>tanquam</span> 
     </span>
     <span class='ocr_line' id='line_1_16' title="bbox 1071 372 1696 408; baseline 0.008 -9"><span class='ocrx_word' id='word_1_103' title='bbox 1071 372 1264 408; x_wconf 75' lang='lat' dir='ltr'>compendiosa</span> <span class='ocrx_word' id='word_1_104' title='bbox 1286 373 1328 401; x_wconf 73' lang='lat' dir='ltr'>via</span> <span class='ocrx_word' id='word_1_105' title='bbox 1349 377 1375 402; x_wconf 85' lang='lat' dir='ltr'>ct</span> <span class='ocrx_word' id='word_1_106' title='bbox 1397 375 1533 403; x_wconf 64' lang='lat' dir='ltr'>ciuem-ior</span> <span class='ocrx_word' id='word_1_107' title='bbox 1556 376 1696 404; x_wconf 75' lang='lat' dir='ltr'>medicina.</span> 
     </span>
    </p>

    <p class='ocr_par' dir='ltr' id='par_1_5' title="bbox 1068 419 2034 782">
     <span class='ocr_line' id='line_1_17' title="bbox 1149 419 1915 460; baseline 0.01 -13"><span class='ocrx_word' id='word_1_108' title='bbox 1149 421 1194 447; x_wconf 61' lang='lat'>320.</span> <span class='ocrx_word' id='word_1_109' title='bbox 1218 419 1253 447; x_wconf 69' lang='lat' dir='ltr'>Ad</span> <span class='ocrx_word' id='word_1_110' title='bbox 1281 419 1346 448; x_wconf 83' lang='lat' dir='ltr'>illud</span> <span class='ocrx_word' id='word_1_111' title='bbox 1375 421 1447 457; x_wconf 81' lang='lat' dir='ltr'>quod</span> <span class='ocrx_word' id='word_1_112' title='bbox 1476 421 1620 455; x_wconf 74' lang='lat' dir='ltr'>obiicitur,</span> <span class='ocrx_word' id='word_1_113' title='bbox 1642 424 1714 459; x_wconf 82' lang='lat' dir='ltr'>quod</span> <span class='ocrx_word' id='word_1_114' title='bbox 1738 424 1865 460; x_wconf 83' lang='lat' dir='ltr'>pluribus</span> <span class='ocrx_word' id='word_1_115' title='bbox 1887 435 1915 455; x_wconf 89' lang='lat' dir='ltr'>se</span> 
     </span>
     <span class='ocr_line' id='line_1_18' title="bbox 1071 466 1915 510; baseline 0.011 -16"><span class='ocrx_word' id='word_1_116' title='bbox 1071 466 1206 495; x_wconf 85' lang='lat' dir='ltr'>subiicere</span> <span class='ocrx_word' id='word_1_117' title='bbox 1234 466 1345 494; x_wconf 80' lang='lat' dir='ltr'>maioris</span> <span class='ocrx_word' id='word_1_118' title='bbox 1372 468 1544 503; x_wconf 61' lang='lat' dir='ltr'>pei-sectionis</span> <span class='ocrx_word' id='word_1_119' title='bbox 1571 473 1630 503; x_wconf 77' lang='lat' dir='ltr'>cst;</span> <span class='ocrx_word' id='word_1_120' title='bbox 1655 470 1817 506; x_wconf 75' lang='lat' dir='ltr'>(licendum,</span> <span class='ocrx_word' id='word_1_121' title='bbox 1842 474 1915 510; x_wconf 86' lang='lat' dir='ltr'>quod</span> 
     </span>
     <span class='ocr_line' id='line_1_19' title="bbox 1072 507 2034 550; baseline 0.006 -9"><span class='ocrx_word' id='word_1_122' title='bbox 1072 507 1142 542; x_wconf 76' lang='lat' dir='ltr'>ist&#39;ud</span> <span class='ocrx_word' id='word_1_123' title='bbox 1165 516 1206 542; x_wconf 86' lang='lat' dir='ltr'>est</span> <span class='ocrx_word' id='word_1_124' title='bbox 1227 521 1324 542; x_wconf 82' lang='lat' dir='ltr'>verum</span> <span class='ocrx_word' id='word_1_125' title='bbox 1346 522 1394 550; x_wconf 83' lang='lat' dir='ltr'>per</span> <span class='ocrx_word' id='word_1_126' title='bbox 1416 517 1598 544; x_wconf 80' lang='lat' dir='ltr'>reverentiam</span> <span class='ocrx_word' id='word_1_127' title='bbox 1617 520 1644 545; x_wconf 73' lang='lat' dir='ltr'>et</span> <span class='ocrx_word' id='word_1_128' title='bbox 1659 517 1914 549; x_wconf 69' lang='lat' dir='ltr'>condescensionem</span> <span class='ocrx_word' id='word_1_129' title='bbox 1928 528 2034 548; x_wconf 62' lang='lat' dir='ltr'>ottanum.</span> 
     </span>
     <span class='ocr_line' id='line_1_20' title="bbox 1071 560 1915 598; baseline 0.011 -10"><span class='ocrx_word' id='word_1_130' title='bbox 1071 560 1245 598; x_wconf 72' lang='lat' dir='ltr'>benignitatis</span> <span class='ocrx_word' id='word_1_131' title='bbox 1265 565 1291 589; x_wconf 79' lang='lat' dir='ltr'>et</span> <span class='ocrx_word' id='word_1_132' title='bbox 1312 561 1510 590; x_wconf 70' lang='lat' dir='ltr'>exhibitionem</span> <span class='ocrx_word' id='word_1_133' title='bbox 1534 563 1660 596; x_wconf 71' lang='lat' dir='ltr'>honoris,</span> <span class='ocrx_word' id='word_1_134' title='bbox 1683 572 1735 592; x_wconf 87' lang='lat' dir='ltr'>nou</span> <span class='ocrx_word' id='word_1_135' title='bbox 1761 569 1853 595; x_wconf 69' lang='lat' dir='ltr'>:tutem</span> <span class='ocrx_word' id='word_1_136' title='bbox 1874 571 1915 597; x_wconf 86' lang='lat' dir='ltr'>est</span> 
     </span>
     <span class='ocr_line' id='line_1_21' title="bbox 1072 608 1914 650; baseline 0.008 -15"><span class='ocrx_word' id='word_1_137' title='bbox 1072 615 1167 635; x_wconf 74' lang='lat' dir='ltr'>vorum</span> <span class='ocrx_word' id='word_1_138' title='bbox 1190 616 1239 644; x_wconf 88' lang='lat' dir='ltr'>per</span> <span class='ocrx_word' id='word_1_139' title='bbox 1261 611 1354 636; x_wconf 77' lang='lat' dir='ltr'>votum</span> <span class='ocrx_word' id='word_1_140' title='bbox 1375 608 1545 637; x_wconf 76' lang='lat' dir='ltr'>obedientiae</span> <span class='ocrx_word' id='word_1_141' title='bbox 1566 613 1593 638; x_wconf 69' lang='lat' dir='ltr'>ct</span> <span class='ocrx_word' id='word_1_142' title='bbox 1615 610 1810 646; x_wconf 72' lang='lat' dir='ltr'>protessionem</span> <span class='ocrx_word' id='word_1_143' title='bbox 1834 621 1914 650; x_wconf 80' lang='lat' dir='ltr'>regu-</span> 
     </span>
     <span class='ocr_line' id='line_1_22' title="bbox 1071 654 1914 693; baseline 0.008 -11"><span class='ocrx_word' id='word_1_144' title='bbox 1071 654 1171 689; x_wconf 82' lang='lat' dir='ltr'>larem,</span> <span class='ocrx_word' id='word_1_145' title='bbox 1193 655 1259 692; x_wconf 81' lang='lat' dir='ltr'>quia</span> <span class='ocrx_word' id='word_1_146' title='bbox 1280 655 1431 684; x_wconf 82' lang='lat' dir='ltr'>secuudum</span> <span class='ocrx_word' id='word_1_147' title='bbox 1455 656 1525 684; x_wconf 79' lang='lat' dir='ltr'>hanc</span> <span class='ocrx_word' id='word_1_148' title='bbox 1553 657 1636 685; x_wconf 70' lang='lat' dir='ltr'>certis</span> <span class='ocrx_word' id='word_1_149' title='bbox 1664 658 1788 693; x_wconf 86' lang='lat' dir='ltr'>personis</span> <span class='ocrx_word' id='word_1_150' title='bbox 1815 659 1914 690; x_wconf 87' lang='lat' dir='ltr'>debent</span> 
     </span>
     <span class='ocr_line' id='line_1_23' title="bbox 1069 701 1914 742; baseline 0.007 -13"><span class='ocrx_word' id='word_1_151' title='bbox 1069 701 1135 729; x_wconf 75' lang='lat' dir='ltr'>certi</span> <span class='ocrx_word' id='word_1_152' title='bbox 1159 702 1282 730; x_wconf 78' lang='lat' dir='ltr'>homines</span> <span class='ocrx_word' id='word_1_153' title='bbox 1303 702 1415 736; x_wconf 77' lang='lat' dir='ltr'>subiici,</span> <span class='ocrx_word' id='word_1_154' title='bbox 1438 705 1468 730; x_wconf 86' lang='lat' dir='ltr'>ut</span> <span class='ocrx_word' id='word_1_155' title='bbox 1501 702 1688 742; x_wconf 19' lang='lat' dir='ltr'>iunomnibus</span> <span class='ocrx_word' id='word_1_156' title='bbox 1720 704 1821 733; x_wconf 73' lang='lat' dir='ltr'>vitetur</span> <span class='ocrx_word' id='word_1_157' title='bbox 1851 715 1914 736; x_wconf 74' lang='lat' dir='ltr'>con-</span> 
     </span>
     <span class='ocr_line' id='line_1_24' title="bbox 1068 747 1678 782; baseline 0.005 -6"><span class='ocrx_word' id='word_1_158' title='bbox 1068 747 1154 782; x_wconf 82' lang='lat' dir='ltr'>fusio,</span> <span class='ocrx_word' id='word_1_159' title='bbox 1176 752 1204 782; x_wconf 79' lang='lat' dir='ltr'>et</span> <span class='ocrx_word' id='word_1_160' title='bbox 1225 750 1361 778; x_wconf 78' lang='lat' dir='ltr'>rectitudo</span> <span class='ocrx_word' id='word_1_161' title='bbox 1381 749 1485 778; x_wconf 83' lang='lat' dir='ltr'>ordinis</span> <span class='ocrx_word' id='word_1_162' title='bbox 1505 750 1678 779; x_wconf 67' lang='lat' dir='ltr'>observetur.</span> 
     </span>
    </p>
   </div>
   <div class='ocr_carea' id='block_1_5' title="bbox 924 882 1163 911">
    <p class='ocr_par' dir='ltr' id='par_1_6' title="bbox 924 882 1163 911">
     <span class='ocr_line' id='line_1_25' title="bbox 924 882 1163 911; baseline 0 -1"><span class='ocrx_word' id='word_1_163' title='bbox 924 882 1104 911; x_wconf 73' lang='lat' dir='ltr'>ARTICULUS</span> <span class='ocrx_word' id='word_1_164' title='bbox 1124 883 1163 910; x_wconf 90' lang='lat' dir='ltr'>Ill.</span> 
     </span>
    </p>
   </div>
   <div class='ocr_carea' id='block_1_6' title="bbox 726 992 1360 1030">
    <p class='ocr_par' dir='ltr' id='par_1_7' title="bbox 726 992 1360 1030">
     <span class='ocr_line' id='line_1_26' title="bbox 726 992 1360 1030; baseline 0.003 -9"><span class='ocrx_word' id='word_1_165' title='bbox 726 993 763 1021; x_wconf 81' lang='lat' dir='ltr'>De</span> <span class='ocrx_word' id='word_1_166' title='bbox 784 992 943 1021; x_wconf 76' lang='lat' dir='ltr'>ohedientia</span> <span class='ocrx_word' id='word_1_167' title='bbox 963 1001 1078 1021; x_wconf 70' lang='lat' dir='ltr'>summo</span> <span class='ocrx_word' id='word_1_168' title='bbox 1099 993 1238 1030; x_wconf 78' lang='lat' dir='ltr'>Pontifici</span> <span class='ocrx_word' id='word_1_169' title='bbox 1257 994 1360 1023; x_wconf 80' lang='lat' dir='ltr'>debila.</span> 
     </span>
    </p>
   </div>
   <div class='ocr_carea' id='block_1_7' title="bbox 22 1127 1011 2436">
    <p class='ocr_par' dir='ltr' id='par_1_8' title="bbox 167 1127 1011 1306">
     <span class='ocr_line' id='line_1_27' title="bbox 248 1127 1010 1165; baseline -0.001 -9"><span class='ocrx_word' id='word_1_170' title='bbox 248 1128 347 1157; x_wconf 90' lang='lat' dir='ltr'>Ultimo</span> <span class='ocrx_word' id='word_1_171' title='bbox 359 1128 513 1165; x_wconf 83' lang='lat' dir='ltr'>quaeritur,</span> <span class='ocrx_word' id='word_1_172' title='bbox 525 1132 620 1157; x_wconf 90' lang='lat' dir='ltr'>utrum</span> <span class='ocrx_word' id='word_1_173' title='bbox 635 1128 800 1157; x_wconf 79' lang='lat' dir='ltr'>christianae</span> <span class='ocrx_word' id='word_1_174' title='bbox 815 1127 952 1164; x_wconf 71' lang='lat' dir='ltr'>religionis</span> <span class='ocrx_word' id='word_1_175' title='bbox 967 1127 1010 1161; x_wconf 91' lang='lat' dir='ltr'>sit,</span> 
     </span>
     <span class='ocr_line' id='line_1_28' title="bbox 168 1173 1011 1212; baseline 0 -10"><span class='ocrx_word' id='word_1_176' title='bbox 168 1174 240 1211; x_wconf 84' lang='lat' dir='ltr'>quod</span> <span class='ocrx_word' id='word_1_177' title='bbox 262 1183 358 1204; x_wconf 86' lang='lat' dir='ltr'>omnes</span> <span class='ocrx_word' id='word_1_178' title='bbox 379 1175 506 1204; x_wconf 80' lang='lat' dir='ltr'>obediant</span> <span class='ocrx_word' id='word_1_179' title='bbox 527 1175 575 1203; x_wconf 94' lang='lat' dir='ltr'>uni</span> <span class='ocrx_word' id='word_1_180' title='bbox 588 1175 606 1203; x_wconf 86' lang='lat'>².</span> <span class='ocrx_word' id='word_1_181' title='bbox 630 1175 660 1203; x_wconf 87' lang='lat' dir='ltr'>Et</span> <span class='ocrx_word' id='word_1_182' title='bbox 681 1175 754 1212; x_wconf 92' lang='lat' dir='ltr'>quod</span> <span class='ocrx_word' id='word_1_183' title='bbox 775 1175 828 1208; x_wconf 85' lang='lat' dir='ltr'>sic,</span> <span class='ocrx_word' id='word_1_184' title='bbox 851 1173 960 1203; x_wconf 84' lang='lat' dir='ltr'>videtur</span> <span class='ocrx_word' id='word_1_185' title='bbox 984 1176 1011 1202; x_wconf 89' lang='lat' dir='ltr'>et</span> 
     </span>
     <span class='ocr_line' id='line_1_29' title="bbox 169 1221 1010 1258; baseline -0.001 -8"><span class='ocrx_word' id='word_1_186' title='bbox 169 1230 218 1258; x_wconf 88' lang='lat' dir='ltr'>per</span> <span class='ocrx_word' id='word_1_187' title='bbox 242 1225 322 1250; x_wconf 75' lang='lat' dir='ltr'>vetus</span> <span class='ocrx_word' id='word_1_188' title='bbox 347 1225 546 1251; x_wconf 75' lang='lat' dir='ltr'>testamentum</span> <span class='ocrx_word' id='word_1_189' title='bbox 570 1224 597 1250; x_wconf 85' lang='lat' dir='ltr'>et</span> <span class='ocrx_word' id='word_1_190' title='bbox 621 1229 670 1258; x_wconf 85' lang='lat' dir='ltr'>per</span> <span class='ocrx_word' id='word_1_191' title='bbox 697 1230 804 1250; x_wconf 73' lang='lat' dir='ltr'>novum</span> <span class='ocrx_word' id='word_1_192' title='bbox 831 1224 858 1249; x_wconf 87' lang='lat' dir='ltr'>et</span> <span class='ocrx_word' id='word_1_193' title='bbox 885 1228 935 1257; x_wconf 85' lang='lat' dir='ltr'>per</span> <span class='ocrx_word' id='word_1_194' title='bbox 962 1221 1010 1249; x_wconf 73' lang='lat' dir='ltr'>ius</span> 
     </span>
     <span class='ocr_line' id='line_1_30' title="bbox 167 1267 830 1306; baseline -0.003 -9"><span class='ocrx_word' id='word_1_195' title='bbox 167 1269 341 1297; x_wconf 76' lang='lat' dir='ltr'>canonicum</span> <span class='ocrx_word' id='word_1_196' title='bbox 362 1272 389 1298; x_wconf 88' lang='lat' dir='ltr'>et</span> <span class='ocrx_word' id='word_1_197' title='bbox 410 1277 460 1306; x_wconf 88' lang='lat' dir='ltr'>per</span> <span class='ocrx_word' id='word_1_198' title='bbox 480 1268 652 1297; x_wconf 77' lang='lat' dir='ltr'>euidentiam</span> <span class='ocrx_word' id='word_1_199' title='bbox 673 1267 830 1296; x_wconf 77' lang='lat' dir='ltr'>rationum.</span> 
     </span>
    </p>

    <p class='ocr_par' dir='ltr' id='par_1_9' title="bbox 242 1314 1008 1353">
     <span class='ocr_line' id='line_1_31' title="bbox 242 1314 1008 1353; baseline -0.003 -9"><span class='ocrx_word' id='word_1_200' title='bbox 242 1316 335 1344; x_wconf 81' lang='lat' dir='ltr'>Primo</span> <span class='ocrx_word' id='word_1_201' title='bbox 363 1316 446 1353; x_wconf 82' lang='lat' dir='ltr'>igitur</span> <span class='ocrx_word' id='word_1_202' title='bbox 476 1323 526 1352; x_wconf 89' lang='lat' dir='ltr'>per</span> <span class='ocrx_word' id='word_1_203' title='bbox 556 1318 636 1343; x_wconf 74' lang='lat' dir='ltr'>vetus</span> <span class='ocrx_word' id='word_1_204' title='bbox 667 1316 860 1343; x_wconf 84' lang='lat' dir='ltr'>testamentum</span> <span class='ocrx_word' id='word_1_205' title='bbox 889 1314 1008 1343; x_wconf 92' lang='lat' dir='ltr'>ostendi-</span> 
     </span>
    </p>

    <p class='ocr_par' dir='ltr' id='par_1_10' title="bbox 22 1363 1008 2346">
     <span class='ocr_line' id='line_1_32' title="bbox 24 1363 279 1392; baseline 0.008 -4"><span class='ocrx_word' id='word_1_206' title='bbox 24 1369 120 1390; x_wconf 68' lang='lat' dir='ltr'>pervetus</span> <span class='ocrx_word' id='word_1_207' title='bbox 127 1373 153 1390; x_wconf 84' lang='lat' dir='ltr'>te-</span> <span class='ocrx_word' id='word_1_208' title='bbox 167 1366 212 1392; x_wconf 76' lang='lat' dir='ltr'>tur</span> <span class='ocrx_word' id='word_1_209' title='bbox 234 1363 279 1391; x_wconf 72' lang='lat' dir='ltr'>Sis.</span> 
     </span>
     <span class='ocr_line' id='line_1_33' title="bbox 33 1395 1008 1447; baseline -0.001 -9"><span class='ocrx_word' id='word_1_210' title='bbox 33 1395 151 1414; x_wconf 53' lang='lat' dir='ltr'><strong>‘mmmm&#39;</strong></span> <span class='ocrx_word' id='word_1_211' title='bbox 245 1411 268 1438; x_wconf 88' lang='grc'><strong>1.</strong></span> <span class='ocrx_word' id='word_1_212' title='bbox 290 1408 493 1438; x_wconf 83' lang='lat' dir='ltr'>Deuteronomii</span> <span class='ocrx_word' id='word_1_213' title='bbox 521 1407 627 1437; x_wconf 85' lang='lat' dir='ltr'>decimo</span> <span class='ocrx_word' id='word_1_214' title='bbox 654 1407 807 1445; x_wconf 74' lang='lat' dir='ltr'>septimo-‘⁵1</span> <span class='ocrx_word' id='word_1_215' title='bbox 830 1407 864 1436; x_wconf 78' lang='lat' dir='ltr'>Si</span> <span class='ocrx_word' id='word_1_216' title='bbox 892 1407 1008 1447; x_wconf 80' lang='lat' dir='ltr'>difficile</span> 
     </span>
     <span class='ocr_line' id='line_1_34' title="bbox 22 1454 1005 1493; baseline 0.001 -10"><span class='ocrx_word' id='word_1_217' title='bbox 22 1460 187 1485; x_wconf 48' lang='lat' dir='ltr'>mammet</span> <span class='ocrx_word' id='word_1_218' title='bbox 207 1455 378 1493; x_wconf 74' lang='lat' dir='ltr'>ambiyuum</span> <span class='ocrx_word' id='word_1_219' title='bbox 399 1455 481 1492; x_wconf 80' lang='lat' dir='ltr'>apud</span> <span class='ocrx_word' id='word_1_220' title='bbox 508 1458 532 1483; x_wconf 76' lang='lat' dir='ltr'>te</span> <span class='ocrx_word' id='word_1_221' title='bbox 558 1454 703 1483; x_wconf 82' lang='lat' dir='ltr'>iudicium</span> <span class='ocrx_word' id='word_1_222' title='bbox 723 1463 782 1483; x_wconf 74' lang='lat' dir='ltr'>esse</span> <span class='ocrx_word' id='word_1_223' title='bbox 805 1456 1005 1493; x_wconf 76' lang='lat' dir='ltr'>perspexeris,</span> 
     </span>
     <span class='ocr_line' id='line_1_35' title="bbox 163 1501 1007 1540; baseline -0.001 -8"><span class='ocrx_word' id='word_1_224' title='bbox 163 1507 188 1532; x_wconf 84' lang='lat' dir='ltr'>ct</span> <span class='ocrx_word' id='word_1_225' title='bbox 209 1503 340 1532; x_wconf 76' lang='lat' dir='ltr'>indicum</span> <span class='ocrx_word' id='word_1_226' title='bbox 360 1501 448 1531; x_wconf 82' lang='lat' dir='ltr'>verba</span> <span class='ocrx_word' id='word_1_227' title='bbox 461 1501 571 1530; x_wconf 75' lang='lat' dir='ltr'>videris</span> <span class='ocrx_word' id='word_1_228' title='bbox 584 1501 705 1530; x_wconf 82' lang='lat' dir='ltr'>variari</span> <span class='ocrx_word' id='word_1_229' title='bbox 711 1511 721 1535; x_wconf 91' lang='lat'><em>;</em></span> <span class='ocrx_word' id='word_1_230' title='bbox 734 1510 824 1540; x_wconf 75' lang='lat' dir='ltr'>surye</span> <span class='ocrx_word' id='word_1_231' title='bbox 847 1506 873 1531; x_wconf 80' lang='lat' dir='ltr'>et</span> <span class='ocrx_word' id='word_1_232' title='bbox 886 1503 1007 1531; x_wconf 80' lang='lat' dir='ltr'>ascende</span> 
     </span>
     <span class='ocr_line' id='line_1_36' title="bbox 164 1548 1008 1588; baseline 0 -9"><span class='ocrx_word' id='word_1_233' title='bbox 164 1551 203 1580; x_wconf 66' lang='lat' dir='ltr'>(ut</span> <span class='ocrx_word' id='word_1_234' title='bbox 224 1550 333 1584; x_wconf 80' lang='lat' dir='ltr'>locum,</span> <span class='ocrx_word' id='word_1_235' title='bbox 354 1557 437 1588; x_wconf 85' lang='lat' dir='ltr'>quem</span> <span class='ocrx_word' id='word_1_236' title='bbox 468 1548 548 1586; x_wconf 74' lang='lat' dir='ltr'>eleyil</span> <span class='ocrx_word' id='word_1_237' title='bbox 569 1549 713 1578; x_wconf 75' lang='lat' dir='ltr'>Dominus</span> <span class='ocrx_word' id='word_1_238' title='bbox 743 1550 821 1578; x_wconf 81' lang='lat' dir='ltr'>Deus</span> <span class='ocrx_word' id='word_1_239' title='bbox 848 1553 925 1579; x_wconf 71' lang='lat' dir='ltr'>tuus.</span> <span class='ocrx_word' id='word_1_240' title='bbox 950 1550 1008 1586; x_wconf 71' lang='lat' dir='ltr'>Qui</span> 
     </span>
     <span class='ocr_line' id='line_1_37' title="bbox 164 1595 1006 1635; baseline 0 -9"><span class='ocrx_word' id='word_1_241' title='bbox 164 1600 257 1626; x_wconf 82' lang='lat' dir='ltr'>autem</span> <span class='ocrx_word' id='word_1_242' title='bbox 276 1595 448 1634; x_wconf 78' lang='lat' dir='ltr'>superbierit</span> <span class='ocrx_word' id='word_1_243' title='bbox 460 1595 560 1624; x_wconf 69' lang='lat' dir='ltr'>nobens</span> <span class='ocrx_word' id='word_1_244' title='bbox 573 1595 687 1625; x_wconf 78' lang='lat' dir='ltr'>obedire</span> <span class='ocrx_word' id='word_1_245' title='bbox 699 1597 860 1626; x_wconf 73' lang='lat' dir='ltr'>sacerdotis</span> <span class='ocrx_word' id='word_1_246' title='bbox 874 1597 1006 1635; x_wconf 85' lang='lat' dir='ltr'>imperio,</span> 
     </span>
     <span class='ocr_line' id='line_1_38' title="bbox 162 1642 1007 1682; baseline -0.001 -8"><span class='ocrx_word' id='word_1_247' title='bbox 162 1645 302 1674; x_wconf 76' lang='lat' dir='ltr'>morietur</span> <span class='ocrx_word' id='word_1_248' title='bbox 322 1643 404 1673; x_wconf 76' lang='lat' dir='ltr'>homo</span> <span class='ocrx_word' id='word_1_249' title='bbox 425 1642 487 1677; x_wconf 82' lang='lat' dir='ltr'>ille;</span> <span class='ocrx_word' id='word_1_250' title='bbox 508 1643 544 1672; x_wconf 89' lang='lat' dir='ltr'>ibi</span> <span class='ocrx_word' id='word_1_251' title='bbox 566 1643 677 1672; x_wconf 85' lang='lat' dir='ltr'>Glossa:</span> <span class='ocrx_word' id='word_1_252' title='bbox 704 1643 775 1673; x_wconf 85' lang='lat' dir='ltr'>«Hic</span> <span class='ocrx_word' id='word_1_253' title='bbox 788 1644 942 1682; x_wconf 88' lang='lat' dir='ltr'>appellandi</span> <span class='ocrx_word' id='word_1_254' title='bbox 958 1644 1007 1673; x_wconf 94' lang='lat' dir='ltr'>tri-</span> 
     </span>
     <span class='ocr_line' id='line_1_39' title="bbox 163 1690 1006 1729; baseline 0 -8"><span class='ocrx_word' id='word_1_255' title='bbox 163 1692 223 1721; x_wconf 84' lang='lat' dir='ltr'>buit</span> <span class='ocrx_word' id='word_1_256' title='bbox 244 1691 435 1721; x_wconf 75' lang='lat' dir='ltr'>facultatem».</span> <span class='ocrx_word' id='word_1_257' title='bbox 457 1690 498 1719; x_wconf 81' lang='lat' dir='ltr'>Ex</span> <span class='ocrx_word' id='word_1_258' title='bbox 520 1690 572 1719; x_wconf 88' lang='lat' dir='ltr'>hoc</span> <span class='ocrx_word' id='word_1_259' title='bbox 593 1693 674 1720; x_wconf 84' lang='lat' dir='ltr'>textu</span> <span class='ocrx_word' id='word_1_260' title='bbox 695 1694 722 1720; x_wconf 87' lang='lat' dir='ltr'>et</span> <span class='ocrx_word' id='word_1_261' title='bbox 742 1691 838 1721; x_wconf 90' lang='lat' dir='ltr'>Glossa</span> <span class='ocrx_word' id='word_1_262' title='bbox 857 1692 1006 1729; x_wconf 78' lang='lat' dir='ltr'>colligitur,</span> 
     </span>
     <span class='ocr_line' id='line_1_40' title="bbox 163 1731 1007 1777; baseline -0.001 -9"><span class='ocrx_word' id='word_1_263' title='bbox 163 1739 236 1777; x_wconf 90' lang='lat' dir='ltr'>quod</span> <span class='ocrx_word' id='word_1_264' title='bbox 256 1739 283 1768; x_wconf 89' lang='lat' dir='ltr'>in</span> <span class='ocrx_word' id='word_1_265' title='bbox 305 1738 389 1767; x_wconf 85' lang='lat' dir='ltr'>veteri</span> <span class='ocrx_word' id='word_1_266' title='bbox 412 1731 470 1775; x_wconf 78' lang='lat' dir='ltr'>leg&#39;e</span> <span class='ocrx_word' id='word_1_267' title='bbox 492 1745 565 1766; x_wconf 88' lang='lat' dir='ltr'>unus</span> <span class='ocrx_word' id='word_1_268' title='bbox 586 1740 646 1766; x_wconf 88' lang='lat' dir='ltr'>erat</span> <span class='ocrx_word' id='word_1_269' title='bbox 667 1745 796 1767; x_wconf 88' lang='lat' dir='ltr'>summus</span> <span class='ocrx_word' id='word_1_270' title='bbox 816 1738 958 1773; x_wconf 80' lang='lat' dir='ltr'>Pontifex,</span> <span class='ocrx_word' id='word_1_271' title='bbox 973 1739 1007 1768; x_wconf 89' lang='lat' dir='ltr'>ad</span> 
     </span>
     <span class='ocr_line' id='line_1_41' title="bbox 164 1784 1006 1824; baseline -0.001 -9"><span class='ocrx_word' id='word_1_272' title='bbox 164 1794 245 1824; x_wconf 89' lang='lat' dir='ltr'>quem</span> <span class='ocrx_word' id='word_1_273' title='bbox 261 1784 459 1815; x_wconf 87' lang='lat' dir='ltr'>recurrendum</span> <span class='ocrx_word' id='word_1_274' title='bbox 474 1788 534 1814; x_wconf 90' lang='lat' dir='ltr'>erat</span> <span class='ocrx_word' id='word_1_275' title='bbox 548 1784 575 1813; x_wconf 89' lang='lat' dir='ltr'>in</span> <span class='ocrx_word' id='word_1_276' title='bbox 590 1784 707 1819; x_wconf 87' lang='lat' dir='ltr'>iudiciis,</span> <span class='ocrx_word' id='word_1_277' title='bbox 722 1787 750 1814; x_wconf 89' lang='lat' dir='ltr'>et</span> <span class='ocrx_word' id='word_1_278' title='bbox 763 1785 808 1814; x_wconf 86' lang='lat' dir='ltr'>cui</span> <span class='ocrx_word' id='word_1_279' title='bbox 822 1785 1006 1815; x_wconf 90' lang='lat' dir='ltr'>obediendum</span> 
     </span>
     <span class='ocr_line' id='line_1_42' title="bbox 163 1832 1005 1870; baseline 0 -8"><span class='ocrx_word' id='word_1_280' title='bbox 163 1837 222 1862; x_wconf 85' lang='lat' dir='ltr'>erat</span> <span class='ocrx_word' id='word_1_281' title='bbox 242 1833 276 1862; x_wconf 87' lang='lat' dir='ltr'>ab</span> <span class='ocrx_word' id='word_1_282' title='bbox 297 1832 440 1861; x_wconf 67' lang='lat' dir='ltr'>universis.</span> <span class='ocrx_word' id='word_1_283' title='bbox 462 1832 487 1860; x_wconf 76' lang='lat' dir='ltr'>Si</span> <span class='ocrx_word' id='word_1_284' title='bbox 510 1832 562 1861; x_wconf 85' lang='lat' dir='ltr'>hoc</span> <span class='ocrx_word' id='word_1_285' title='bbox 583 1840 650 1869; x_wconf 84' lang='lat' dir='ltr'>ergo</span> <span class='ocrx_word' id='word_1_286' title='bbox 670 1835 730 1861; x_wconf 87' lang='lat' dir='ltr'>erat</span> <span class='ocrx_word' id='word_1_287' title='bbox 750 1832 778 1861; x_wconf 92' lang='lat' dir='ltr'>in</span> <span class='ocrx_word' id='word_1_288' title='bbox 800 1832 859 1870; x_wconf 81' lang='lat' dir='ltr'>lege</span> <span class='ocrx_word' id='word_1_289' title='bbox 883 1833 1005 1870; x_wconf 82' lang='lat' dir='ltr'>figurae,</span> 
     </span>
     <span class='ocr_line' id='line_1_43' title="bbox 163 1878 1006 1917; baseline 0 -8"><span class='ocrx_word' id='word_1_290' title='bbox 163 1881 251 1917; x_wconf 85' lang='lat' dir='ltr'>multo</span> <span class='ocrx_word' id='word_1_291' title='bbox 271 1880 368 1909; x_wconf 90' lang='lat' dir='ltr'>fortius</span> <span class='ocrx_word' id='word_1_292' title='bbox 390 1879 497 1908; x_wconf 84' lang='lat' dir='ltr'>videtur</span> <span class='ocrx_word' id='word_1_293' title='bbox 518 1879 591 1916; x_wconf 87' lang='lat' dir='ltr'>quod</span> <span class='ocrx_word' id='word_1_294' title='bbox 619 1887 680 1908; x_wconf 86' lang='lat' dir='ltr'>esse</span> <span class='ocrx_word' id='word_1_295' title='bbox 706 1878 787 1909; x_wconf 89' lang='lat' dir='ltr'>debet</span> <span class='ocrx_word' id='word_1_296' title='bbox 814 1879 842 1908; x_wconf 92' lang='lat' dir='ltr'>in</span> <span class='ocrx_word' id='word_1_297' title='bbox 864 1880 923 1917; x_wconf 80' lang='lat' dir='ltr'>lege</span> <span class='ocrx_word' id='word_1_298' title='bbox 943 1888 1006 1917; x_wconf 81' lang='lat' dir='ltr'>gra-</span> 
     </span>
     <span class='ocr_line' id='line_1_44' title="bbox 74 1925 1006 1980; baseline -0.001 -23"><span class='ocrx_word' id='word_1_299' title='bbox 74 1936 151 1980; x_wconf 56' lang='lat'>*⁵2¹³</span> <span class='ocrx_word' id='word_1_300' title='bbox 163 1926 223 1956; x_wconf 85' lang='lat' dir='ltr'>tiae.</span> <span class='ocrx_word' id='word_1_301' title='bbox 246 1928 277 1956; x_wconf 88' lang='lat' dir='ltr'>Et</span> <span class='ocrx_word' id='word_1_302' title='bbox 297 1927 348 1956; x_wconf 89' lang='lat' dir='ltr'>hoc</span> <span class='ocrx_word' id='word_1_303' title='bbox 369 1925 468 1963; x_wconf 88' lang='lat' dir='ltr'>triplici</span> <span class='ocrx_word' id='word_1_304' title='bbox 490 1926 613 1955; x_wconf 86' lang='lat' dir='ltr'>ratione:</span> <span class='ocrx_word' id='word_1_305' title='bbox 635 1926 738 1963; x_wconf 87' lang='lat' dir='ltr'>primo,</span> <span class='ocrx_word' id='word_1_306' title='bbox 760 1926 826 1963; x_wconf 91' lang='lat' dir='ltr'>quia</span> <span class='ocrx_word' id='word_1_307' title='bbox 857 1927 944 1955; x_wconf 87' lang='lat' dir='ltr'>maior</span> <span class='ocrx_word' id='word_1_308' title='bbox 964 1930 1006 1956; x_wconf 90' lang='lat' dir='ltr'>est</span> 
     </span>
     <span class='ocr_line' id='line_1_45' title="bbox 86 1966 1005 2011; baseline -0.001 -7"><span class='ocrx_word' id='word_1_309' title='bbox 86 1966 107 1980; x_wconf 73' lang='lat'>&#39;²</span> <span class='ocrx_word' id='word_1_310' title='bbox 124 1966 142 1980; x_wconf 75' lang='lat'>⁰⁴</span> <span class='ocrx_word' id='word_1_311' title='bbox 162 1975 253 2004; x_wconf 81' lang='lat' dir='ltr'>unitas</span> <span class='ocrx_word' id='word_1_312' title='bbox 274 1982 345 2003; x_wconf 88' lang='lat' dir='ltr'>nunc</span> <span class='ocrx_word' id='word_1_313' title='bbox 375 1981 458 2011; x_wconf 90' lang='lat' dir='ltr'>quam</span> <span class='ocrx_word' id='word_1_314' title='bbox 480 1976 561 2001; x_wconf 84' lang='lat' dir='ltr'>tunc:</span> <span class='ocrx_word' id='word_1_315' title='bbox 583 1981 649 2010; x_wconf 82' lang='lat' dir='ltr'>ergo</span> <span class='ocrx_word' id='word_1_316' title='bbox 680 1973 769 2002; x_wconf 88' lang='lat' dir='ltr'>multo</span> <span class='ocrx_word' id='word_1_317' title='bbox 798 1973 898 2003; x_wconf 88' lang='lat' dir='ltr'>fortius</span> <span class='ocrx_word' id='word_1_318' title='bbox 924 1974 1005 2003; x_wconf 88' lang='lat' dir='ltr'>debet</span> 
     </span>
     <span class='ocr_line' id='line_1_46' title="bbox 162 2020 1005 2058; baseline -0.001 -7"><span class='ocrx_word' id='word_1_319' title='bbox 162 2030 222 2051; x_wconf 85' lang='lat' dir='ltr'>esse</span> <span class='ocrx_word' id='word_1_320' title='bbox 236 2021 358 2050; x_wconf 80' lang='lat' dir='ltr'>Pontifex</span> <span class='ocrx_word' id='word_1_321' title='bbox 372 2028 453 2049; x_wconf 88' lang='lat' dir='ltr'>unus.</span> <span class='ocrx_word' id='word_1_322' title='bbox 466 2036 503 2041; x_wconf 90' lang='lat'>—-</span> <span class='ocrx_word' id='word_1_323' title='bbox 515 2020 580 2049; x_wconf 88' lang='lat' dir='ltr'>Item</span> <span class='ocrx_word' id='word_1_324' title='bbox 590 2043 597 2054; x_wconf 90' lang='lat'><em>,</em></span> <span class='ocrx_word' id='word_1_325' title='bbox 612 2020 787 2057; x_wconf 80' lang='lat' dir='ltr'>pontificatus</span> <span class='ocrx_word' id='word_1_326' title='bbox 801 2023 843 2049; x_wconf 88' lang='lat' dir='ltr'>est</span> <span class='ocrx_word' id='word_1_327' title='bbox 855 2021 964 2058; x_wconf 83' lang='lat' dir='ltr'>dignior</span> <span class='ocrx_word' id='word_1_328' title='bbox 977 2025 1005 2050; x_wconf 87' lang='lat' dir='ltr'>et</span> 
     </span>
     <span class='ocr_line' id='line_1_47' title="bbox 162 2068 1003 2106; baseline 0 -7"><span class='ocrx_word' id='word_1_329' title='bbox 162 2070 257 2099; x_wconf 86' lang='lat' dir='ltr'>altior:</span> <span class='ocrx_word' id='word_1_330' title='bbox 280 2077 344 2106; x_wconf 76' lang='lat' dir='ltr'>ergo</span> <span class='ocrx_word' id='word_1_331' title='bbox 364 2069 452 2097; x_wconf 90' lang='lat' dir='ltr'>multo</span> <span class='ocrx_word' id='word_1_332' title='bbox 473 2068 572 2097; x_wconf 88' lang='lat' dir='ltr'>fortius</span> <span class='ocrx_word' id='word_1_333' title='bbox 592 2076 667 2097; x_wconf 89' lang='lat' dir='ltr'>nunc</span> <span class='ocrx_word' id='word_1_334' title='bbox 686 2068 787 2097; x_wconf 85' lang='lat' dir='ltr'>debent</span> <span class='ocrx_word' id='word_1_335' title='bbox 808 2068 856 2097; x_wconf 92' lang='lat' dir='ltr'>uni</span> <span class='ocrx_word' id='word_1_336' title='bbox 882 2069 1003 2099; x_wconf 84' lang='lat' dir='ltr'>Pontifici</span> 
     </span>
     <span class='ocr_line' id='line_1_48' title="bbox 163 2107 1004 2154; baseline -0.001 -7"><span class='ocrx_word' id='word_1_337' title='bbox 163 2117 259 2147; x_wconf 85' lang='lat' dir='ltr'>subiici</span> <span class='ocrx_word' id='word_1_338' title='bbox 280 2107 362 2154; x_wconf 84' lang='lat' dir='ltr'>quam</span> <span class='ocrx_word' id='word_1_339' title='bbox 383 2118 506 2153; x_wconf 86' lang='lat' dir='ltr'>tempore</span> <span class='ocrx_word' id='word_1_340' title='bbox 527 2115 594 2152; x_wconf 84' lang='lat' dir='ltr'>legis</span> <span class='ocrx_word' id='word_1_341' title='bbox 615 2115 706 2152; x_wconf 87' lang='lat' dir='ltr'>Moysi.</span> <span class='ocrx_word' id='word_1_342' title='bbox 719 2116 924 2151; x_wconf 84' lang='lat' dir='ltr'>—Postrem0‚</span> <span class='ocrx_word' id='word_1_343' title='bbox 938 2117 1004 2154; x_wconf 82' lang='lat' dir='ltr'>quia</span> 
     </span>
     <span class='ocr_line' id='line_1_49' title="bbox 163 2162 1004 2203; baseline -0.001 -9"><span class='ocrx_word' id='word_1_344' title='bbox 163 2165 208 2194; x_wconf 86' lang='lat' dir='ltr'>hic</span> <span class='ocrx_word' id='word_1_345' title='bbox 228 2164 306 2193; x_wconf 86' lang='lat' dir='ltr'>debet</span> <span class='ocrx_word' id='word_1_346' title='bbox 326 2171 385 2193; x_wconf 82' lang='lat' dir='ltr'>esse</span> <span class='ocrx_word' id='word_1_347' title='bbox 405 2162 561 2200; x_wconf 85' lang='lat' dir='ltr'>obedientia</span> <span class='ocrx_word' id='word_1_348' title='bbox 580 2162 668 2191; x_wconf 82' lang='lat' dir='ltr'>maior</span> <span class='ocrx_word' id='word_1_349' title='bbox 698 2165 736 2203; x_wconf 16' lang='lat' dir='ltr'>et*</span> <span class='ocrx_word' id='word_1_350' title='bbox 752 2163 910 2193; x_wconf 82' lang='lat' dir='ltr'>hierarchia</span> <span class='ocrx_word' id='word_1_351' title='bbox 930 2163 1004 2193; x_wconf 88' lang='lat' dir='ltr'>ordi-</span> 
     </span>
     <span class='ocr_line' id='line_1_50' title="bbox 162 2210 1002 2248; baseline -0.001 -7"><span class='ocrx_word' id='word_1_352' title='bbox 162 2212 259 2242; x_wconf 87' lang='lat' dir='ltr'>natior.</span> <span class='ocrx_word' id='word_1_353' title='bbox 281 2211 320 2240; x_wconf 83' lang='lat' dir='ltr'>Ex</span> <span class='ocrx_word' id='word_1_354' title='bbox 352 2211 454 2248; x_wconf 87' lang='lat' dir='ltr'>quibus</span> <span class='ocrx_word' id='word_1_355' title='bbox 484 2210 616 2239; x_wconf 87' lang='lat' dir='ltr'>omnibus·</span> <span class='ocrx_word' id='word_1_356' title='bbox 643 2210 794 2248; x_wconf 83' lang='lat' dir='ltr'>colligitur,</span> <span class='ocrx_word' id='word_1_357' title='bbox 815 2211 889 2248; x_wconf 87' lang='lat' dir='ltr'>quod</span> <span class='ocrx_word' id='word_1_358' title='bbox 910 2211 932 2240; x_wconf 88' lang='lat' dir='ltr'>si</span> <span class='ocrx_word' id='word_1_359' title='bbox 955 2211 1002 2240; x_wconf 92' lang='lat' dir='ltr'>uni</span> 
     </span>
     <span class='ocr_line' id='line_1_51' title="bbox 163 2257 1003 2296; baseline -0.001 -7"><span class='ocrx_word' id='word_1_360' title='bbox 163 2268 272 2289; x_wconf 89' lang='lat' dir='ltr'>summo</span> <span class='ocrx_word' id='word_1_361' title='bbox 293 2258 413 2288; x_wconf 88' lang='lat' dir='ltr'>Pontifici</span> <span class='ocrx_word' id='word_1_362' title='bbox 435 2257 680 2295; x_wconf 85' lang='lat' dir='ltr'>obtemperandum</span> <span class='ocrx_word' id='word_1_363' title='bbox 708 2260 768 2287; x_wconf 89' lang='lat' dir='ltr'>erat</span> <span class='ocrx_word' id='word_1_364' title='bbox 792 2261 916 2296; x_wconf 85' lang='lat' dir='ltr'>tempore</span> <span class='ocrx_word' id='word_1_365' title='bbox 936 2259 1003 2296; x_wconf 86' lang='lat' dir='ltr'>legis</span> 
     </span>
     <span class='ocr_line' id='line_1_52' title="bbox 165 2305 850 2346; baseline -0.001 -10"><span class='ocrx_word' id='word_1_366' title='bbox 165 2307 263 2344; x_wconf 84' lang='lat' dir='ltr'>Moysi,</span> <span class='ocrx_word' id='word_1_367' title='bbox 280 2307 370 2344; x_wconf 78' lang='lat' dir='ltr'>multo</span> <span class='ocrx_word' id='word_1_368' title='bbox 391 2305 490 2335; x_wconf 89' lang='lat' dir='ltr'>fortius</span> <span class='ocrx_word' id='word_1_369' title='bbox 510 2308 634 2342; x_wconf 87' lang='lat' dir='ltr'>tempore</span> <span class='ocrx_word' id='word_1_370' title='bbox 654 2305 721 2346; x_wconf 81' lang='lat' dir='ltr'>Iegis</span> <span class='ocrx_word' id='word_1_371' title='bbox 740 2305 850 2335; x_wconf 85' lang='lat' dir='ltr'>Christi.</span> 
     </span>
    </p>

    <p class='ocr_par' dir='ltr' id='par_1_11' title="bbox 239 2352 1003 2391">
     <span class='ocr_line' id='line_1_53' title="bbox 239 2352 1003 2391; baseline 0 -8"><span class='ocrx_word' id='word_1_372' title='bbox 239 2355 265 2383; x_wconf 72' lang='lat'>2.</span> <span class='ocrx_word' id='word_1_373' title='bbox 287 2353 368 2388; x_wconf 90' lang='lat' dir='ltr'>Item,</span> <span class='ocrx_word' id='word_1_374' title='bbox 390 2352 550 2382; x_wconf 73' lang='lat' dir='ltr'>Psalmus⁴x</span> <span class='ocrx_word' id='word_1_375' title='bbox 574 2352 728 2381; x_wconf 77' lang='lat' dir='ltr'>Constituit</span> <span class='ocrx_word' id='word_1_376' title='bbox 744 2352 894 2391; x_wconf 78' lang='lat' dir='ltr'>principes</span> <span class='ocrx_word' id='word_1_377' title='bbox 913 2362 1003 2391; x_wconf 78' lang='lat' dir='ltr'>super</span> 
     </span>
    </p>

    <p class='ocr_par' dir='ltr' id='par_1_12' title="bbox 162 2399 1002 2436">
     <span class='ocr_line' id='line_1_54' title="bbox 162 2399 1002 2436; baseline 0 -6"><span class='ocrx_word' id='word_1_378' title='bbox 162 2409 272 2430; x_wconf 79' lang='lat' dir='ltr'>omnem</span> <span class='ocrx_word' id='word_1_379' title='bbox 293 2404 421 2433; x_wconf 64' lang='lat' dir='ltr'>ter-raim</span> <span class='ocrx_word' id='word_1_380' title='bbox 442 2402 570 2428; x_wconf 81' lang='lat' dir='ltr'>constans</span> <span class='ocrx_word' id='word_1_381' title='bbox 590 2401 647 2433; x_wconf 86' lang='lat' dir='ltr'>est,</span> <span class='ocrx_word' id='word_1_382' title='bbox 669 2399 743 2436; x_wconf 82' lang='lat' dir='ltr'>quod</span> <span class='ocrx_word' id='word_1_383' title='bbox 764 2399 816 2429; x_wconf 89' lang='lat' dir='ltr'>hoc</span> <span class='ocrx_word' id='word_1_384' title='bbox 835 2400 940 2429; x_wconf 89' lang='lat' dir='ltr'>dictum</span> <span class='ocrx_word' id='word_1_385' title='bbox 960 2403 1002 2430; x_wconf 88' lang='lat' dir='ltr'>est</span> 
     </span>
    </p>
   </div>
   <div class='ocr_carea' id='block_1_8' title="bbox 156 2568 1000 3026">
    <p class='ocr_par' dir='ltr' id='par_1_13' title="bbox 156 2568 1000 2992">
     <span class='ocr_line' id='line_1_55' title="bbox 223 2568 1000 2600; baseline 0.004 -8"><span class='ocrx_word' id='word_1_386' title='bbox 223 2568 231 2582; x_wconf 88' lang='lat'><strong>¹</strong></span> <span class='ocrx_word' id='word_1_387' title='bbox 249 2570 339 2598; x_wconf 86' lang='lat' dir='ltr'>lsidor.‚</span> <span class='ocrx_word' id='word_1_388' title='bbox 356 2570 379 2592; x_wconf 89' lang='grc'>11.</span> <span class='ocrx_word' id='word_1_389' title='bbox 399 2569 428 2591; x_wconf 84' lang='lat' dir='ltr'>de</span> <span class='ocrx_word' id='word_1_390' title='bbox 449 2569 535 2591; x_wconf 86' lang='lat' dir='ltr'>Eccles.</span> <span class='ocrx_word' id='word_1_391' title='bbox 550 2568 650 2597; x_wconf 76' lang='lat' dir='ltr'>officiis,</span> <span class='ocrx_word' id='word_1_392' title='bbox 666 2575 687 2592; x_wconf 92' lang='lat' dir='ltr'>c.</span> <span class='ocrx_word' id='word_1_393' title='bbox 704 2570 741 2593; x_wconf 84' lang='grc'><strong>16.</strong></span> <span class='ocrx_word' id='word_1_394' title='bbox 757 2570 805 2599; x_wconf 79' lang='lat' dir='ltr'>agit</span> <span class='ocrx_word' id='word_1_395' title='bbox 825 2571 854 2594; x_wconf 88' lang='lat' dir='ltr'>de</span> <span class='ocrx_word' id='word_1_396' title='bbox 876 2571 1000 2600; x_wconf 82' lang='lat' dir='ltr'>generibus</span> 
     </span>
     <span class='ocr_line' id='line_1_56' title="bbox 160 2608 1000 2638; baseline 0.004 -6"><span class='ocrx_word' id='word_1_397' title='bbox 160 2610 334 2632; x_wconf 68' lang='lat' dir='ltr'>monachorum.</span> <span class='ocrx_word' id='word_1_398' title='bbox 351 2608 399 2631; x_wconf 88' lang='lat' dir='ltr'>Sub</span> <span class='ocrx_word' id='word_1_399' title='bbox 417 2615 441 2631; x_wconf 91' lang='lat' dir='ltr'>n.</span> <span class='ocrx_word' id='word_1_400' title='bbox 458 2608 479 2631; x_wconf 73' lang='lat'>4.</span> <span class='ocrx_word' id='word_1_401' title='bbox 496 2608 588 2631; x_wconf 80' lang='lat' dir='ltr'>tertium</span> <span class='ocrx_word' id='word_1_402' title='bbox 606 2614 681 2636; x_wconf 76' lang='lat' dir='ltr'>genus</span> <span class='ocrx_word' id='word_1_403' title='bbox 700 2615 791 2638; x_wconf 84' lang='lat' dir='ltr'>eorum,</span> <span class='ocrx_word' id='word_1_404' title='bbox 810 2610 859 2634; x_wconf 84' lang='lat' dir='ltr'>scil.</span> <span class='ocrx_word' id='word_1_405' title='bbox 877 2612 1000 2634; x_wconf 84' lang='lat' dir='ltr'>anachore-</span> 
     </span>
     <span class='ocr_line' id='line_1_57' title="bbox 160 2647 1000 2679; baseline 0.004 -8"><span class='ocrx_word' id='word_1_406' title='bbox 160 2650 246 2676; x_wconf 82' lang='lat' dir='ltr'>tarum,</span> <span class='ocrx_word' id='word_1_407' title='bbox 263 2647 370 2671; x_wconf 83' lang='lat' dir='ltr'>describit</span> <span class='ocrx_word' id='word_1_408' title='bbox 386 2650 408 2670; x_wconf 86' lang='lat' dir='ltr'>et</span> <span class='ocrx_word' id='word_1_409' title='bbox 424 2648 485 2670; x_wconf 84' lang='lat' dir='ltr'>iuxta</span> <span class='ocrx_word' id='word_1_410' title='bbox 501 2647 656 2676; x_wconf 82' lang='lat' dir='ltr'>antiquiorem</span> <span class='ocrx_word' id='word_1_411' title='bbox 677 2648 715 2671; x_wconf 86' lang='lat' dir='ltr'>ed.</span> <span class='ocrx_word' id='word_1_412' title='bbox 736 2648 776 2679; x_wconf 91' lang='lat' dir='ltr'>[in</span> <span class='ocrx_word' id='word_1_413' title='bbox 792 2649 830 2673; x_wconf 87' lang='lat' dir='ltr'>ed.</span> <span class='ocrx_word' id='word_1_414' title='bbox 851 2650 927 2679; x_wconf 81' lang='lat' dir='ltr'>Migne</span> <span class='ocrx_word' id='word_1_415' title='bbox 942 2652 1000 2674; x_wconf 77' lang='lat' dir='ltr'>haec</span> 
     </span>
     <span class='ocr_line' id='line_1_58' title="bbox 160 2685 999 2717; baseline 0.005 -8"><span class='ocrx_word' id='word_1_416' title='bbox 160 2686 285 2715; x_wconf 82' lang='lat' dir='ltr'>propositio</span> <span class='ocrx_word' id='word_1_417' title='bbox 302 2685 424 2717; x_wconf 83' lang='lat' dir='ltr'>omittitur]</span> <span class='ocrx_word' id='word_1_418' title='bbox 440 2686 516 2709; x_wconf 86' lang='lat' dir='ltr'>addit:</span> <span class='ocrx_word' id='word_1_419' title='bbox 529 2686 574 2709; x_wconf 83' lang='lat' dir='ltr'>Sed</span> <span class='ocrx_word' id='word_1_420' title='bbox 591 2686 639 2714; x_wconf 85' lang='lat' dir='ltr'>isti,</span> <span class='ocrx_word' id='word_1_421' title='bbox 650 2687 818 2711; x_wconf 73' lang='lat' dir='ltr'>examinatione</span> <span class='ocrx_word' id='word_1_422' title='bbox 833 2688 999 2713; x_wconf 86' lang='lat' dir='ltr'>coenobiorum</span> 
     </span>
     <span class='ocr_line' id='line_1_59' title="bbox 159 2725 999 2760; baseline 0.005 -11"><span class='ocrx_word' id='word_1_423' title='bbox 159 2726 249 2755; x_wconf 82' lang='lat' dir='ltr'>probati</span> <span class='ocrx_word' id='word_1_424' title='bbox 271 2727 293 2750; x_wconf 90' lang='lat' dir='ltr'>in</span> <span class='ocrx_word' id='word_1_425' title='bbox 314 2725 422 2749; x_wconf 87' lang='lat' dir='ltr'>omnibus</span> <span class='ocrx_word' id='word_1_426' title='bbox 444 2725 725 2755; x_wconf 81' lang='lat' dir='ltr'>disciplinis&#39;monasterii</span> <span class='ocrx_word' id='word_1_427' title='bbox 745 2733 788 2757; x_wconf 85' lang='lat' dir='ltr'>per</span> <span class='ocrx_word' id='word_1_428' title='bbox 809 2728 900 2758; x_wconf 75' lang='lat' dir='ltr'>triginta</span> <span class='ocrx_word' id='word_1_429' title='bbox 921 2728 999 2760; x_wconf 82' lang='lat' dir='ltr'>[iuxta</span> 
     </span>
     <span class='ocr_line' id='line_1_60' title="bbox 159 2765 999 2798; baseline 0.006 -10"><span class='ocrx_word' id='word_1_430' title='bbox 159 2765 215 2789; x_wconf 83' lang='lat' dir='ltr'>alios</span> <span class='ocrx_word' id='word_1_431' title='bbox 230 2765 324 2796; x_wconf 63' lang='lat' dir='ltr'>viginti]</span> <span class='ocrx_word' id='word_1_432' title='bbox 341 2771 426 2794; x_wconf 80' lang='lat' dir='ltr'>annos,</span> <span class='ocrx_word' id='word_1_433' title='bbox 442 2765 472 2788; x_wconf 85' lang='lat' dir='ltr'>ad</span> <span class='ocrx_word' id='word_1_434' title='bbox 483 2767 543 2789; x_wconf 78' lang='lat' dir='ltr'>hanc</span> <span class='ocrx_word' id='word_1_435' title='bbox 559 2766 777 2794; x_wconf 76' lang='lat' dir='ltr'>contemplationem</span> <span class='ocrx_word' id='word_1_436' title='bbox 784 2773 830 2798; x_wconf 82' lang='lat' dir='ltr'>per</span> <span class='ocrx_word' id='word_1_437' title='bbox 846 2767 999 2793; x_wconf 64' lang='lat' dir='ltr'>obodaemiam</span> 
     </span>
     <span class='ocr_line' id='line_1_61' title="bbox 158 2800 998 2838; baseline 0.005 -10"><span class='ocrx_word' id='word_1_438' title='bbox 158 2804 286 2835; x_wconf 73' lang='lat' dir='ltr'>eliquntur.</span> <span class='ocrx_word' id='word_1_439' title='bbox 302 2805 348 2829; x_wconf 71' lang='lat' dir='ltr'>Cir.</span> <span class='ocrx_word' id='word_1_440' title='bbox 365 2806 388 2828; x_wconf 83' lang='lat' dir='ltr'>S.</span> <span class='ocrx_word' id='word_1_441' title='bbox 403 2805 520 2828; x_wconf 77' lang='lat' dir='ltr'>Benedicti</span> <span class='ocrx_word' id='word_1_442' title='bbox 537 2800 617 2834; x_wconf 76' lang='lat' dir='ltr'>regula</span> <span class='ocrx_word' id='word_1_443' title='bbox 634 2809 802 2835; x_wconf 74' lang='lat' dir='ltr'>commentata,</span> <span class='ocrx_word' id='word_1_444' title='bbox 823 2813 844 2831; x_wconf 89' lang='lat' dir='ltr'>c.</span> <span class='ocrx_word' id='word_1_445' title='bbox 861 2808 882 2831; x_wconf 90' lang='grc'><strong>1.</strong></span> <span class='ocrx_word' id='word_1_446' title='bbox 898 2807 998 2838; x_wconf 76' lang='lat' dir='ltr'>[Migne‚</span> 
     </span>
     <span class='ocr_line' id='line_1_62' title="bbox 158 2843 999 2875; baseline 0.005 -8"><span class='ocrx_word' id='word_1_447' title='bbox 158 2844 241 2868; x_wconf 78' lang='lat' dir='ltr'>Patrol.</span> <span class='ocrx_word' id='word_1_448' title='bbox 256 2845 293 2868; x_wconf 86' lang='lat' dir='ltr'>lat.</span> <span class='ocrx_word' id='word_1_449' title='bbox 309 2847 364 2868; x_wconf 89' lang='lat' dir='ltr'>tom.</span> <span class='ocrx_word' id='word_1_450' title='bbox 381 2845 419 2867; x_wconf 79' lang='lat'>66.</span> <span class='ocrx_word' id='word_1_451' title='bbox 435 2844 480 2868; x_wconf 88' lang='lat' dir='ltr'>col.</span> <span class='ocrx_word' id='word_1_452' title='bbox 496 2844 550 2867; x_wconf 80' lang='lat'>250.</span> <span class='ocrx_word' id='word_1_453' title='bbox 566 2843 640 2875; x_wconf 82' lang='lat' dir='ltr'>seq.],</span> <span class='ocrx_word' id='word_1_454' title='bbox 656 2844 695 2868; x_wconf 93' lang='lat' dir='ltr'>ubi</span> <span class='ocrx_word' id='word_1_455' title='bbox 713 2845 771 2868; x_wconf 90' lang='lat' dir='ltr'>inter</span> <span class='ocrx_word' id='word_1_456' title='bbox 787 2846 831 2869; x_wconf 84' lang='lat' dir='ltr'>elia</span> <span class='ocrx_word' id='word_1_457' title='bbox 851 2847 919 2871; x_wconf 74' lang='lat' dir='ltr'>etiam</span> <span class='ocrx_word' id='word_1_458' title='bbox 942 2849 999 2871; x_wconf 84' lang='lat' dir='ltr'>baec</span> 
     </span>
     <span class='ocr_line' id='line_1_63' title="bbox 158 2881 999 2917; baseline 0.005 -10"><span class='ocrx_word' id='word_1_459' title='bbox 158 2883 236 2907; x_wconf 88' lang='lat' dir='ltr'>Isidori</span> <span class='ocrx_word' id='word_1_460' title='bbox 256 2881 326 2907; x_wconf 76' lang='lat' dir='ltr'>verba</span> <span class='ocrx_word' id='word_1_461' title='bbox 343 2887 365 2907; x_wconf 89' lang='lat' dir='ltr'>et</span> <span class='ocrx_word' id='word_1_462' title='bbox 381 2890 454 2907; x_wconf 82' lang='lat' dir='ltr'>canon</span> <span class='ocrx_word' id='word_1_463' title='bbox 472 2884 509 2907; x_wconf 92' lang='lat' dir='ltr'>VI.</span> <span class='ocrx_word' id='word_1_464' title='bbox 526 2883 613 2912; x_wconf 88' lang='lat' dir='ltr'>Synodi</span> <span class='ocrx_word' id='word_1_465' title='bbox 634 2884 753 2913; x_wconf 80' lang='lat' dir='ltr'>allegetur.</span> <span class='ocrx_word' id='word_1_466' title='bbox 768 2896 800 2903; x_wconf 91' lang='grc'>-</span> <span class='ocrx_word' id='word_1_467' title='bbox 816 2886 928 2915; x_wconf 73' lang='lat' dir='ltr'>Superius</span> <span class='ocrx_word' id='word_1_468' title='bbox 946 2890 999 2917; x_wconf 82' lang='lat' dir='ltr'>post</span> 
     </span>
     <span class='ocr_line' id='line_1_64' title="bbox 156 2923 995 2956; baseline 0.005 -9"><span class='ocrx_word' id='word_1_469' title='bbox 156 2929 199 2953; x_wconf 75' lang='lat' dir='ltr'>per</span> <span class='ocrx_word' id='word_1_470' title='bbox 218 2923 370 2948; x_wconf 76' lang='lat' dir='ltr'>obedientiam</span> <span class='ocrx_word' id='word_1_471' title='bbox 393 2930 420 2946; x_wconf 83' lang='lat' dir='ltr'>ex</span> <span class='ocrx_word' id='word_1_472' title='bbox 442 2924 480 2946; x_wconf 87' lang='lat' dir='ltr'>cit.</span> <span class='ocrx_word' id='word_1_473' title='bbox 496 2924 547 2946; x_wconf 86' lang='lat' dir='ltr'>loco</span> <span class='ocrx_word' id='word_1_474' title='bbox 563 2923 643 2946; x_wconf 79' lang='lat' dir='ltr'>Isidori</span> <span class='ocrx_word' id='word_1_475' title='bbox 664 2924 826 2953; x_wconf 81' lang='lat' dir='ltr'>supplevimus</span> <span class='ocrx_word' id='word_1_476' title='bbox 840 2925 995 2956; x_wconf 71' lang='lat' dir='ltr'>etiqebantur,</span> 
     </span>
     <span class='ocr_line' id='line_1_65' title="bbox 156 2961 841 2992; baseline 0.004 -7"><span class='ocrx_word' id='word_1_477' title='bbox 156 2968 211 2985; x_wconf 89' lang='lat' dir='ltr'>cum</span> <span class='ocrx_word' id='word_1_478' title='bbox 227 2963 249 2986; x_wconf 92' lang='lat' dir='ltr'>in</span> <span class='ocrx_word' id='word_1_479' title='bbox 267 2963 345 2987; x_wconf 88' lang='lat' dir='ltr'>codice</span> <span class='ocrx_word' id='word_1_480' title='bbox 362 2962 457 2992; x_wconf 82' lang='lat' dir='ltr'>aliquod</span> <span class='ocrx_word' id='word_1_481' title='bbox 473 2961 572 2986; x_wconf 79' lang='lat' dir='ltr'>verbum</span> <span class='ocrx_word' id='word_1_482' title='bbox 589 2962 709 2986; x_wconf 55' lang='lat' dir='ltr'>manifecte</span> <span class='ocrx_word' id='word_1_483' title='bbox 724 2964 841 2988; x_wconf 82' lang='lat' dir='ltr'>exciderit.</span> 
     </span>
    </p>

    <p class='ocr_par' dir='ltr' id='par_1_14' title="bbox 218 3000 728 3026">
     <span class='ocr_line' id='line_1_66' title="bbox 218 3000 728 3026; baseline 0.002 -1"><span class='ocrx_word' id='word_1_484' title='bbox 218 3000 228 3014; x_wconf 80' lang='lat'><strong>¹</strong></span> <span class='ocrx_word' id='word_1_485' title='bbox 244 3002 285 3025; x_wconf 85' lang='lat' dir='ltr'>Hic</span> <span class='ocrx_word' id='word_1_486' title='bbox 301 3002 408 3025; x_wconf 82' lang='lat' dir='ltr'>articulus</span> <span class='ocrx_word' id='word_1_487' title='bbox 425 3001 544 3025; x_wconf 85' lang='lat' dir='ltr'>exhibetur</span> <span class='ocrx_word' id='word_1_488' title='bbox 560 3008 573 3024; x_wconf 83' lang='lat' dir='ltr'>a</span> <span class='ocrx_word' id='word_1_489' title='bbox 590 3002 660 3025; x_wconf 86' lang='lat' dir='ltr'>codd.</span> <span class='ocrx_word' id='word_1_490' title='bbox 676 3003 728 3026; x_wconf 90' lang='lat' dir='ltr'>DE.</span> 
     </span>
    </p>
   </div>
   <div class='ocr_carea' id='block_1_9' title="bbox 1030 1128 1041 2414">
    <p class='ocr_par' dir='ltr' id='par_1_15' title="bbox 1030 1128 1041 2414">
     <span class='ocr_line' id='line_1_67' title="bbox 1030 1128 1041 2414; baseline 0 0"><span class='ocrx_word' id='word_1_491' title='bbox 1030 1128 1041 2414; x_wconf 95' lang='lat' dir='ltr'> </span> 
     </span>
    </p>
   </div>
   <div class='ocr_carea' id='block_1_10' title="bbox 1056 1127 2050 2442">
    <p class='ocr_par' dir='ltr' id='par_1_16' title="bbox 1062 1127 1914 1539">
     <span class='ocr_line' id='line_1_68' title="bbox 1068 1127 1912 1170; baseline 0.008 -15"><span class='ocrx_word' id='word_1_492' title='bbox 1068 1127 1102 1156; x_wconf 83' lang='lat' dir='ltr'>dc</span> <span class='ocrx_word' id='word_1_493' title='bbox 1125 1128 1272 1164; x_wconf 77' lang='lat' dir='ltr'>Apostolis:</span> <span class='ocrx_word' id='word_1_494' title='bbox 1294 1136 1360 1166; x_wconf 79' lang='lat' dir='ltr'>crgo</span> <span class='ocrx_word' id='word_1_495' title='bbox 1390 1130 1479 1158; x_wconf 86' lang='lat' dir='ltr'>omnis</span> <span class='ocrx_word' id='word_1_496' title='bbox 1511 1133 1586 1159; x_wconf 83' lang='lat' dir='ltr'>terra</span> <span class='ocrx_word' id='word_1_497' title='bbox 1606 1135 1646 1160; x_wconf 87' lang='lat' dir='ltr'>est</span> <span class='ocrx_word' id='word_1_498' title='bbox 1674 1132 1726 1160; x_wconf 86' lang='lat' dir='ltr'>sub</span> <span class='ocrx_word' id='word_1_499' title='bbox 1757 1132 1912 1170; x_wconf 79' lang='lat' dir='ltr'>principatu</span> 
     </span>
     <span class='ocr_line' id='line_1_69' title="bbox 1067 1175 1913 1215; baseline 0.007 -13"><span class='ocrx_word' id='word_1_500' title='bbox 1067 1175 1273 1211; x_wconf 69' lang='lat' dir='ltr'>Apostolorum;</span> <span class='ocrx_word' id='word_1_501' title='bbox 1289 1176 1335 1204; x_wconf 86' lang='lat' dir='ltr'>sed</span> <span class='ocrx_word' id='word_1_502' title='bbox 1350 1176 1522 1212; x_wconf 76' lang='lat' dir='ltr'>principatus</span> <span class='ocrx_word' id='word_1_503' title='bbox 1540 1178 1590 1206; x_wconf 90' lang='lat' dir='ltr'>istc</span> <span class='ocrx_word' id='word_1_504' title='bbox 1611 1182 1652 1206; x_wconf 87' lang='lat' dir='ltr'>est</span> <span class='ocrx_word' id='word_1_505' title='bbox 1674 1178 1844 1215; x_wconf 84' lang='lat' dir='ltr'>principatus</span> <span class='ocrx_word' id='word_1_506' title='bbox 1859 1184 1913 1209; x_wconf 86' lang='lat' dir='ltr'>sta-</span> 
     </span>
     <span class='ocr_line' id='line_1_70' title="bbox 1066 1221 1914 1261; baseline 0.007 -12"><span class='ocrx_word' id='word_1_507' title='bbox 1066 1221 1143 1255; x_wconf 84' lang='lat' dir='ltr'>bilis,</span> <span class='ocrx_word' id='word_1_508' title='bbox 1165 1222 1317 1250; x_wconf 87' lang='lat' dir='ltr'>secundum</span> <span class='ocrx_word' id='word_1_509' title='bbox 1339 1222 1406 1251; x_wconf 90' lang='lat' dir='ltr'>illud</span> <span class='ocrx_word' id='word_1_510' title='bbox 1429 1223 1542 1252; x_wconf 82' lang='lat' dir='ltr'>Psalmi:</span> <span class='ocrx_word' id='word_1_511' title='bbox 1558 1224 1654 1253; x_wconf 71' lang='lat' dir='ltr'>Nimis</span> <span class='ocrx_word' id='word_1_512' title='bbox 1675 1224 1859 1261; x_wconf 76' lang='lat' dir='ltr'>confortatus</span> <span class='ocrx_word' id='word_1_513' title='bbox 1873 1231 1914 1256; x_wconf 79' lang='lat' dir='ltr'>est</span> 
     </span>
     <span class='ocr_line' id='line_1_71' title="bbox 1062 1268 1913 1305; baseline 0.007 -10"><span class='ocrx_word' id='word_1_514' title='bbox 1062 1268 1251 1304; x_wconf 74' lang='lat' dir='ltr'>principatus</span> <span class='ocrx_word' id='word_1_515' title='bbox 1265 1277 1384 1301; x_wconf 76' lang='lat' dir='ltr'>eorum,-</span> <span class='ocrx_word' id='word_1_516' title='bbox 1399 1269 1446 1297; x_wconf 88' lang='lat' dir='ltr'>sed</span> <span class='ocrx_word' id='word_1_517' title='bbox 1461 1278 1515 1298; x_wconf 92' lang='lat' dir='ltr'>non</span> <span class='ocrx_word' id='word_1_518' title='bbox 1536 1273 1578 1299; x_wconf 90' lang='lat' dir='ltr'>est</span> <span class='ocrx_word' id='word_1_519' title='bbox 1599 1271 1717 1305; x_wconf 84' lang='lat' dir='ltr'>stabilis,</span> <span class='ocrx_word' id='word_1_520' title='bbox 1732 1271 1783 1300; x_wconf 89' lang='lat' dir='ltr'>nisi</span> <span class='ocrx_word' id='word_1_521' title='bbox 1799 1272 1834 1300; x_wconf 89' lang='lat' dir='ltr'>sit</span> <span class='ocrx_word' id='word_1_522' title='bbox 1852 1274 1913 1302; x_wconf 90' lang='lat' dir='ltr'>uni-</span> 
     </span>
     <span class='ocr_line' id='line_1_72' title="bbox 1065 1315 1913 1354; baseline 0.008 -12"><span class='ocrx_word' id='word_1_523' title='bbox 1065 1317 1125 1348; x_wconf 84' lang='lat' dir='ltr'>tus⁷</span> <span class='ocrx_word' id='word_1_524' title='bbox 1147 1315 1213 1351; x_wconf 88' lang='lat' dir='ltr'>quia</span> <span class='ocrx_word' id='word_1_525' title='bbox 1233 1323 1315 1343; x_wconf 74' lang='lat' dir='ltr'>omne</span> <span class='ocrx_word' id='word_1_526' title='bbox 1337 1324 1459 1353; x_wconf 65' lang='lat' dir='ltr'>regnum</span> <span class='ocrx_word' id='word_1_527' title='bbox 1481 1317 1512 1346; x_wconf 83' lang='lat' dir='ltr'>in</span> <span class='ocrx_word' id='word_1_528' title='bbox 1542 1326 1572 1346; x_wconf 78' lang='lat' dir='ltr'>Se</span> <span class='ocrx_word' id='word_1_529' title='bbox 1600 1318 1662 1354; x_wconf 70' lang='lat' dir='ltr'>ipso</span> <span class='ocrx_word' id='word_1_530' title='bbox 1684 1318 1813 1346; x_wconf 76' lang='lat' dir='ltr'>divisum</span> <span class='ocrx_word' id='word_1_531' title='bbox 1834 1320 1913 1349; x_wconf 77' lang='lat' dir='ltr'>deso-</span> 
     </span>
     <span class='ocr_line' id='line_1_73' title="bbox 1065 1359 1912 1403; baseline 0.008 -15"><span class='ocrx_word' id='word_1_532' title='bbox 1065 1359 1193 1394; x_wconf 59' lang='lat' dir='ltr'>labz&#39;tum</span> <span class='ocrx_word' id='word_1_533' title='bbox 1214 1369 1264 1390; x_wconf 87' lang='lat' dir='ltr'>nec</span> <span class='ocrx_word' id='word_1_534' title='bbox 1285 1365 1327 1390; x_wconf 87' lang='lat' dir='ltr'>est</span> <span class='ocrx_word' id='word_1_535' title='bbox 1348 1362 1459 1397; x_wconf 81' lang='lat' dir='ltr'>unitus,</span> <span class='ocrx_word' id='word_1_536' title='bbox 1475 1363 1525 1392; x_wconf 92' lang='lat' dir='ltr'>nisi</span> <span class='ocrx_word' id='word_1_537' title='bbox 1542 1364 1640 1392; x_wconf 86' lang='lat' dir='ltr'>habeat</span> <span class='ocrx_word' id='word_1_538' title='bbox 1657 1372 1745 1393; x_wconf 92' lang='lat' dir='ltr'>unum</span> <span class='ocrx_word' id='word_1_539' title='bbox 1760 1366 1912 1403; x_wconf 85' lang='lat' dir='ltr'>principem</span> 
     </span>
     <span class='ocr_line' id='line_1_74' title="bbox 1063 1407 1913 1450; baseline 0.009 -15"><span class='ocrx_word' id='word_1_540' title='bbox 1063 1407 1256 1445; x_wconf 81' lang='lat' dir='ltr'>principalem:</span> <span class='ocrx_word' id='word_1_541' title='bbox 1279 1416 1345 1445; x_wconf 78' lang='lat' dir='ltr'>ergo</span> <span class='ocrx_word' id='word_1_542' title='bbox 1373 1410 1526 1438; x_wconf 88' lang='lat' dir='ltr'>secundum</span> <span class='ocrx_word' id='word_1_543' title='bbox 1556 1411 1743 1440; x_wconf 84' lang='lat' dir='ltr'>testimonium</span> <span class='ocrx_word' id='word_1_544' title='bbox 1771 1414 1913 1450; x_wconf 88' lang='lat' dir='ltr'>propheti-</span> 
     </span>
     <span class='ocr_line' id='line_1_75' title="bbox 1063 1455 1912 1498; baseline 0.009 -16"><span class='ocrx_word' id='word_1_545' title='bbox 1063 1462 1127 1483; x_wconf 91' lang='lat' dir='ltr'>cum</span> <span class='ocrx_word' id='word_1_546' title='bbox 1148 1455 1238 1483; x_wconf 86' lang='lat' dir='ltr'>omnis</span> <span class='ocrx_word' id='word_1_547' title='bbox 1261 1459 1334 1484; x_wconf 79' lang='lat' dir='ltr'>terra</span> <span class='ocrx_word' id='word_1_548' title='bbox 1360 1456 1503 1486; x_wconf 85' lang='lat' dir='ltr'>subiacere</span> <span class='ocrx_word' id='word_1_549' title='bbox 1524 1457 1605 1486; x_wconf 84' lang='lat' dir='ltr'>debet</span> <span class='ocrx_word' id='word_1_550' title='bbox 1626 1459 1688 1492; x_wconf 85' lang='lat' dir='ltr'>uni,</span> <span class='ocrx_word' id='word_1_551' title='bbox 1710 1459 1757 1496; x_wconf 91' lang='lat' dir='ltr'>qui</span> <span class='ocrx_word' id='word_1_552' title='bbox 1781 1460 1815 1488; x_wconf 90' lang='lat' dir='ltr'>sit</span> <span class='ocrx_word' id='word_1_553' title='bbox 1836 1461 1912 1498; x_wconf 91' lang='lat' dir='ltr'>prin-</span> 
     </span>
     <span class='ocr_line' id='line_1_76' title="bbox 1063 1509 1353 1539; baseline 0.003 -9"><span class='ocrx_word' id='word_1_554' title='bbox 1063 1509 1127 1539; x_wconf 87' lang='lat' dir='ltr'>ceps</span> <span class='ocrx_word' id='word_1_555' title='bbox 1149 1510 1353 1532; x_wconf 84' lang='lat' dir='ltr'>universorum.</span> 
     </span>
    </p>

    <p class='ocr_par' dir='ltr' id='par_1_17' title="bbox 1063 1550 1924 1823">
     <span class='ocr_line' id='line_1_77' title="bbox 1142 1550 1912 1592; baseline 0.009 -14"><span class='ocrx_word' id='word_1_556' title='bbox 1142 1550 1177 1586; x_wconf 95' lang='lat'><strong>3</strong></span> <span class='ocrx_word' id='word_1_557' title='bbox 1191 1550 1273 1584; x_wconf 86' lang='lat' dir='ltr'>item,</span> <span class='ocrx_word' id='word_1_558' title='bbox 1295 1551 1329 1579; x_wconf 89' lang='lat' dir='ltr'>ad</span> <span class='ocrx_word' id='word_1_559' title='bbox 1351 1551 1401 1580; x_wconf 82' lang='lat' dir='ltr'>hoc</span> <span class='ocrx_word' id='word_1_560' title='bbox 1424 1552 1644 1582; x_wconf 80' lang='lat' dir='ltr'>confirmandum</span> <span class='ocrx_word' id='word_1_561' title='bbox 1667 1554 1732 1583; x_wconf 83' lang='lat' dir='ltr'>facit</span> <span class='ocrx_word' id='word_1_562' title='bbox 1752 1555 1827 1592; x_wconf 87' lang='lat' dir='ltr'>quod</span> <span class='ocrx_word' id='word_1_563' title='bbox 1847 1556 1912 1585; x_wconf 82' lang='lat' dir='ltr'>dicit</span> 
     </span>
     <span class='ocr_line' id='line_1_78' title="bbox 1064 1594 1924 1638; baseline 0.009 -12"><span class='ocrx_word' id='word_1_564' title='bbox 1064 1598 1220 1627; x_wconf 86' lang='lat' dir='ltr'>Bernardus</span> <span class='ocrx_word' id='word_1_565' title='bbox 1241 1598 1269 1627; x_wconf 93' lang='lat' dir='ltr'>in</span> <span class='ocrx_word' id='word_1_566' title='bbox 1292 1594 1373 1628; x_wconf 85' lang='lat' dir='ltr'>tertio</span> <span class='ocrx_word' id='word_1_567' title='bbox 1394 1599 1465 1628; x_wconf 84' lang='lat' dir='ltr'>libro</span> <span class='ocrx_word' id='word_1_568' title='bbox 1492 1600 1527 1628; x_wconf 87' lang='lat' dir='ltr'>ad</span> <span class='ocrx_word' id='word_1_569' title='bbox 1549 1601 1701 1638; x_wconf 85' lang='lat' dir='ltr'>Eugenium</span> <span class='ocrx_word' id='word_1_570' title='bbox 1714 1602 1741 1630; x_wconf 80' lang='lat'>⁶:</span> <span class='ocrx_word' id='word_1_571' title='bbox 1769 1602 1866 1633; x_wconf 75' lang='lat' dir='ltr'>«Orbe</span> <span class='ocrx_word' id='word_1_572' title='bbox 1887 1605 1924 1633; x_wconf 87' lang='lat' dir='ltr'>ei-</span> 
     </span>
     <span class='ocr_line' id='line_1_79' title="bbox 1063 1645 1912 1687; baseline 0.008 -14"><span class='ocrx_word' id='word_1_573' title='bbox 1063 1645 1239 1680; x_wconf 82' lang='lat' dir='ltr'>exeundum,</span> <span class='ocrx_word' id='word_1_574' title='bbox 1261 1646 1308 1683; x_wconf 89' lang='lat' dir='ltr'>qui</span> <span class='ocrx_word' id='word_1_575' title='bbox 1331 1646 1401 1675; x_wconf 84' lang='lat' dir='ltr'>forte</span> <span class='ocrx_word' id='word_1_576' title='bbox 1423 1647 1510 1676; x_wconf 90' lang='lat' dir='ltr'>voluit</span> <span class='ocrx_word' id='word_1_577' title='bbox 1531 1648 1694 1685; x_wconf 82' lang='lat' dir='ltr'>explorare,</span> <span class='ocrx_word' id='word_1_578' title='bbox 1709 1658 1781 1687; x_wconf 90' lang='lat' dir='ltr'>quae</span> <span class='ocrx_word' id='word_1_579' title='bbox 1802 1659 1856 1679; x_wconf 91' lang='lat' dir='ltr'>non</span> <span class='ocrx_word' id='word_1_580' title='bbox 1878 1651 1912 1680; x_wconf 84' lang='lat' dir='ltr'>ad</span> 
     </span>
     <span class='ocr_line' id='line_1_80' title="bbox 1065 1693 1910 1733; baseline 0.008 -13"><span class='ocrx_word' id='word_1_581' title='bbox 1065 1695 1140 1721; x_wconf 89' lang='lat' dir='ltr'>tuam</span> <span class='ocrx_word' id='word_1_582' title='bbox 1162 1693 1317 1729; x_wconf 86' lang='lat' dir='ltr'>pertineant</span> <span class='ocrx_word' id='word_1_583' title='bbox 1338 1702 1443 1723; x_wconf 82' lang='lat' dir='ltr'>curam.</span> <span class='ocrx_word' id='word_1_584' title='bbox 1466 1694 1594 1724; x_wconf 85' lang='lat' dir='ltr'>Parentes</span> <span class='ocrx_word' id='word_1_585' title='bbox 1616 1696 1655 1724; x_wconf 92' lang='lat' dir='ltr'>tui</span> <span class='ocrx_word' id='word_1_586' title='bbox 1681 1696 1808 1726; x_wconf 88' lang='lat' dir='ltr'>destinati</span> <span class='ocrx_word' id='word_1_587' title='bbox 1830 1702 1910 1733; x_wconf 85' lang='lat' dir='ltr'>sunt,</span> 
     </span>
     <span class='ocr_line' id='line_1_81' title="bbox 1063 1739 1911 1779; baseline 0.008 -12"><span class='ocrx_word' id='word_1_588' title='bbox 1063 1747 1117 1768; x_wconf 90' lang='lat' dir='ltr'>non</span> <span class='ocrx_word' id='word_1_589' title='bbox 1132 1739 1239 1777; x_wconf 87' lang='lat' dir='ltr'>aliquas</span> <span class='ocrx_word' id='word_1_590' title='bbox 1253 1740 1393 1778; x_wconf 81' lang='lat' dir='ltr'>regiones,</span> <span class='ocrx_word' id='word_1_591' title='bbox 1409 1741 1456 1770; x_wconf 88' lang='lat' dir='ltr'>sed</span> <span class='ocrx_word' id='word_1_592' title='bbox 1473 1741 1565 1779; x_wconf 89' lang='lat' dir='ltr'>ipsum</span> <span class='ocrx_word' id='word_1_593' title='bbox 1579 1742 1742 1772; x_wconf 83' lang='lat' dir='ltr'>debellaturi</span> <span class='ocrx_word' id='word_1_594' title='bbox 1757 1744 1868 1779; x_wconf 87' lang='lat' dir='ltr'>orhem;</span> <span class='ocrx_word' id='word_1_595' title='bbox 1884 1749 1911 1775; x_wconf 89' lang='lat' dir='ltr'>et</span> 
     </span>
     <span class='ocr_line' id='line_1_82' title="bbox 1063 1786 1909 1823; baseline 0.008 -8"><span class='ocrx_word' id='word_1_596' title='bbox 1063 1786 1175 1823; x_wconf 86' lang='lat' dir='ltr'>quidem</span> <span class='ocrx_word' id='word_1_597' title='bbox 1191 1787 1222 1816; x_wconf 86' lang='lat' dir='ltr'>in</span> <span class='ocrx_word' id='word_1_598' title='bbox 1237 1796 1348 1817; x_wconf 80' lang='lat' dir='ltr'>omnem</span> <span class='ocrx_word' id='word_1_599' title='bbox 1371 1792 1482 1817; x_wconf 81' lang='lat' dir='ltr'>terram</span> <span class='ocrx_word' id='word_1_600' title='bbox 1503 1789 1592 1818; x_wconf 70' lang='lat' dir='ltr'>exivit</span> <span class='ocrx_word' id='word_1_601' title='bbox 1604 1799 1695 1819; x_wconf 66' lang='lat' dir='ltr'>sonus</span> <span class='ocrx_word' id='word_1_602' title='bbox 1709 1799 1809 1820; x_wconf 82' lang='lat' dir='ltr'>eorum</span> <span class='ocrx_word' id='word_1_603' title='bbox 1825 1804 1838 1817; x_wconf 72' lang='grc' dir='ltr'><strong>υ</strong></span> <span class='ocrx_word' id='word_1_604' title='bbox 1858 1796 1909 1822; x_wconf 87' lang='lat' dir='ltr'>etc.</span> 
     </span>
    </p>

    <p class='ocr_par' dir='ltr' id='par_1_18' title="bbox 1063 1833 1911 1920">
     <span class='ocr_line' id='line_1_83' title="bbox 1064 1833 1911 1875; baseline 0.009 -14"><span class='ocrx_word' id='word_1_605' title='bbox 1064 1833 1095 1862; x_wconf 88' lang='lat' dir='ltr'>Et</span> <span class='ocrx_word' id='word_1_606' title='bbox 1109 1837 1183 1871; x_wconf 89' lang='lat' dir='ltr'>post:</span> <span class='ocrx_word' id='word_1_607' title='bbox 1204 1846 1217 1859; x_wconf 72' lang='lat' dir='ltr'>&lt;r</span> <span class='ocrx_word' id='word_1_608' title='bbox 1231 1833 1326 1863; x_wconf 78' lang='lat' dir='ltr'>Nimis</span> <span class='ocrx_word' id='word_1_609' title='bbox 1339 1834 1523 1873; x_wconf 75' lang='lat' dir='ltr'>confortatus</span> <span class='ocrx_word' id='word_1_610' title='bbox 1536 1839 1577 1864; x_wconf 78' lang='lat' dir='ltr'>est</span> <span class='ocrx_word' id='word_1_611' title='bbox 1588 1837 1778 1875; x_wconf 70' lang='lat' dir='ltr'>principatus</span> <span class='ocrx_word' id='word_1_612' title='bbox 1792 1847 1911 1874; x_wconf 81' lang='lat' dir='ltr'>eorum,-</span> 
     </span>
     <span class='ocr_line' id='line_1_84' title="bbox 1063 1881 1910 1920; baseline 0.011 -12"><span class='ocrx_word' id='word_1_613' title='bbox 1063 1881 1212 1910; x_wconf 64' lang='lat' dir='ltr'>constituti</span> <span class='ocrx_word' id='word_1_614' title='bbox 1231 1885 1301 1910; x_wconf 71' lang='lat' dir='ltr'>sunt</span> <span class='ocrx_word' id='word_1_615' title='bbox 1317 1882 1466 1920; x_wconf 71' lang='lat' dir='ltr'>principes</span> <span class='ocrx_word' id='word_1_616' title='bbox 1479 1891 1569 1920; x_wconf 76' lang='lat' dir='ltr'>super</span> <span class='ocrx_word' id='word_1_617' title='bbox 1583 1892 1693 1913; x_wconf 73' lang='lat' dir='ltr'>omnem</span> <span class='ocrx_word' id='word_1_618' title='bbox 1709 1888 1829 1915; x_wconf 78' lang='lat' dir='ltr'>terram.</span> <span class='ocrx_word' id='word_1_619' title='bbox 1845 1887 1910 1917; x_wconf 88' lang='lat' dir='ltr'>Eius</span> 
     </span>
    </p>

    <p class='ocr_par' dir='ltr' id='par_1_19' title="bbox 1060 1928 2050 2099">
     <span class='ocr_line' id='line_1_85' title="bbox 1063 1928 1910 1967; baseline 0.009 -11"><span class='ocrx_word' id='word_1_620' title='bbox 1063 1929 1093 1956; x_wconf 91' lang='lat' dir='ltr'>tu</span> <span class='ocrx_word' id='word_1_621' title='bbox 1115 1928 1319 1966; x_wconf 38' lang='lat' dir='ltr'>successisti-in</span> <span class='ocrx_word' id='word_1_622' title='bbox 1342 1929 1539 1964; x_wconf 87' lang='lat' dir='ltr'>hereditatem,</span> <span class='ocrx_word' id='word_1_623' title='bbox 1557 1930 1595 1959; x_wconf 87' lang='lat' dir='ltr'>ita</span> <span class='ocrx_word' id='word_1_624' title='bbox 1616 1934 1647 1959; x_wconf 89' lang='lat' dir='ltr'>tu</span> <span class='ocrx_word' id='word_1_625' title='bbox 1668 1931 1765 1967; x_wconf 84' lang='lat' dir='ltr'>heres,</span> <span class='ocrx_word' id='word_1_626' title='bbox 1787 1936 1814 1962; x_wconf 90' lang='lat' dir='ltr'>et</span> <span class='ocrx_word' id='word_1_627' title='bbox 1834 1934 1910 1964; x_wconf 86' lang='lat' dir='ltr'>orbis</span> 
     </span>
     <span class='ocr_line' id='line_1_86' title="bbox 1061 1973 2050 2016; baseline 0.014 -14"><span class='ocrx_word' id='word_1_628' title='bbox 1061 1973 1238 2004; x_wconf 85' lang='lat' dir='ltr'>hereditas».</span> <span class='ocrx_word' id='word_1_629' title='bbox 1260 1976 1302 2004; x_wconf 80' lang='lat' dir='ltr'>Ex</span> <span class='ocrx_word' id='word_1_630' title='bbox 1330 1976 1382 2006; x_wconf 90' lang='lat' dir='ltr'>hoc</span> <span class='ocrx_word' id='word_1_631' title='bbox 1409 1984 1476 2014; x_wconf 83' lang='lat' dir='ltr'>ergo</span> <span class='ocrx_word' id='word_1_632' title='bbox 1502 1980 1632 2014; x_wconf 88' lang='lat' dir='ltr'>apparet,</span> <span class='ocrx_word' id='word_1_633' title='bbox 1658 1978 1733 2016; x_wconf 89' lang='lat' dir='ltr'>quod</span> <span class='ocrx_word' id='word_1_634' title='bbox 1757 1981 1910 2011; x_wconf 86' lang='lat' dir='ltr'>secundum</span> <span class='ocrx_word' id='word_1_635' title='bbox 1921 1994 2050 2016; x_wconf 65' lang='lat' dir='ltr'>conamur.</span> 
     </span>
     <span class='ocr_line' id='line_1_87' title="bbox 1062 2021 1910 2061; baseline 0.011 -12"><span class='ocrx_word' id='word_1_636' title='bbox 1062 2021 1250 2051; x_wconf 80' lang='lat' dir='ltr'>testiinonium</span> <span class='ocrx_word' id='word_1_637' title='bbox 1281 2024 1474 2061; x_wconf 90' lang='lat' dir='ltr'>propheticum</span> <span class='ocrx_word' id='word_1_638' title='bbox 1508 2025 1556 2054; x_wconf 90' lang='lat' dir='ltr'>uni</span> <span class='ocrx_word' id='word_1_639' title='bbox 1591 2025 1709 2055; x_wconf 88' lang='lat' dir='ltr'>debetur</span> <span class='ocrx_word' id='word_1_640' title='bbox 1744 2027 1910 2059; x_wconf 89' lang='lat' dir='ltr'>universalis</span> 
     </span>
     <span class='ocr_line' id='line_1_88' title="bbox 1060 2067 1369 2099; baseline 0.01 -3"><span class='ocrx_word' id='word_1_641' title='bbox 1060 2067 1215 2098; x_wconf 85' lang='lat' dir='ltr'>obedientia</span> <span class='ocrx_word' id='word_1_642' title='bbox 1235 2070 1369 2099; x_wconf 88' lang='lat' dir='ltr'>omnium.</span> 
     </span>
    </p>

    <p class='ocr_par' dir='ltr' id='par_1_20' title="bbox 1060 2116 2030 2204">
     <span class='ocr_line' id='line_1_89' title="bbox 1139 2116 2030 2157; baseline 0.01 -12"><span class='ocrx_word' id='word_1_643' title='bbox 1139 2116 1223 2151; x_wconf 86' lang='lat' dir='ltr'>Item,</span> <span class='ocrx_word' id='word_1_644' title='bbox 1245 2117 1297 2146; x_wconf 87' lang='lat' dir='ltr'>hoc</span> <span class='ocrx_word' id='word_1_645' title='bbox 1319 2117 1409 2155; x_wconf 87' lang='lat' dir='ltr'>ipsum</span> <span class='ocrx_word' id='word_1_646' title='bbox 1432 2119 1586 2148; x_wconf 91' lang='lat' dir='ltr'>ostenditur</span> <span class='ocrx_word' id='word_1_647' title='bbox 1606 2128 1657 2157; x_wconf 86' lang='lat' dir='ltr'>per</span> <span class='ocrx_word' id='word_1_648' title='bbox 1687 2129 1795 2150; x_wconf 85' lang='lat' dir='ltr'>novum</span> <span class='ocrx_word' id='word_1_649' title='bbox 1827 2125 1910 2153; x_wconf 87' lang='lat' dir='ltr'>testa·</span> <span class='ocrx_word' id='word_1_650' title='bbox 1921 2137 2030 2157; x_wconf 61' lang='lat' dir='ltr'>1³0er</span> 
     </span>
     <span class='ocr_line' id='line_1_90' title="bbox 1060 2162 2029 2204; baseline 0.009 -13"><span class='ocrx_word' id='word_1_651' title='bbox 1060 2165 1194 2192; x_wconf 87' lang='lat' dir='ltr'>mentum.</span> <span class='ocrx_word' id='word_1_652' title='bbox 1933 2162 2029 2204; x_wconf 52' lang='lat' dir='ltr'>kffimw*</span> 
     </span>
    </p>

    <p class='ocr_par' dir='ltr' id='par_1_21' title="bbox 1056 2211 1910 2442">
     <span class='ocr_line' id='line_1_91' title="bbox 1138 2211 1910 2252; baseline 0.009 -12"><span class='ocrx_word' id='word_1_653' title='bbox 1138 2211 1165 2240; x_wconf 78' lang='grc' dir='ltr'>[ι.</span> <span class='ocrx_word' id='word_1_654' title='bbox 1188 2212 1317 2242; x_wconf 83' lang='lat' dir='ltr'>Matthaei</span> <span class='ocrx_word' id='word_1_655' title='bbox 1344 2213 1451 2243; x_wconf 88' lang='lat' dir='ltr'>decimo</span> <span class='ocrx_word' id='word_1_656' title='bbox 1478 2215 1596 2244; x_wconf 79' lang='lat' dir='ltr'>sexto⁶:</span> <span class='ocrx_word' id='word_1_657' title='bbox 1625 2216 1668 2245; x_wconf 80' lang='lat' dir='ltr'>Tu</span> <span class='ocrx_word' id='word_1_658' title='bbox 1692 2225 1722 2245; x_wconf 79' lang='lat' dir='ltr'>es</span> <span class='ocrx_word' id='word_1_659' title='bbox 1746 2217 1862 2252; x_wconf 79' lang='lat' dir='ltr'>Petrus,</span> <span class='ocrx_word' id='word_1_660' title='bbox 1884 2222 1910 2247; x_wconf 82' lang='lat' dir='ltr'>et</span> 
     </span>
     <span class='ocr_line' id='line_1_92' title="bbox 1058 2257 1906 2300; baseline 0.009 -14"><span class='ocrx_word' id='word_1_661' title='bbox 1058 2266 1148 2296; x_wconf 77' lang='lat' dir='ltr'>super</span> <span class='ocrx_word' id='word_1_662' title='bbox 1162 2257 1238 2288; x_wconf 64' lang='lat' dir='ltr'>liano</span> <span class='ocrx_word' id='word_1_663' title='bbox 1249 2263 1366 2297; x_wconf 83' lang='lat' dir='ltr'>pet-ram</span> <span class='ocrx_word' id='word_1_664' title='bbox 1384 2261 1544 2298; x_wconf 80' lang='lat' dir='ltr'>aedificabo</span> <span class='ocrx_word' id='word_1_665' title='bbox 1560 2262 1718 2292; x_wconf 74' lang='lat' dir='ltr'>Ecclesiam</span> <span class='ocrx_word' id='word_1_666' title='bbox 1736 2272 1832 2293; x_wconf 81' lang='lat' dir='ltr'>meam</span> <span class='ocrx_word' id='word_1_667' title='bbox 1845 2268 1906 2300; x_wconf 62' lang='lat' dir='ltr'>etc„</span> 
     </span>
     <span class='ocr_line' id='line_1_93' title="bbox 1058 2306 1907 2344; baseline 0.008 -10"><span class='ocrx_word' id='word_1_668' title='bbox 1058 2313 1148 2344; x_wconf 87' lang='lat' dir='ltr'>usque</span> <span class='ocrx_word' id='word_1_669' title='bbox 1169 2306 1205 2335; x_wconf 92' lang='lat' dir='ltr'>ibi</span> <span class='ocrx_word' id='word_1_670' title='bbox 1219 2307 1302 2336; x_wconf 30' lang='lat' dir='ltr'>:ierit</span> <span class='ocrx_word' id='word_1_671' title='bbox 1322 2308 1451 2338; x_wconf 67' lang='lat' dir='ltr'>solutum</span> <span class='ocrx_word' id='word_1_672' title='bbox 1476 2313 1501 2338; x_wconf 80' lang='lat' dir='ltr'>et</span> <span class='ocrx_word' id='word_1_673' title='bbox 1529 2310 1560 2338; x_wconf 84' lang='lat' dir='ltr'>in</span> <span class='ocrx_word' id='word_1_674' title='bbox 1584 2310 1671 2339; x_wconf 79' lang='lat' dir='ltr'>caelis</span> <span class='ocrx_word' id='word_1_675' title='bbox 1678 2321 1689 2344; x_wconf 85' lang='lat'>,·</span> <span class='ocrx_word' id='word_1_676' title='bbox 1710 2311 1757 2340; x_wconf 84' lang='lat' dir='ltr'>sed</span> <span class='ocrx_word' id='word_1_677' title='bbox 1779 2315 1907 2342; x_wconf 85' lang='lat' dir='ltr'>constans</span> 
     </span>
     <span class='ocr_line' id='line_1_94' title="bbox 1058 2354 1907 2395; baseline 0.007 -13"><span class='ocrx_word' id='word_1_678' title='bbox 1058 2356 1114 2389; x_wconf 89' lang='lat' dir='ltr'>est,</span> <span class='ocrx_word' id='word_1_679' title='bbox 1129 2354 1204 2391; x_wconf 89' lang='lat' dir='ltr'>quod</span> <span class='ocrx_word' id='word_1_680' title='bbox 1218 2354 1243 2384; x_wconf 86' lang='lat' dir='ltr'>ei</span> <span class='ocrx_word' id='word_1_681' title='bbox 1257 2355 1305 2392; x_wconf 92' lang='lat' dir='ltr'>qui</span> <span class='ocrx_word' id='word_1_682' title='bbox 1320 2363 1416 2385; x_wconf 89' lang='lat' dir='ltr'>omnes</span> <span class='ocrx_word' id='word_1_683' title='bbox 1436 2359 1526 2394; x_wconf 87' lang='lat' dir='ltr'>potest</span> <span class='ocrx_word' id='word_1_684' title='bbox 1547 2357 1654 2386; x_wconf 87' lang='lat' dir='ltr'>solvere</span> <span class='ocrx_word' id='word_1_685' title='bbox 1669 2360 1696 2386; x_wconf 91' lang='lat' dir='ltr'>et</span> <span class='ocrx_word' id='word_1_686' title='bbox 1710 2358 1811 2395; x_wconf 83' lang='lat' dir='ltr'>ligare,</span> <span class='ocrx_word' id='word_1_687' title='bbox 1826 2359 1907 2388; x_wconf 88' lang='lat' dir='ltr'>debet</span> 
     </span>
     <span class='ocr_line' id='line_1_95' title="bbox 1056 2401 1906 2442; baseline 0.006 -12"><span class='ocrx_word' id='word_1_688' title='bbox 1056 2401 1092 2431; x_wconf 91' lang='lat' dir='ltr'>ab</span> <span class='ocrx_word' id='word_1_689' title='bbox 1113 2402 1242 2432; x_wconf 88' lang='lat' dir='ltr'>omnibus</span> <span class='ocrx_word' id='word_1_690' title='bbox 1262 2402 1384 2432; x_wconf 88' lang='lat' dir='ltr'>obediri:</span> <span class='ocrx_word' id='word_1_691' title='bbox 1405 2412 1473 2442; x_wconf 85' lang='lat' dir='ltr'>ergo</span> <span class='ocrx_word' id='word_1_692' title='bbox 1500 2404 1574 2434; x_wconf 87' lang='lat' dir='ltr'>Deus</span> <span class='ocrx_word' id='word_1_693' title='bbox 1594 2405 1633 2434; x_wconf 88' lang='lat' dir='ltr'>sic</span> <span class='ocrx_word' id='word_1_694' title='bbox 1661 2405 1808 2434; x_wconf 82' lang='lat' dir='ltr'>Ecclesiam</span> <span class='ocrx_word' id='word_1_695' title='bbox 1829 2406 1906 2435; x_wconf 89' lang='lat' dir='ltr'>insti-</span> 
     </span>
    </p>
   </div>
   <div class='ocr_carea' id='block_1_11' title="bbox 1055 2570 1906 2992">
    <p class='ocr_par' dir='ltr' id='par_1_22' title="bbox 1057 2570 1904 2642">
     <span class='ocr_line' id='line_1_96' title="bbox 1120 2570 1904 2604; baseline 0.003 -9"><span class='ocrx_word' id='word_1_696' title='bbox 1120 2570 1130 2584; x_wconf 81' lang='lat'>⁸</span> <span class='ocrx_word' id='word_1_697' title='bbox 1147 2573 1213 2595; x_wconf 75' lang='lat' dir='ltr'>Vers.</span> <span class='ocrx_word' id='word_1_698' title='bbox 1230 2573 1252 2596; x_wconf 86' lang='lat'>8.</span> <span class='ocrx_word' id='word_1_699' title='bbox 1268 2575 1291 2596; x_wconf 84' lang='lat' dir='ltr'>et</span> <span class='ocrx_word' id='word_1_700' title='bbox 1309 2573 1346 2596; x_wconf 72' lang='lat'>⁴2.</span> <span class='ocrx_word' id='word_1_701' title='bbox 1371 2574 1470 2603; x_wconf 76' lang='lat' dir='ltr'>Vulgata</span> <span class='ocrx_word' id='word_1_702' title='bbox 1495 2575 1561 2604; x_wconf 83' lang='lat' dir='ltr'>plura</span> <span class='ocrx_word' id='word_1_703' title='bbox 1588 2573 1708 2597; x_wconf 75' lang='lat' dir='ltr'>interserit.</span> <span class='ocrx_word' id='word_1_704' title='bbox 1724 2587 1755 2592; x_wconf 89' lang='lat'><strong>—</strong></span> <span class='ocrx_word' id='word_1_705' title='bbox 1771 2575 1849 2598; x_wconf 82' lang='lat' dir='ltr'>Glossa</span> <span class='ocrx_word' id='word_1_706' title='bbox 1871 2577 1904 2597; x_wconf 84' lang='lat' dir='ltr'>est</span> 
     </span>
     <span class='ocr_line' id='line_1_97' title="bbox 1057 2611 1613 2642; baseline 0.004 -7"><span class='ocrx_word' id='word_1_707' title='bbox 1057 2611 1218 2636; x_wconf 68' lang='lat' dir='ltr'>merlirwarss</span> <span class='ocrx_word' id='word_1_708' title='bbox 1234 2613 1298 2642; x_wconf 84' lang='lat' dir='ltr'>apud</span> <span class='ocrx_word' id='word_1_709' title='bbox 1314 2613 1432 2642; x_wconf 86' lang='lat' dir='ltr'>Lyranum</span> <span class='ocrx_word' id='word_1_710' title='bbox 1450 2614 1473 2637; x_wconf 91' lang='lat' dir='ltr'>in</span> <span class='ocrx_word' id='word_1_711' title='bbox 1490 2615 1552 2637; x_wconf 88' lang='lat' dir='ltr'>hunc</span> <span class='ocrx_word' id='word_1_712' title='bbox 1569 2615 1613 2638; x_wconf 84' lang='lat' dir='ltr'>loc.</span> 
     </span>
    </p>

    <p class='ocr_par' dir='ltr' id='par_1_23' title="bbox 1056 2651 1904 2724">
     <span class='ocr_line' id='line_1_98' title="bbox 1119 2651 1904 2682; baseline 0.003 -7"><span class='ocrx_word' id='word_1_713' title='bbox 1119 2651 1130 2664; x_wconf 78' lang='lat'><strong>⁴</strong></span> <span class='ocrx_word' id='word_1_714' title='bbox 1146 2653 1230 2676; x_wconf 70' lang='lat' dir='ltr'>psalm.</span> <span class='ocrx_word' id='word_1_715' title='bbox 1247 2653 1290 2681; x_wconf 70' lang='lat'>45,</span> <span class='ocrx_word' id='word_1_716' title='bbox 1308 2653 1352 2676; x_wconf 71' lang='lat'>⁴7:</span> <span class='ocrx_word' id='word_1_717' title='bbox 1370 2653 1501 2681; x_wconf 62' lang='lat' dir='ltr'>Corstitues</span> <span class='ocrx_word' id='word_1_718' title='bbox 1521 2660 1561 2677; x_wconf 86' lang='lat' dir='ltr'>eos</span> <span class='ocrx_word' id='word_1_719' title='bbox 1583 2658 1639 2682; x_wconf 83' lang='lat' dir='ltr'>etc.;</span> <span class='ocrx_word' id='word_1_720' title='bbox 1657 2654 1774 2677; x_wconf 86' lang='lat' dir='ltr'>secundus</span> <span class='ocrx_word' id='word_1_721' title='bbox 1791 2655 1855 2677; x_wconf 86' lang='lat' dir='ltr'>locus</span> <span class='ocrx_word' id='word_1_722' title='bbox 1871 2656 1904 2677; x_wconf 82' lang='lat' dir='ltr'>est</span> 
     </span>
     <span class='ocr_line' id='line_1_99' title="bbox 1056 2692 1836 2724; baseline 0.004 -10"><span class='ocrx_word' id='word_1_723' title='bbox 1056 2692 1093 2714; x_wconf 85' lang='lat' dir='ltr'>Ps.</span> <span class='ocrx_word' id='word_1_724' title='bbox 1111 2692 1169 2720; x_wconf 86' lang='grc'><strong>138,</strong></span> <span class='ocrx_word' id='word_1_725' title='bbox 1188 2692 1229 2720; x_wconf 84' lang='grc'><strong>17;</strong></span> <span class='ocrx_word' id='word_1_726' title='bbox 1247 2693 1327 2716; x_wconf 79' lang='lat' dir='ltr'>tertius</span> <span class='ocrx_word' id='word_1_727' title='bbox 1342 2693 1397 2716; x_wconf 88' lang='lat' dir='ltr'>Luc.</span> <span class='ocrx_word' id='word_1_728' title='bbox 1415 2693 1457 2721; x_wconf 80' lang='grc'>11,</span> <span class='ocrx_word' id='word_1_729' title='bbox 1476 2693 1513 2717; x_wconf 90' lang='grc'><strong>17.</strong></span> <span class='ocrx_word' id='word_1_730' title='bbox 1531 2693 1639 2723; x_wconf 79' lang='lat' dir='ltr'>(Vulgata</span> <span class='ocrx_word' id='word_1_731' title='bbox 1656 2693 1682 2716; x_wconf 83' lang='lat' dir='ltr'>in</span> <span class='ocrx_word' id='word_1_732' title='bbox 1698 2699 1723 2717; x_wconf 76' lang='lat' dir='ltr'>se</span> <span class='ocrx_word' id='word_1_733' title='bbox 1739 2693 1836 2724; x_wconf 69' lang='lat' dir='ltr'>ipsvm).</span> 
     </span>
    </p>

    <p class='ocr_par' dir='ltr' id='par_1_24' title="bbox 1055 2730 1906 2957">
     <span class='ocr_line' id='line_1_100' title="bbox 1120 2730 1906 2764; baseline 0.001 -9"><span class='ocrx_word' id='word_1_734' title='bbox 1120 2730 1130 2743; x_wconf 82' lang='lat'>⁶</span> <span class='ocrx_word' id='word_1_735' title='bbox 1147 2732 1201 2755; x_wconf 80' lang='lat' dir='ltr'>Sive</span> <span class='ocrx_word' id='word_1_736' title='bbox 1217 2732 1247 2756; x_wconf 90' lang='lat' dir='ltr'>de</span> <span class='ocrx_word' id='word_1_737' title='bbox 1263 2732 1408 2756; x_wconf 86' lang='lat' dir='ltr'>Considerat.</span> <span class='ocrx_word' id='word_1_738' title='bbox 1424 2733 1457 2756; x_wconf 83' lang='grc'><strong>111.</strong></span> <span class='ocrx_word' id='word_1_739' title='bbox 1474 2740 1494 2756; x_wconf 85' lang='lat' dir='ltr'>c.</span> <span class='ocrx_word' id='word_1_740' title='bbox 1512 2734 1534 2756; x_wconf 84' lang='grc'><strong>1.</strong></span> <span class='ocrx_word' id='word_1_741' title='bbox 1549 2739 1574 2756; x_wconf 87' lang='lat' dir='ltr'>n.</span> <span class='ocrx_word' id='word_1_742' title='bbox 1591 2734 1613 2757; x_wconf 86' lang='grc'><strong>1,</strong></span> <span class='ocrx_word' id='word_1_743' title='bbox 1629 2734 1674 2756; x_wconf 85' lang='lat' dir='ltr'>Pro</span> <span class='ocrx_word' id='word_1_744' title='bbox 1689 2733 1751 2764; x_wconf 80' lang='lat' dir='ltr'>soree</span> <span class='ocrx_word' id='word_1_745' title='bbox 1772 2732 1848 2757; x_wconf 73' lang='lat' dir='ltr'>voluit</span> <span class='ocrx_word' id='word_1_746' title='bbox 1862 2733 1906 2756; x_wconf 87' lang='lat' dir='ltr'>ori-</span> 
     </span>
     <span class='ocr_line' id='line_1_101' title="bbox 1056 2771 1903 2802; baseline 0.002 -9"><span class='ocrx_word' id='word_1_747' title='bbox 1056 2771 1133 2799; x_wconf 82' lang='lat' dir='ltr'>ginale</span> <span class='ocrx_word' id='word_1_748' title='bbox 1149 2771 1212 2801; x_wconf 80' lang='lat' dir='ltr'>sorte</span> <span class='ocrx_word' id='word_1_749' title='bbox 1227 2771 1297 2796; x_wconf 77' lang='lat' dir='ltr'>volet.</span> <span class='ocrx_word' id='word_1_750' title='bbox 1312 2772 1366 2795; x_wconf 82' lang='lat' dir='ltr'>Post</span> <span class='ocrx_word' id='word_1_751' title='bbox 1386 2771 1466 2796; x_wconf 77' lang='lat' dir='ltr'>orbem</span> <span class='ocrx_word' id='word_1_752' title='bbox 1488 2772 1601 2801; x_wconf 79' lang='lat' dir='ltr'>originale</span> <span class='ocrx_word' id='word_1_753' title='bbox 1622 2773 1782 2802; x_wconf 82' lang='lat' dir='ltr'>prosequitur:</span> <span class='ocrx_word' id='word_1_754' title='bbox 1803 2781 1814 2792; x_wconf 72' lang='grc' dir='ltr'><strong><em>ε</em></strong></span> <span class='ocrx_word' id='word_1_755' title='bbox 1826 2772 1859 2796; x_wconf 83' lang='lat' dir='ltr'>Ile</span> <span class='ocrx_word' id='word_1_756' title='bbox 1880 2771 1903 2795; x_wconf 79' lang='lat' dir='ltr'>in</span> 
     </span>
     <span class='ocr_line' id='line_1_102' title="bbox 1056 2808 1904 2842; baseline 0 -9"><span class='ocrx_word' id='word_1_757' title='bbox 1056 2809 1138 2833; x_wconf 82' lang='lat' dir='ltr'>orbem</span> <span class='ocrx_word' id='word_1_758' title='bbox 1156 2808 1295 2835; x_wconf 64' lang='lat' dir='ltr'>univnsnm</span> <span class='ocrx_word' id='word_1_759' title='bbox 1311 2810 1394 2841; x_wconf 81' lang='lat' dir='ltr'>[Marc.</span> <span class='ocrx_word' id='word_1_760' title='bbox 1411 2811 1452 2839; x_wconf 78' lang='grc'><strong>16,</strong></span> <span class='ocrx_word' id='word_1_761' title='bbox 1471 2811 1537 2842; x_wconf 78' lang='grc'><strong>15.],</strong></span> <span class='ocrx_word' id='word_1_762' title='bbox 1553 2812 1641 2835; x_wconf 84' lang='lat' dir='ltr'>dictum</span> <span class='ocrx_word' id='word_1_763' title='bbox 1658 2814 1693 2834; x_wconf 77' lang='lat' dir='ltr'>est</span> <span class='ocrx_word' id='word_1_764' title='bbox 1709 2812 1782 2834; x_wconf 74' lang='lat' dir='ltr'>illisu.</span> <span class='ocrx_word' id='word_1_765' title='bbox 1798 2810 1904 2834; x_wconf 78' lang='lat' dir='ltr'>Pturibus</span> 
     </span>
     <span class='ocr_line' id='line_1_103' title="bbox 1055 2849 1903 2882; baseline 0 -10"><span class='ocrx_word' id='word_1_766' title='bbox 1055 2849 1141 2872; x_wconf 84' lang='lat' dir='ltr'>deinde</span> <span class='ocrx_word' id='word_1_767' title='bbox 1150 2849 1241 2878; x_wconf 90' lang='lat' dir='ltr'>additis,</span> <span class='ocrx_word' id='word_1_768' title='bbox 1250 2853 1369 2879; x_wconf 88' lang='lat' dir='ltr'>ponuntur</span> <span class='ocrx_word' id='word_1_769' title='bbox 1377 2850 1461 2874; x_wconf 80' lang='lat' dir='ltr'>verbe:</span> <span class='ocrx_word' id='word_1_770' title='bbox 1470 2851 1502 2875; x_wconf 80' lang='lat' dir='ltr'>Et</span> <span class='ocrx_word' id='word_1_771' title='bbox 1509 2850 1604 2882; x_wconf 74' lang='lat' dir='ltr'>quidem</span> <span class='ocrx_word' id='word_1_772' title='bbox 1616 2851 1641 2874; x_wconf 76' lang='lat' dir='ltr'>in</span> <span class='ocrx_word' id='word_1_773' title='bbox 1654 2856 1747 2875; x_wconf 77' lang='lat' dir='ltr'>omnem</span> <span class='ocrx_word' id='word_1_774' title='bbox 1760 2852 1903 2874; x_wconf 71' lang='lat' dir='ltr'>tet-rametc.</span> 
     </span>
     <span class='ocr_line' id='line_1_104' title="bbox 1056 2888 1902 2920; baseline 0 -9"><span class='ocrx_word' id='word_1_775' title='bbox 1056 2888 1106 2918; x_wconf 82' lang='lat' dir='ltr'>[Ps.</span> <span class='ocrx_word' id='word_1_776' title='bbox 1118 2889 1161 2917; x_wconf 82' lang='grc'><strong>18,</strong></span> <span class='ocrx_word' id='word_1_777' title='bbox 1173 2888 1205 2919; x_wconf 82' lang='grc'>5.]</span> <span class='ocrx_word' id='word_1_778' title='bbox 1213 2907 1218 2917; x_wconf 85' lang='grc'><strong>,</strong></span> <span class='ocrx_word' id='word_1_779' title='bbox 1230 2892 1265 2918; x_wconf 89' lang='lat' dir='ltr'>et,</span> <span class='ocrx_word' id='word_1_780' title='bbox 1277 2890 1401 2913; x_wconf 79' lang='lat' dir='ltr'>interiectis</span> <span class='ocrx_word' id='word_1_781' title='bbox 1412 2890 1474 2918; x_wconf 87' lang='lat' dir='ltr'>aliis,</span> <span class='ocrx_word' id='word_1_782' title='bbox 1486 2897 1536 2920; x_wconf 90' lang='lat' dir='ltr'>seq.</span> <span class='ocrx_word' id='word_1_783' title='bbox 1548 2891 1625 2919; x_wconf 84' lang='lat' dir='ltr'>locus,</span> <span class='ocrx_word' id='word_1_784' title='bbox 1637 2890 1676 2914; x_wconf 88' lang='lat' dir='ltr'>ubi</span> <span class='ocrx_word' id='word_1_785' title='bbox 1688 2891 1786 2913; x_wconf 78' lang='lat' dir='ltr'>citantur</span> <span class='ocrx_word' id='word_1_786' title='bbox 1797 2890 1833 2912; x_wconf 81' lang='lat' dir='ltr'>Ps.</span> <span class='ocrx_word' id='word_1_787' title='bbox 1845 2889 1902 2916; x_wconf 83' lang='grc'><strong>138,</strong></span> 
     </span>
     <span class='ocr_line' id='line_1_105' title="bbox 1057 2927 1248 2957; baseline 0.005 -6"><span class='ocrx_word' id='word_1_788' title='bbox 1057 2927 1093 2951; x_wconf 92' lang='grc'><strong>17.</strong></span> <span class='ocrx_word' id='word_1_789' title='bbox 1110 2931 1134 2951; x_wconf 90' lang='lat' dir='ltr'>et</span> <span class='ocrx_word' id='word_1_790' title='bbox 1150 2928 1192 2957; x_wconf 70' lang='lat'>44,</span> <span class='ocrx_word' id='word_1_791' title='bbox 1211 2928 1248 2952; x_wconf 81' lang='grc'><strong>17.</strong></span> 
     </span>
    </p>

    <p class='ocr_par' dir='ltr' id='par_1_25' title="bbox 1117 2965 1320 2992">
     <span class='ocr_line' id='line_1_106' title="bbox 1117 2965 1320 2992; baseline 0.005 -1"><span class='ocrx_word' id='word_1_792' title='bbox 1117 2965 1128 2979; x_wconf 79' lang='lat'><strong>⁶</strong></span> <span class='ocrx_word' id='word_1_793' title='bbox 1145 2968 1211 2991; x_wconf 75' lang='lat' dir='ltr'>Vere.</span> <span class='ocrx_word' id='word_1_794' title='bbox 1229 2968 1266 2992; x_wconf 78' lang='grc'><strong>18.</strong></span> <span class='ocrx_word' id='word_1_795' title='bbox 1284 2969 1320 2992; x_wconf 86' lang='grc'><strong>19.</strong></span> 
     </span>
    </p>
   </div>
  </div>
 </body>
</html>
