2285 3398
308 148 366 178 324

307 235 357 264 per
378 226 539 256 modestiam
561 227 589 255 in
604 227 738 256 exteriori
753 235 852 264 opere,
867 227 997 264 speciosa
1011 236 1061 265 per
1075 237 1157 257 mun-

307 274 402 303 ditiam
424 273 452 303 in
473 273 630 307 affectione,
651 273 792 302 ordinata
812 276 840 302 et
860 277 958 303 ornata
978 282 1029 311 per
1043 275 1158 304 rectitu-

306 321 399 350 dinem
430 321 458 350 in
486 320 645 350 intentione.
668 321 746 350 Tunc
773 320 847 350 euim
873 323 947 350 recte
975 324 1003 350 et
1033 321 1158 350 ordinate

306 368 427 403 vivitur,
449 376 514 397 cum
544 370 587 396 est
614 367 731 396 intentio
752 370 843 402 recta,
864 368 972 397 affectio
1002 368 1107 397 munda
1130 370 1158 396 et

306 415 429 453 operatio
449 415 581 444 modesta.

387 463 431 491 18.
465 462 491 490 Si
523 469 590 491 vero
621 462 830 491 consideremus
864 470 1020 492 sermonem
1052 462 1158 490 ratione

164 508 374 558 Terffiquoadfinis
387 510 407 543 ¹,
429 508 468 537 sic
489 511 531 537 est
551 508 586 537 ad
606 508 845 545 exprimendum,
860 508 895 537 ad
915 507 1110 537 erudiendum
1130 509 1158 535 et

226 544 262 559 em.
305 557 339 586 ad
359 556 548 589 movendum;
570 556 618 585 sed
638 563 783 593 nunquam
804 555 944 593 exprimit
963 554 1084 592 aliquid,
1106 554 1157 583 nisi

305 603 445 633 mediante
465 603 572 640 specie,
593 611 738 640 nunquam
759 603 855 637 docet,
877 603 929 632 nisi
954 602 1091 631 mediante
1115 601 1158 630 lu-

305 651 380 680 mine
403 653 553 687 arguente,
574 658 719 687 nunquam
740 653 846 684 movet,
866 650 919 679 nisi
940 649 1078 678 mediante
1102 648 1158 677 vir-

306 700 385 732 tute;
406 700 434 726 et
455 699 575 731 constat,
596 697 672 734 quod
692 697 745 726 hoc
766 705 821 725 non
842 696 874 725 tit
895 696 947 725 nisi
968 704 1018 733 per
1039 695 1159 732 speciem

305 747 334 774 et
354 737 449 773 lumen
469 746 497 773 et
517 743 651 773 virtutem
682 743 877 778 intrinsecam,
898 743 1067 772 intrinsecus
1094 741 1159 771 ani-

304 800 371 820 mae
395 791 501 820 unita.-
530 793 558 819 ct
589 790 649 819 ideo
680 790 820 820 concludit
835 789 1056 828 Augustinus&
1085 789 1160 826 quod

306 838 353 867 ille
374 838 450 867 solus
471 841 513 867 est
533 831 622 867 verus*
638 837 749 872 doctor,
771 837 819 875 qui
840 840 932 875 potest
959 836 1079 874 speciem
1107 836 1159 865 im-

307 885 430 923 primere
450 888 477 914 et
498 885 593 916 lumen
615 884 760 914 infundere
781 887 809 914 et
840 884 972 914 virtutem
994 884 1061 913 dare
1082 883 1158 913 cordi

304 932 450 962 audientis.
474 933 505 961 Et
526 933 592 961 hinc
619 935 676 967 est,
697 932 772 970 quod
798 944 812 957 a
827 932 986 962 cathedram
1015 931 1100 960 habet
1130 931 1159 959 in

176 983 291 1009 Aminaeo.
304 980 381 1010 caelo
401 980 449 1018 qui
471 980 547 1009 intus
567 979 651 1009 corda
665 979 782 1009 docet».
799 995 836 1000 —
851 979 929 1008 Sicut
942 987 1009 1016 ergo
1029 978 1099 1007 nihil
1113 986 1158 1007 ω-

299 1027 448 1066 -gnoscitur
469 1035 518 1064 per
539 1035 695 1056 sermonem
717 1027 848 1064 perfecte,
864 1026 922 1055 nisi
942 1025 1081 1055 mediante
1101 1025 1158 1054 vir-

305 1077 381 1109 tute,
402 1074 507 1103 lumine
535 1076 563 1103 et
582 1074 675 1111 specie
705 1074 792 1103 unitis
818 1073 941 1107 animae;
962 1073 1002 1102 sic
1032 1072 1067 1101 ad
1088 1073 1157 1107 hoc,

306 1122 381 1159 quod
401 1121 494 1151 anima
513 1121 660 1151 erudiatur
673 1121 708 1150 ad
729 1121 778 1150 Dei
799 1120 985 1158 cognitionem
1005 1127 1055 1157 per
1069 1119 1158 1156 ipsius

304 1169 444 1198 internam
466 1168 649 1203 locutionem,
677 1176 789 1197 necesse
816 1170 870 1201 est,
892 1166 967 1204 quod
988 1166 1103 1196 uniatur
1132 1166 1157 1195 ei

305 1215 358 1254 qui
377 1219 418 1244 est
438 1215 574 1253 splendor
593 1215 706 1252 gloriae
719 1218 744 1243 et
757 1214 860 1252 fiyura
879 1213 1062 1243 substantiae
1080 1213 1157 1247 eius,

197 1266 294 1291 Ενίῐοευε·
304 1266 431 1300 portans
452 1263 552 1291 omnia
573 1261 658 1290 verbo
678 1261 799 1290 virtutis
810 1269 885 1290 suae
894 1261 914 1289 ¹³.
931 1276 969 1282 -—
984 1261 1025 1289 Ex
1040 1268 1097 1298 quo
1110 1268 1158 1297 pa-

307 1312 359 1343 tet,
381 1317 465 1346 quain
486 1309 558 1337 mira
585 1312 627 1337 est
658 1308 726 1337 haec
757 1307 967 1344 contemplatio,
996 1314 1045 1343 per
1073 1314 1158 1343 quam

307 1356 478 1393 Augustinus
499 1356 526 1384 in
555 1355 650 1384 multis
681 1355 760 1384 libris
789 1354 953 1383 manuducit
972 1354 1006 1382 ad
1037 1353 1157 1382 divinam

307 1403 480 1440 sapientiam.

390 1451 433 1479 19.
456 1450 614 1479 Secundum
636 1450 719 1478 etiam
740 1450 815 1478 hunc
836 1449 949 1477 modum
971 1450 1013 1477 est
1034 1447 1158 1484 reperire

165 1497 334 1528 nodutum-in
357 1497 557 1526 illuminatione
578 1496 729 1525 natm-alis
746 1494 964 1533 philosophiae,
986 1494 1068 1524 cuius
1082 1494 1158 1531 prin-

177 1525 539 1596 Eog'ffisscipalisintentio
561 1547 690 1573 versatur
711 1543 786 1572 circa
811 1542 941 1571 ralimies
969 1540 1111 1579 formale-s·
1130 1540 1158 1569 in

197 1594 200 1599 “
306 1592 450 1626 maceria,
472 1592 500 1621 in
521 1592 626 1620 anima
650 1594 677 1619 et
707 1591 735 1619 in
767 1589 1055 1626 (liviuasapumtia.
1085 1588 1159 1624 Quas

307 1639 452 1676 tripliciter
483 1639 617 1675 contingit
646 1637 838 1671 considerare,
870 1636 974 1665 scilicet
1004 1634 1158 1664 secundum

307 1686 506 1716 habitudinem
524 1685 743 1723 proportionis,
758 1683 912 1713 secundum
933 1681 1063 1721 effectum
1087 1689 1159 1710 cau—

305 1733 435 1763 salimus
455 1736 483 1762 et
495 1733 648 1762 secundum
662 1732 794 1761 medium
812 1730 949 1764 um'mtiae
963 1732 991 1758 et
1005 1728 1159 1758 secundum

308 1781 376 1810 haec
402 1781 456 1809 tria
476 1783 519 1810 est
539 1780 664 1817 reperire
685 1779 740 1808 tria
759 1778 920 1816 praemissa.

386 1829 432 1857 20.
455 1828 482 1859 Si
503 1827 711 1857 consideremus
725 1834 773 1855 eas
790 1824 944 1855 secundum
959 1823 1160 1852 habitudinem

168 1875 525 1920 Pffiggffiffiproportionis,
540 1874 698 1903 videbimus
711 1873 738 1902 in
754 1873 794 1901 eis
814 1872 939 1900 Verbum
959 1874 1112 1900 aeternum
1133 1872 1160 1898 et

186 1924 293 1966 rroffiniw
314 1922 437 1950 Verbum
460 1922 660 1950 incarnatum.
688 1920 815 1949 Rationes
841 1918 1044 1947 intellectuales
1064 1920 1093 1946 et
1112 1917 1159 1945 ab·

251 1961 255 1965 ’
308 1972 427 1998 stractae
451 1968 530 2005 quasi
552 1968 658 1997 mediae
679 1970 746 1996 sunt
766 1967 838 1995 inter
858 1965 1012 1994 seminales
1032 1967 1060 1993 et
1081 1965 1160 1993 idea-

310 2015 348 2044 les
358 2016 379 2044 ⁴.
395 2015 446 2045 Sed
462 2015 582 2044 rationes
599 2014 752 2043 seminales
766 2022 820 2043 non
835 2016 952 2051 possunt
972 2020 1032 2042 esse
1050 2012 1078 2041 in
1096 2020 1160 2040 ma-

308 2062 400 2097 teria,
421 2062 489 2100 quin
511 2063 546 2091 sit
567 2062 594 2091 in
615 2070 648 2091 ea
668 2061 810 2099 generatio
830 2064 858 2090 et
872 2060 1018 2098 productio
1037 2060 1159 2093 formam

308 2109 436 2139 similiter
456 2118 507 2139 nec
527 2110 555 2138 in
576 2110 681 2138 anima
709 2107 1069 2141 rationes'intellectuales,
1090 2107 1160 2144 quin

168 2159 300 2185 Appiieafini.
308 2157 344 2186 sit
365 2157 506 2194 generatio
531 2157 607 2186 verbi
640 2157 667 2185 in
689 2159 797 2185 mente:
824 2164 891 2192 ergo
918 2163 969 2184 nec
994 2154 1101 2184 ideales
1127 2154 1159 2183 in
1186 2181 1189 2190 ,

820 149 865 178 DE
886 143 1096 179 n‘EDUCTIONE
1118 150 1241 179 turtum
1263 150 1306 178 An
1327 149 1549 179 THEOtOGtAM.

1215 228 1289 261 Deo,
1310 227 1378 264 quin
1400 228 1435 255 sit
1456 228 1601 263 productio
1624 229 1706 257 Verbi
1727 238 1743 257 a
1758 230 1836 259 Patre
1851 231 2005 261 secundum
2020 239 2063 260 re-

1214 277 1286 303 ctam
1308 274 1530 310 proportionem;
1553 275 1605 303 hoc
1635 276 1710 304 onim
1741 280 1782 305 est
1812 277 1968 313 dignitatis,
1993 282 2021 307 et
2041 279 2063 307 si

1215 320 1343 349 convenit
1371 324 1530 355 creaturae,
1551 322 1640 350 multo
1667 322 1767 351 fortius
1795 323 1889 351 inferri
1917 327 2006 360 potest
2029 326 2063 354 de

1214 367 1352 396 Creatore.
1376 368 1490 404 Propter
1518 368 1592 405 quod
1613 368 1686 397 dixit
1705 369 1875 405 Augustinus
1885 369 1907 404 ⁵,
1928 371 2002 407 quod
2023 372 2064 399 Fi-

1215 413 1269 442 lius
1297 414 1344 442 Dei
1373 417 1415 443 est
1440 422 1514 443 «ars
1542 414 1670 443 Patris».
1694 430 1731 435 —
1753 416 1876 449 Rursus,
1908 416 2104 452 appetitus,na
2120 426 2205 453 appetitu

1214 460 1262 497 qui
1285 463 1327 490 est
1347 461 1374 489 in
1396 462 1520 495 materia,
1542 462 1688 491 ordinatur
1709 461 1743 490 ad
1758 462 1879 491 rationes
1893 462 2064 492 intellectua-
2081 453 2100 466 ¹⁰
2114 451 2198 468 maana.

1215 507 1268 540 les,
1290 511 1321 536 ut
1343 508 1419 536 nullo
1440 509 1520 537 modo
1541 508 1663 545 perfecta
1684 509 1719 538 sit
1733 509 1890 546 generatio,
1905 509 1957 538 nisi
1972 509 2065 538 anima

1216 554 1357 583 rationalis
1371 555 1484 584 uniatur
1499 555 1630 584 materiae
1645 556 1781 593 corporali
1793 556 1813 584 ⁶.
1829 573 1867 576 —
1882 556 1932 585 Per
1946 556 2065 585 similem
2074 563 2206 588 Applica2102.

1216 600 1302 638 igitur
1321 601 1454 630 rationem
1475 605 1564 638 potest
1591 603 1688 640 argui,
1710 603 1784 640 quod
1806 611 1915 632 summa
1933 602 2065 639 perfectio

1217 650 1244 676 et
1258 647 1427 676 nobilissima
1442 648 1468 676 in
1484 649 1614 678 universo
1629 657 1689 678 esse
1703 658 1758 678 non
1777 649 1878 687 possit,
1894 649 1946 678 nisi
1964 652 2065 678 natura

1216 694 1244 723 in
1258 703 1315 731 qua
1329 698 1394 723 sunt
1408 695 1528 724 rationes
1541 696 1701 730 seminales,
1717 700 1744 725 et
1758 699 1871 730 natura,
1887 696 1915 725 in
1930 705 1986 733 qua
2000 700 2065 725 sunt

1216 740 1338 769 rationes
1359 740 1573 776 intellectuales,
1594 746 1622 771 et
1642 746 1759 777 natura,
1780 742 1808 771 in
1829 751 1886 779 qua
1903 745 1968 771 sunt
1982 742 2065 771 ratio-

1216 795 1266 817 nes
1287 787 1400 821 ideales,
1422 787 1505 816 simul
1525 792 1693 818 concurrant
1713 789 1741 818 in
1763 789 1896 818 unitatem
1917 797 2064 826 personae,

1216 835 1292 873 quod
1312 835 1416 864 sactum
1439 838 1480 864 est
1501 835 1529 863 in
1549 836 1606 864 Filii
1627 836 1675 865 Dei
1690 836 1887 865 incarnatione.
1904 852 1940 857 —
1956 837 2065 866 Praedi-
2079 844 2186 864 Conclusio.

1217 885 1261 911 cat
1281 882 1367 920 igitur
1388 884 1446 910 tota
1467 882 1601 911 naturalis
1622 883 1796 920 philosophia
1809 891 1859 920 per
1874 883 2064 912 habitudinem

1216 929 1405 967 proportionis
1435 929 1484 958 Dei
1513 929 1635 959 Verbum
1656 933 1751 959 natum
1773 933 1801 959 et
1822 930 2012 965 incarnatum,
2034 934 2065 959 ut

1216 977 1288 1006 idem
1309 976 1345 1005 sit
1365 975 1456 1014 alpha
1477 980 1502 1005 et
1523 985 1624 1014 omeya
1635 977 1656 1010 ⁷,
1671 979 1767 1006 natum
1789 976 1893 1006 scilicet
1913 977 1940 1006 in
1962 978 2065 1014 princi-

1215 1024 1262 1061 pio
1281 1027 1310 1053 et
1329 1026 1393 1053 ante
1415 1027 1555 1060 tempora,
1577 1023 1751 1053 incarnatum
1783 1031 1850 1052 vcro
1871 1024 1899 1052 in
1920 1024 1975 1053 fine
2006 1032 2065 1053 sae—

1215 1072 1352 1101 culorum.

1294 1120 1340 1147 21.
1353 1119 1379 1147 Si
1396 1127 1461 1147 vero
1476 1118 1683 1147 consideremus
1697 1118 1818 1147 rationes
1832 1118 1898 1147 istas
1911 1118 2064 1147 secundum
2101 1126 2194 1148 secundo.

1215 1165 1345 1204 effectum
1359 1166 1561 1200 causalitatis,
1576 1165 1781 1203 perpendemus
1791 1165 1923 1194 ordinem
1934 1165 2050 1195 vivendi
2054 1176 2062 1194 .·
2076 1149 2196 1192 3]ῗῖἶῖἓῖ

1215 1213 1346 1249 quoniam
1367 1213 1509 1250 generatio
1530 1222 1585 1242 non
1607 1216 1697 1250 potest
1718 1213 1777 1242 fieri
1799 1213 1828 1241 in
1849 1213 1966 1242 materia
1983 1221 2065 1250 gene-
2077 1197 2142 1215 mm&

1215 1259 1295 1289 rabili
1324 1263 1351 1288 et
1379 1260 1553 1297 corruptibili
1583 1260 1736 1289 secundum
1769 1260 1890 1289 rationes
1920 1260 2066 1289 seminales

1215 1307 1267 1336 nisi
1283 1307 1416 1336 beneficio
1431 1307 1544 1336 luminis
1559 1315 1708 1344 corporum
1724 1306 1979 1344 supercaelestium,
1994 1315 2065 1344 quae
2103 1331 2105 1333 ,

1215 1353 1380 1391 elongantur
1408 1362 1424 1382 a
1451 1354 1628 1391 generatione
1655 1357 1683 1382 et
1711 1353 1903 1390 corruptione,
1926 1353 2030 1382 scilicet
2049 1361 2066 1381 a

1214 1400 1287 1434 sole,
1306 1400 1380 1429 luna
1407 1404 1434 1430 et
1461 1401 1548 1430 stellis
1559 1401 1579 1428 ⁸.
1600 1416 1636 1421 —
1660 1401 1710 1430 Per
1738 1401 1814 1430 hunc
1841 1400 1924 1429 etiam
1952 1399 2064 1429 modum
2079 1408 2194 1432 Applicatio.

1214 1447 1306 1476 anima
1327 1456 1381 1476 non
1401 1451 1490 1485 potest
1510 1456 1596 1485 opera
1617 1448 1680 1477 viva
1700 1448 1806 1482 tacere,
1821 1447 1873 1476 nisi
1897 1446 2030 1484 suscipiat
2050 1454 2066 1474 a

1215 1495 1287 1528 sole,
1303 1495 1329 1523 id
1344 1498 1385 1524 est
1399 1504 1415 1524 a
1429 1496 1553 1530 Christo,
1573 1496 1685 1533 gratuiti
1709 1495 1822 1524 luminis
1842 1495 2024 1527 beneficium,
2039 1496 2066 1522 et

1216 1541 1267 1569 nisi
1282 1545 1469 1579 consequatur
1490 1543 1577 1580 ipsius
1598 1543 1695 1576 lunae,
1710 1543 1737 1571 id
1752 1545 1794 1571 est
1814 1542 1935 1579 Virginis
1950 1542 2065 1575 Mariae,

1216 1588 1310 1617 Matris
1327 1588 1428 1617 Christi
1447 1590 1646 1626 patrocinium,
1666 1593 1694 1618 et
1714 1589 1765 1618 nisi
1795 1590 1919 1618 imitetur
1946 1589 2065 1617 aliorum

1216 1635 1381 1663 Sanctorum
1396 1637 1538 1672 exempla3
1558 1645 1593 1665 ex
1616 1644 1737 1673 quorum
1759 1644 1898 1665 concursu
1917 1643 2065 1672 congrege-

1217 1681 1306 1710 turin
1328 1682 1387 1718 ipsa
1407 1691 1477 1719 opus
1497 1683 1591 1712 vivum
1613 1687 1697 1720 atque
1718 1683 1880 1720 perfectum.
1903 1682 1978 1711 Unde
1997 1682 2065 1710 ordo

1217 1728 1326 1757 vivendi
1348 1728 1448 1764 pendet
1470 1729 1497 1758 in
1512 1730 1610 1759 trihus.

1296 1776 1343 1804 22.
1365 1775 1391 1803 Si
1406 1778 1497 1804 autem
1520 1777 1727 1806 consideremus
1745 1777 1812 1805 istas
1833 1776 1953 1805 rationes
1967 1783 2208 1810 secun-renio,quoad

1216 1822 1283 1851 dum
1309 1822 1428 1851 unionis
1448 1823 1593 1857 medium,
1612 1823 1809 1860 intelligemus,
1832 1831 1882 1859 per
1906 1831 1989 1859 quem
2008 1831 2066 1851 mo·
2090 1807 2173 1850 Ε’ἷὲῗιῗὲῗ]
2189 1812 2209 1825 ““

1217 1870 1284 1899 dum
1305 1869 1354 1898 fiat
1374 1870 1445 1898 unio
1466 1870 1583 1898 aninum
1604 1871 1645 1899 ad
1674 1871 1773 1899 Deum.
1795 1871 1863 1899 Nam
1884 1873 1985 1899 natura
2006 1877 2066 1898 cor—

1217 1916 1320 1954 poralis
1340 1916 1447 1945 animae
1468 1925 1523 1945 non
1551 1920 1641 1953 potest
1667 1917 1757 1951 uniri,
1778 1917 1831 1946 nisi
1852 1917 1989 1946 mediante
2014 1916 2066 1944 hu-

1218 1972 1312 1998 more,
1342 1963 1479 1992 mediante
1506 1964 1606 2000 spiritu
1638 1968 1665 1992 et
1695 1964 1832 1993 mediante
1860 1964 1967 1998 calore,
1995 1971 2066 2001 quae

1218 2011 1271 2039 tria
1290 2010 1442 2047 disponunt
1461 2018 1574 2038 carnem
1584 2032 1591 2043 ,
1606 2012 1638 2038 ut
1651 2010 1735 2039 vitam
1749 2011 1881 2047 suscipiat
1895 2011 1929 2039 ab
1943 2010 2035 2039 anima
2046 2010 2065 2037 ⁹.

1218 2074 1254 2079 —
1270 2057 1428 2087 Secundum
1451 2058 1503 2086 hoc
1524 2057 1606 2085 etiam
1628 2056 1806 2093 intelligitur,
1828 2057 1902 2094 quod
1924 2058 1998 2086 Deus
2012 2065 2066 2086 non
2081 2065 2195 2090 Appii-:aim

1217 2108 1339 2142 praestat
1360 2104 1445 2133 vitam
1465 2103 1573 2133 animae
1593 2111 1643 2132 nec
1658 2103 1681 2132 ei
1698 2103 1804 2137 unitur,
1819 2103 1871 2131 nisi
1886 2104 1921 2132 sit
1942 2103 2066 2131 humida

1217 2160 1267 2190 per
1287 2152 1420 2190 gemitum
1441 2150 1661 2188 compunctionis
1681 2152 1709 2179 et
1729 2149 1853 2187 pietatis,
1879 2149 1930 2177 nisi
1952 2150 1987 2178 sit
2006 2149 2066 2186 spi-

374 2326 381 2340 ¹
400 2328 418 2350 ll
435 2327 528 2351 ratione
544 2327 662 2350 audientis
679 2326 716 2350 vel
732 2326 795 2356 finis.
820 2326 915 2348 Interius
938 2332 980 2354 pro
1003 2325 1090 2355 aliquis
1113 2326 1159 2348 ssde

311 2368 329 2390 Α
338 2368 355 2390 Β
365 2367 382 2390 C
390 2368 410 2390 D
418 2368 435 2390 Ε
445 2368 463 2390 G
480 2369 503 2390 et
518 2367 539 2394 1,
551 2368 564 2389 2
582 2366 747 2389 substituimus
755 2365 847 2395 aliquid
859 2365 999 2391 (subiectum
1011 2368 1046 2387 est
1055 2365 1158 2393 sermo),

311 2410 333 2430 et
349 2413 402 2430 curn
420 2406 436 2430 C
455 2406 523 2430 unita
540 2406 602 2436 [scil.
618 2406 655 2428 illa
672 2406 727 2433 tria,
745 2408 770 2428 ut
786 2405 856 2428 etiam
873 2404 980 2434 inferius]
996 2411 1040 2433 pro
1059 2404 1158 2427 unitam.

373 2445 382 2459 ²
400 2447 423 2469 ln
440 2446 512 2474 Epist.
528 2446 590 2468 toan.
607 2448 635 2468 tr.
650 2446 672 2468 3.
688 2451 712 2467 n.
725 2445 767 2472 13,
779 2450 806 2467 ex
823 2451 871 2473 quo
888 2444 957 2466 etiam
975 2443 1046 2466 verbe
1064 2444 1159 2466 inferius

311 2487 385 2516 posim
408 2486 547 2510 cathedram
569 2484 638 2509 hahet
659 2488 716 2512 eum
734 2485 756 2507 in
773 2485 835 2507 loan.
852 2485 940 2511 Evang.
957 2486 985 2505 tr.
1002 2480 1043 2506 20.
1057 2490 1081 2506 n.
1098 2485 1121 2506 3.
1137 2487 1159 2506 et

310 2530 339 2549 tr.
350 2527 389 2549 26.
400 2532 424 2548 n.
435 2526 461 2553 7;
474 2526 504 2548 de
515 2525 636 2553 Magistro,
649 2531 669 2547 e.
682 2525 719 2547 11.
730 2529 752 2546 n.
766 2524 804 2546 38.
814 2529 893 2552 seqq.;
906 2524 1008 2546 Enarrat.
1025 2524 1046 2546 in
1060 2524 1096 2546 Ps.
1106 2524 1159 2546 ΜΒ.

312 2571 382 2587 serm.
400 2565 436 2587 18.
455 2572 477 2587 n.
496 2565 522 2591 43
539 2565 555 2586 l.
572 2565 601 2587 de
623 2564 739 2586 Peccator.
761 2563 848 2585 meritis
865 2565 909 2585 etc.
925 2569 945 2585 c.
963 2562 1001 2585 25.
1018 2569 1041 2585 n.
1058 2562 1097 2585 37.
1113 2562 1159 2585 Ctr.

312 2607 368 2626 tom.
385 2605 409 2626 ll.
426 2610 486 2631 pag.>
498 2604 557 2630 690,
573 2606 628 2626 nota
646 2604 668 2625 1.
685 2606 707 2625 et
724 2605 780 2625 torn.
797 2603 830 2625 lll.
847 2608 901 2630 pag.
919 2602 977 2628 895,
995 2604 1047 2624 nota
1069 2602 1088 2623 1.

374 2641 384 2655 ³
399 2642 470 2665 Hebr.
489 2643 496 2664 vl
509 2659 514 2669 ,
527 2643 550 2665 3.
566 2643 645 2665 Plures
662 2642 732 2665 codd.
745 2643 847 2671 portans
864 2641 981 2670 [Vulgata
996 2641 1158 2670 portansque]

310 2682 393 2704 omma
405 2680 490 2704 virtvte
500 2687 554 2704 sua.
564 2692 596 2697 —
607 2681 641 2703 De
652 2680 781 2708 Augustino
793 2681 834 2702 cl‘r.
845 2685 915 2707 supra
933 2680 1026 2708 Quaest.
1043 2680 1073 2701 de
1089 2679 1160 2702 scien-

312 2720 342 2742 tie
361 2720 457 2747 Clu-isti,
474 2727 498 2748 q.
516 2720 542 2746 4,
560 2722 583 2741 et
599 2720 737 2747 opusculum
756 2725 768 2740 a
786 2718 853 2741 nobis
875 2719 962 2741 editum
988 2719 1017 2741 de
1038 2719 1160 2742 Humanae

312 2758 455 2787 Cognitionis
472 2759 569 2781 ratione.

374 2797 384 2810 ⁴
401 2798 447 2821 Cir.
464 2799 489 2820 ll.
506 2799 568 2823 Sent.
586 2798 610 2820 d.
630 2798 664 2819 18.
682 2803 703 2819 a.
721 2797 742 2819 1.
759 2804 783 2825 q.
800 2798 821 2819 4.
842 2804 891 2826 seq.
908 2809 939 2814 --
956 2798 989 2819 De
1011 2798 1160 2825 generatione

314 2839 402 2860 formae
418 2838 472 2860 vide
489 2837 594 2863 Aristot.,
613 2837 641 2858 V.
659 2836 749 2863 Physic.
767 2838 819 2858 text.
836 2836 859 2857 7.
877 2836 906 2861 (c.
924 2836 968 2863 ⁴.),
981 2837 995 2859 l.
1008 2837 1037 2859 dc
1053 2838 1160 2859 Generat.

313 2879 335 2898 et
351 2879 453 2904 corrupt.
470 2879 522 2899 text.
540 2877 578 2898 11.
594 2882 660 2904 seqq.
678 2875 707 2903 (c.
726 2875 756 2902 3.)
775 2877 797 2896 et
813 2874 857 2896 Vll.
870 2875 968 2903 ltletsph.
980 2878 1033 2898 text.
1044 2877 1083 2898 22.
1094 2881 1160 2904 seqq.

314 2915 362 2943 (Vl.
378 2921 398 2937 c.
413 2915 456 2944 7.).
471 2927 503 2932 —
520 2915 623 2937 Vocibus
642 2914 749 2938 Rationes
766 2913 935 2937 intellectuales
950 2914 1048 2937 ABDF
1066 2915 1160 2937 intense

313 2957 367 2977 runt
383 2954 454 2977 enim.
471 2954 567 2976 Interius
584 2960 626 2982 pro
643 2953 668 2976 in
685 2954 761 2976 mente
779 2952 901 2975 ABCFH
918 2959 934 2975 a
950 2954 1034 2975 mente.

1278 2323 1288 2335 ⁵
1305 2323 1366 2346 Libr.
1385 2324 1422 2345 Vl.
1444 2324 1472 2345 de
1496 2323 1560 2345 Trin.
1582 2329 1602 2344 c.
1621 2322 1657 2344 lO.
1679 2328 1702 2343 n.
1730 2321 1763 2342 ll.
1784 2319 1830 2343 Csr.
1852 2325 1922 2346 supra
1944 2324 1998 2346 pag.
2028 2318 2065 2344 12,

1215 2367 1270 2386 nota
1286 2363 1310 2385 7.
1326 2364 1372 2385 KL
1389 2369 1432 2385 ars
1449 2362 1557 2386 omnium
1573 2361 1696 2385 rationum
1713 2359 1840 2383 viventium
1857 2361 1901 2380 etc.

1279 2401 1289 2414 ‘³
1306 2404 1425 2431 Quatenus
1447 2408 1489 2430 per
1511 2402 1612 2424 animam
1637 2401 1790 2423 immortalem
1815 2398 1931 2427 appetitus
1957 2396 2066 2420 materiae

1217 2443 1359 2465 terminatur.
1377 2441 1424 2464 Csr.
1441 2442 1463 2463 11.
1483 2441 1544 2463 Sciit.
1563 2441 1586 2463 d.
1604 2440 1641 2462 17.
1659 2446 1679 2462 a.
1698 2440 1719 2461 1.
1736 2446 1760 2467 q.
1777 2440 1799 2462 2.
1816 2438 1845 2460 ad
1857 2438 1879 2460 6.
1891 2440 1914 2459 et
1924 2436 1948 2459 d.
1963 2437 1999 2458 19.
2010 2442 2032 2458 a.
2048 2436 2066 2458 1.

1216 2489 1240 2511 q.
1258 2482 1278 2504 sl.
1297 2482 1319 2504 in
1337 2488 1403 2509 corp.

1280 2520 1287 2532 ⁷
1306 2522 1379 2549 Apoc.
1406 2521 1427 2547 l,
1451 2521 1476 2546 8,
1499 2520 1536 2546 21,
1559 2520 1581 2541 ti.
1606 2521 1629 2541 et
1651 2519 1692 2545 22,
1718 2518 1754 2540 la.
1777 2516 1822 2540 Ctr.
1845 2515 1960 2543 Breviloq.
1982 2520 2007 2541 p.
2029 2513 2064 2535 lV.

1217 2567 1237 2582 c.
1255 2561 1276 2582 11.
1294 2562 1316 2582 et
1334 2560 1354 2582 4.

1280 2597 1289 2610 ⁸
1307 2599 1366 2621 Vide
1383 2598 1498 2627 Erexiloq.
1517 2604 1539 2626 p.
1558 2598 1581 2620 ll.
1599 2604 1618 2620 c.
1637 2598 1659 2619 3.
1676 2599 1698 2619 ct
1715 2597 1736 2619 4.
1750 2608 1781 2612 —
1794 2594 1905 2623 Superius
1926 2599 1968 2621 pro
1985 2591 2065 2621 benefi-

1217 2640 1252 2663 cio
1269 2640 1286 2662 C
1302 2638 1417 2668 suscipiat
1433 2637 1579 2667 beneficium.
1595 2637 1717 2666 Aliquanto
1735 2635 1830 2658 inferius
1846 2633 1893 2656 fide
1909 2632 1998 2655 ACDE
2013 2631 2065 2653 sub·

1217 2678 1332 2701 stituimus
1349 2684 1409 2707 opus
1428 2677 1505 2700 vivum
1524 2683 1566 2704 pro
1584 2683 1644 2706 opus
1661 2682 1745 2699 unum.

1279 2716 1289 2729 ¹³
1307 2718 1353 2740 Cl'r.
1370 2717 1455 2739 Altrcdi
1478 2716 1566 2744 Anglici
1584 2716 1622 2738 lib.
1646 2716 1675 2738 de
1697 2716 1758 2737 Motu
1780 2712 1869 2739 cordiS,
1890 2713 1913 2734 et
1928 2710 2065 2734 Costa-Ben-

1217 2758 1293 2780 Lucac
1305 2756 1344 2779 lib.
1356 2756 1386 2778 de
1397 2755 1527 2778 Disserentia
1540 2755 1630 2777 animae
1643 2757 1665 2776 et
1676 2753 1770 2782 spiritus
1783 2752 1831 2781 (ed.
1842 2749 1969 2773 lnnshruck
1986 2748 2065 2776 4878).

1218 2797 1277 2819 Vide
1294 2799 1350 2818 tom.
1369 2796 1405 2818 lV.
1423 2801 1477 2823 pag.
1495 2794 1552 2821 848,
1570 2797 1622 2817 nom
1642 2794 1662 2816 4.
1680 2796 1703 2816 et
1720 2798 1773 2820 pag.
1792 2790 1845 2817 907,
1857 2792 1911 2812 nota
1928 2790 1954 2815 9,
1973 2790 2027 2811 tom.
2041 2788 2064 2809 ll.

1218 2842 1272 2864 pag.
1291 2835 1348 2862 421,
1366 2837 1419 2856 nota
1439 2834 1457 2855 1.
1476 2839 1524 2862 seq.
1543 2836 1565 2855 et
1586 2839 1640 2861 pag.
1659 2832 1716 2858 424,
1738 2832 1791 2853 nota
1809 2830 1830 2852 3.
1851 2829 1897 2852 Csr.
1913 2828 1982 2850 etiam
2004 2827 2063 2854 Hug.

1218 2882 1231 2897 a
1249 2876 1270 2897 S.
1290 2875 1349 2897 Vict.
1365 2874 1504 2902 opusculim‘i
1528 2873 1557 2895 de
1578 2873 1666 2895 Unione
1684 2870 1788 2898 corporis
1804 2872 1827 2891 et
1843 2868 1983 2891 animae.—
1994 2865 2063 2888 ABG

1219 2914 1288 2936 DFL
1305 2912 1403 2942 recipiat
1420 2911 1449 2935 ab
1466 2911 1556 2934 anana.
1574 2910 1685 2939 Superius
1702 2915 1728 2934 nr
1763 2907 1794 2931 (ld
1810 2908 1886 2931 Deum
1903 2906 1946 2929 ΑΒ
1964 2907 1985 2928 el
2002 2904 2052 2928 Dei.
