2285 3398
627 189 669 218 DE
694 188 916 218 PERFECTIONE
940 186 1140 216 EVANGELICA
1163 186 1298 223 QUAEST.
1324 186 1350 214 ll.
1374 187 1444 215 ΛΒΤ.
1469 186 1495 214 Il.
1884 184 1937 214 135
1965 182 1968 185 ’

179 270 250 309 quid
264 269 444 303 desideretis,
460 269 561 297 nedum
577 268 694 306 rogetis,
711 268 753 297 vel
768 268 869 297 tollatis
881 279 907 296 ».
923 267 949 296 Si
964 275 1030 304 ergo

180 318 243 355 plus
263 320 304 346 cst
325 325 432 354 royare
453 316 496 345 vel
515 319 609 353 petere
637 324 721 353 quam
742 319 891 359 appetere,
919 318 946 344 et
973 314 1030 352 pri-

178 372 256 393 mum
279 366 410 401 tanquam
430 363 556 392 illicitum
578 363 613 392 ab
634 364 761 401 apostolo
782 363 963 400 prohibetur,
978 362 1030 392 sci-

179 411 242 440 licet
262 410 430 439 desiderare
450 411 493 440 vel
514 413 645 448 appetere
667 410 742 448 quod
763 413 804 439 est
818 410 947 440 alterius:
963 417 1030 447 ergo

178 458 267 487 multo
287 457 387 486 fortius
405 460 506 495 petere.

258 506 284 533 8.
308 505 389 540 Item,
418 505 523 542 primae
551 505 585 533 ad
613 504 870 534 Thessalonicenses
891 504 1029 542 quinto¹:

185 565 198 578 «
215 554 364 591 Royarnus
385 561 452 587 vos,
477 556 511 581 ut
530 552 670 581 noveritis
690 561 736 581 eos
757 552 809 590 qui
829 552 965 581 laborant
986 552 1030 581 in-

179 603 221 628 ter
242 608 292 628 vos
313 603 338 628 et
356 603 501 637 praesunt
521 598 601 627 vobis
623 599 654 627 in
677 599 816 632 Domino‚·
836 598 944 627 Glossa:
965 599 1030 628 «Si-

179 649 227 675 cut
247 646 358 675 divitiae
380 646 573 683 negligentiam
596 646 709 683 pariunt
730 646 842 680 salutis,
857 645 895 675 sic
910 648 1029 683 egestas,

173 693 246 721 dum
275 693 395 721 saturari
425 692 516 729 cupit,
538 701 554 721 a
575 692 680 721 iustitia
700 692 818 722 declinat
832 704 859 727 »;
882 692 929 722 sed
956 693 1031 730 quod

178 740 242 769 facit
263 736 402 769 declinare
416 748 432 768 a
447 739 552 768 iustitia
566 748 620 768 non
640 740 759 777 pertinet
780 740 812 769 ad
835 740 1030 777 perfectionem

178 787 384 824 evangelicam:
406 795 472 823 ergo
493 789 544 815 etc.

259 834 284 861 9.
308 834 391 867 Item,
414 833 551 861 secundae
572 834 605 862 ad
628 835 885 865 Thessalonicenses
907 835 1029 864 tertio²z

179 880 213 908 Si
232 880 297 918 qais
318 884 378 908 nori
400 880 459 908 citit
480 881 616 917 operari,
639 890 698 910 'non
717 882 893 916 mammet,-
914 881 1028 911 Glossa:

183 938 196 952 «
211 927 276 955 Vult
298 927 457 963 Apostolus,
480 935 575 957 servos
597 929 644 957 Dei
666 929 847 966 corporaliter
861 929 1031 966 operari,ut

177 973 296 1002 habeant
310 973 384 1002 unde
399 974 507 1009 vivant,
523 978 550 1003 et
565 984 619 1004 non
635 977 838 1013 compellantur
848 978 969 1013 egestate
983 977 1030 1004 'ne-

172 1021 296 1050 ¹cessaria
310 1024 404 1057 petere
416 1032 443 1057 »3
459 1022 506 1051 sed
522 1023 573 1052 hoc
589 1027 630 1052 est
644 1024 875 1053 mendicantium:
891 1031 957 1060 ergo
972 1031 1030 1052 ser-

179 1076 278 1097 vorum
300 1068 348 1096 Dei
370 1076 425 1097 non
440 1071 481 1097 est
496 1070 670 1106 mendicare,
693 1071 846 1100 secundum
861 1071 1028 1107 Apostolum.

261 1116 303 1143 10.
328 1115 410 1149 Item,
432 1116 526 1145 eodem
544 1118 665 1154 capitulo
680 1126 764 1155 super
779 1117 846 1146 illud
858 1117 888 1145 ⁸:
916 1117 951 1145 Ut
966 1115 1030 1153 for-

179 1171 258 1191 mam
279 1162 419 1191 daremus
444 1163 544 1197 vobis,·
566 1165 678 1194 Glossa:
706 1165 786 1202 «Qui
807 1165 967 1201 frequenter
994 1164 1029 1192 ad

179 1210 295 1239 alienam
317 1218 439 1239 mensam
462 1213 605 1247 convenit,
627 1214 683 1241 otio
703 1212 826 1246 deditus,
849 1219 959 1240 necesse
974 1214 1028 1245 est,

179 1261 211 1287 ut
232 1258 360 1286 aduletur
382 1259 504 1294 pascenti
526 1267 554 1288 se
569 1271 596 1294 »;
619 1261 667 1289 sed
680 1260 785 1289 adulari
801 1262 842 1288 est
857 1259 1028 1287 contrarium

180 1304 287 1334 veritati
310 1307 337 1333 et
358 1305 538 1341 perfectioni:
560 1314 626 1344 ergo
647 1310 699 1336 etc.

261 1353 303 1380 11.
328 1352 410 1385 Item,
432 1351 521 1381 Causa
540 1353 719 1388 duodecima,
741 1353 901 1391 quaestione
922 1352 1027 1389 prima,

187 1399 314 1428 Videntes
325 1399 346 1432 4,
359 1398 424 1427 dicit
438 1399 566 1428 Urbanus
582 1400 667 1437 Papa,
683 1401 757 1438 quod
777 1412 790 1425 «
805 1400 925 1437 episcopi
940 1399 1028 1433 omni-

180 1448 233 1476 bus
255 1445 393 1475 conununi
416 1446 472 1474 vita
491 1446 584 1475 vivere
605 1448 762 1477 volentibus
783 1447 941 1476 ministrare
960 1455 1028 1475 cun-

180 1497 223 1523 cta
252 1493 404 1523 necessaria
432 1492 547 1527 debent,
576 1498 660 1530 prout
691 1495 791 1524 melius
822 1498 968 1532 poterunt,
997 1496 1028 1522 ut

181 1550 262 1570 nemo
290 1541 316 1569 in
345 1540 384 1569 eis
411 1547 495 1577 egens
516 1540 714 1570 inveniatur».
739 1543 770 1571 Et
792 1546 871 1580 post:
899 1542 951 1570 «Si
980 1541 1028 1570 ali—

180 1590 243 1626 quis
263 1588 402 1617 exstiterit
416 1587 555 1617 modernis
576 1591 625 1617 aut
646 1590 749 1620 suturis
771 1590 959 1627 temporibus,
981 1589 1028 1627 qui

180 1637 232 1665 hoc
253 1636 371 1665 avellere
389 1634 509 1669 nitatur,
526 1635 578 1663 iam
594 1636 667 1666 dicta
681 1637 856 1667 damnatione
871 1638 986 1666 feriatur
1002 1647 1028 1665 »s

179 1692 245 1721 ergo
276 1685 370 1712 contra
401 1682 546 1711 canonicas
577 1685 732 1714 sanctiones
760 1689 814 1720 est,
843 1685 918 1723 quod
945 1684 1029 1721 aliqui

179 1731 272 1759 vivant
293 1730 348 1759 vita
375 1729 512 1758 communi
543 1730 570 1758 in
598 1731 731 1766 Ecclesia,
753 1733 858 1770 egendo
879 1736 905 1761 et
926 1731 1029 1761 mendi-

181 1778 267 1807 cando
288 1778 315 1806 in
337 1785 376 1806 ea.

263 1827 303 1853 12.
326 1825 407 1857 Item,
429 1823 462 1852 de
484 1824 709 1861 Conseri-atione,
729 1827 904 1856 distinctione
919 1826 1030 1864 prima5

179 1873 336 1905 inhibetur,
365 1879 400 1900 ne
425 1871 539 1899 ecclesia
560 1877 755 1909 consecretur,
778 1876 829 1904 nisi
852 1875 930 1912 prius
956 1874 1030 1903 dote-

180 1922 245 1948 tur.-
268 1927 334 1956 ergo
355 1918 376 1947 si
399 1918 514 1947 ecclesia
535 1925 588 1946 non
610 1919 691 1949 debet
713 1922 884 1956 consecrari,
910 1922 961 1950 nisi
982 1921 1031 1950 ha—

179 1967 261 1995 beant
283 1966 354 1994 unde
377 1968 568 1994 sustententur
590 1967 637 2003 qui
660 1969 686 1996 in
709 1978 740 1998 ea
758 1970 929 2003 ministrant,
944 1969 1031 1997 multo

1087 265 1186 294 fortius
1208 273 1257 294 nec
1279 265 1371 302 aliqua
1393 265 1488 301 religio
1510 265 1613 294 institui
1643 265 1723 294 dehet
1752 265 1810 293 sine
1833 271 1939 301 posses-

1088 313 1163 342 sione
1185 312 1375 341 sustentativa.

1169 360 1211 389 13.
1236 360 1317 394 Item,
1346 360 1373 388 in
1398 360 1459 389 iure
1480 360 1551 389 civili
1574 360 1731 395 inhibetur,
1754 360 1828 398 quod
1858 358 1939 388 validi

1087 415 1141 436 non
1163 407 1333 441 mendicent,
1357 407 1414 444 lege
1435 407 1468 436 de
1490 407 1706 436 mendicantibus
1730 407 1868 441 validis⁸;
1890 406 1937 435 sed

1088 454 1173 491 magis
1194 454 1275 483 debet
1296 462 1355 483 esse
1377 454 1502 483 ordinata
1523 454 1641 483 Ecclesia
1660 463 1745 491 quam
1761 453 1936 491 respublica:

1087 501 1109 530 si
1124 509 1203 539 ergo,
1219 501 1293 538 quod
1315 501 1396 530 validi
1418 502 1584 536 mendicent,
1603 504 1644 530 est
1658 504 1755 530 contra
1770 504 1871 530 rectam
1887 508 1938 538 gu-

1087 548 1277 578 bernationem
1293 549 1477 586 reipublicae,
1493 549 1580 577 multo
1602 548 1689 585 magis
1703 551 1744 577 est
1758 551 1855 577 contra
1872 547 1938 577 sub-

1088 596 1232 625 limitatem
1254 596 1430 633 perfectionis
1451 596 1630 633 evangelicae.

1170 644 1212 672 llt.
1237 644 1320 679 Item,
1342 644 1395 673 hoc
1416 644 1506 681 ipsum
1527 643 1681 672 ostenditur
1699 643 1820 671 ratione.
1838 643 1939 672 Mendi-
1951 651 2083 678 Argeum·

1087 699 1150 720 care
1172 694 1213 720 est
1233 699 1305 728 opus
1326 691 1503 725 indifferens3
1520 690 1566 719 sed
1581 690 1739 719 indifferens
1754 698 1807 719 non
1824 690 1854 719 fit
1868 698 1939 727 opus
1977 677 2036 694 '¹⁰⁹⁰'

1087 738 1263 776 perfectionis
1284 747 1333 776 per
1355 738 1521 768 additionem
1543 738 1620 772 finis,
1647 737 1718 767 sicut
1746 741 1861 774 apparet
1881 745 1939 766 ma-

1087 786 1184 815 nifeste
1205 786 1233 815 in
1261 786 1322 816 aliis
1345 787 1496 824 operibus,
1519 788 1550 815 ut
1570 786 1610 814 ire
1631 785 1665 813 ad
1686 785 1830 814 ecclesiam
1852 788 1878 814 et
1900 785 1940 814 sa-

1087 842 1150 863 cere
1172 834 1393 871 eleemosynam:
1416 842 1482 872 ergo
1503 837 1553 863 etc.

1170 882 1212 909 15.
1236 881 1318 916 Item,
1344 881 1521 919 perfectionis
1549 884 1590 910 est
1620 880 1706 918 gratis
1734 884 1761 910 et
1789 881 1940 910 liberaliter

1088 929 1193 957 servire
1215 931 1242 958 et
1262 929 1443 966 obligationes
1465 932 1641 966 peccatorum
1663 928 1806 965 refugere;
1829 928 1875 957 sed
1890 928 1939 966 qui

1088 975 1289 1012 eleemosynam
1312 976 1409 1013 recipit
1436 976 1538 1013 obligat
1566 984 1594 1005 se
1614 975 1649 1005 ad
1676 975 1939 1005 interveniendum⁷

1088 1030 1139 1059 pro
1153 1023 1272 1059 peccatis
1285 1024 1394 1052 alienis:
1409 1023 1430 1052 si
1447 1032 1513 1060 ergo
1527 1023 1655 1060 obligatio
1670 1022 1828 1051 huiusmodi
1850 1023 1940 1060 perse-

1088 1069 1169 1097 ctioni
1192 1077 1246 1097 non
1269 1073 1419 1104 consonat,
1441 1078 1507 1107 ergo
1528 1073 1579 1098 etc.

1169 1116 1212 1143 16.
1236 1116 1318 1150 Item,
1341 1116 1500 1145 huiusmodi
1523 1117 1570 1153 qui
1592 1116 1749 1145 mendicant
1774 1124 1810 1145 ex
1833 1117 1939 1153 profes-

1087 1162 1162 1191 sione
1184 1166 1232 1191 aut
1248 1163 1300 1191 hoc
1315 1163 1435 1197 faciunt,
1457 1164 1522 1200 quia
1534 1172 1698 1200 pauperes,
1714 1167 1763 1192 aut
1776 1164 1842 1201 quia
1853 1173 1942 1201 prae-

1087 1210 1239 1238 dicatores.
1262 1210 1288 1238 Si
1310 1210 1377 1247 quia
1394 1214 1561 1248 pauperes:
1583 1219 1649 1248 ergo
1670 1219 1767 1240 omnes
1790 1219 1941 1248 pauperes,

1086 1256 1134 1294 qui
1155 1257 1325 1292 mendicant,
1347 1258 1460 1294 perfecti
1483 1260 1563 1292 sunt,
1585 1258 1660 1295 quod
1675 1261 1716 1287 est
1731 1262 1827 1288 contra
1849 1260 1941 1297 Augu-

1086 1303 1190 1332 stinum
1212 1304 1239 1332 in
1261 1303 1333 1333 libro
1353 1304 1387 1333 de
1408 1304 1499 1342 Opere
1520 1305 1721 1338 monachorum
1735 1305 1762 1341 ³,
1784 1306 1832 1344 qui
1848 1314 1943 1343 repre-

1087 1351 1182 1380 hendit
1203 1351 1353 1381 monachos
1374 1350 1562 1381 mendicantes
1583 1356 1610 1381 et
1632 1353 1700 1381 nihil
1722 1354 1833 1391 operari
1848 1354 1942 1384 volen-

1086 1401 1135 1428 tes.
1151 1398 1177 1427 Si
1192 1398 1259 1436 quia
1273 1399 1510 1436 praedicatores.-
1527 1408 1592 1438 ergo
1607 1401 1702 1430 nullus
1717 1401 1789 1430 inter
1804 1410 1851 1431 eos
1865 1410 1943 1431 men-

1085 1446 1178 1475 dicare
1198 1446 1295 1481 debet,
1324 1447 1372 1484 qui
1401 1455 1455 1476 non
1485 1448 1643 1484 praedicat;
1666 1449 1747 1478 cuius
1769 1449 1942 1479 contrarium

1086 1493 1214 1522 videmus
1234 1487 1292 1523 tota
1312 1494 1364 1523 die.

1169 1543 1211 1570 17.
1242 1542 1325 1577 Item,
1354 1543 1514 1580 praedIcare
1543 1546 1584 1572 est
1611 1544 1679 1581 quid
1706 1544 1865 1581 spirituale;
1895 1545 1943 1574 sed

1086 1589 1134 1626 qui
1163 1589 1308 1626 spirituale
1339 1590 1386 1620 dat
1414 1593 1440 1620 et
1470 1592 1622 1628 temporale
1649 1592 1749 1629 accipit
1776 1592 1873 1621 similis
1901 1595 1943 1621 est

1086 1637 1175 1671 Giezi,
1204 1637 1251 1675 qui
1277 1638 1423 1675 pecuniam
1445 1639 1550 1675 accepit
1571 1647 1587 1667 a
1608 1639 1728 1668 Naaman
1750 1640 1867 1668 obtentu
1896 1640 1942 1669 be-

1087 1685 1177 1713 neficii
1199 1685 1351 1721 spiritualis
1371 1686 1451 1722 prius
1472 1686 1522 1714 sibi
1538 1686 1656 1715 exhibiti
1669 1686 1695 1721 ⁹3
1712 1687 1764 1715 hoc
1785 1690 1879 1716 autem
1901 1691 1943 1717 est

1087 1732 1262 1760 damnabile:
1284 1740 1351 1769 ergo
1373 1732 1528 1762 damnabile
1556 1736 1598 1762 est
1625 1734 1809 1771 praedicatori
1837 1735 1942 1764 mendi-

1088 1786 1166 1807 care:
1188 1786 1254 1815 ergo
1276 1787 1331 1807 non
1352 1782 1394 1808 est
1415 1780 1591 1816 perfectionis
1612 1781 1794 1819 evangelicae.

1169 1826 1211 1854 18.
1242 1826 1326 1860 Item,
1355 1827 1543 1864 perfectorum
1572 1831 1613 1857 est
1641 1828 1780 1858 abstinere
1802 1830 1838 1859 ab
1860 1831 1942 1859 omni

1087 1873 1169 1902 *mala
1188 1874 1280 1911 specie
1292 1874 1330 1906 ¹⁰,-
1353 1874 1400 1904 sed
1415 1875 1468 1903 hoc
1483 1878 1524 1904 est
1542 1876 1615 1905 mala
1633 1877 1751 1914 species,
1773 1878 1848 1915 quod
1863 1887 1943 1916 prae-

1088 1920 1223 1949 dicatores
1245 1922 1407 1959 temporalia
1420 1925 1528 1959 petant,
1550 1923 1616 1961 quia
1630 1924 1658 1953 in
1680 1925 1733 1954 hoc
1753 1929 1817 1955 sunt
1839 1927 1943 1956 similes

1088 1968 1461 2005 pseudo—praedicatoribus:
1484 1979 1550 2009 ergo
1572 1974 1623 2001 etc.

243 2166 250 2179 ¹
271 2168 335 2189 Ycrs.
357 2166 395 2188 12:
414 2166 533 2193 Rogamus
550 2170 627 2189 autem
646 2174 700 2196 tos,
714 2171 804 2198 fratres,
818 2174 842 2193 ut
854 2174 896 2193 etc.
908 2183 938 2187 —
950 2170 1029 2192 Glossa

180 2207 304 2232 ordinaria
323 2206 385 2235 apud
404 2205 512 2228 Sti-almm
530 2208 552 2227 et
568 2207 685 2234 Lyranum
703 2213 778 2232 sumta
796 2213 830 2233 est
852 2217 879 2233 ex
901 2210 1030 2233 Comment.

181 2248 212 2276 (in
231 2249 291 2270 lium·
309 2247 361 2275 lor.)
380 2244 487 2267 attributo
506 2245 561 2267 alias
578 2246 709 2271 Ambrosio.
724 2261 756 2266 -
772 2250 788 2272 L
806 2250 922 2273 minorem
939 2248 1030 2272 exhibet

182 2288 226 2310 sic:
244 2286 285 2311 sed
301 2293 314 2309 a
334 2285 424 2309 iustitia
440 2284 560 2307 declinare
576 2291 624 2308 nort
641 2289 675 2310 est
693 2288 846 2318 perfectionis
868 2288 1027 2317 christian-am

180 2327 222 2351 sed
238 2326 314 2350 omnis
331 2324 454 2348 mendicus
471 2325 505 2347 est
521 2330 622 2353 coenus:
640 2332 697 2356 erqo
714 2331 758 2350 etc.

243 2364 252 2378 ²
271 2366 337 2388 Vct-s,
359 2365 392 2386 10.
410 2364 509 2391 Vulgata
524 2369 567 2387 nec
584 2370 626 2391 pro
642 2371 699 2389 non.
715 2379 746 2384 —
758 2368 850 2395 Glossa,
863 2368 884 2389 in
897 2373 942 2396 qua
955 2369 1027 2388 textus

180 2406 299 2434 originalis
316 2404 398 2427 omittit
415 2404 442 2426 at
457 2402 570 2431 habeant,
588 2407 623 2426 est
643 2405 768 2430 ordinaria
790 2408 853 2436 apud
876 2406 983 2429 Strabum
1006 2409 1028 2428 et

181 2445 299 2473 Lyranum
313 2444 362 2473 (qui
378 2444 452 2471 ipsam
465 2441 567 2464 attribuit
578 2443 688 2472 August„
701 2446 731 2468 de
742 2446 817 2474 Opere
827 2447 960 2469 monachor.
972 2451 992 2467 c.
1009 2445 1026 2467 1.

178 2491 202 2507 n.
219 2486 241 2507 2.
258 2484 342 2513 seqq.).
359 2496 390 2500 --
407 2483 423 2504 L
442 2483 589 2511 prosequitur
606 2488 659 2511 post
674 2485 747 2508 verba
765 2486 870 2508 Glossae:
882 2491 938 2515 eryo
950 2484 1027 2508 omnis

179 2524 301 2548 mendicus
312 2524 370 2554 facil
380 2524 464 2546 contra
476 2522 614 2552 Apostolum
622 2533 631 2553 ;
643 2524 684 2548 scd
695 2525 738 2555 qui
747 2526 806 2556 facit
826 2527 908 2550 contra
929 2526 1027 2555 Aposto-

180 2563 231 2587 lum
240 2569 288 2587 non
297 2562 366 2586 habet
374 2561 541 2592 perfectionem
553 2562 716 2593 christianam,
729 2571 786 2595 erqo
797 2572 839 2588 nec
850 2564 891 2595 qai
903 2564 1025 2588 mendicat.

243 2601 251 2615 ⁸
270 2603 335 2625 Vei-s.
353 2603 374 2624 9.
391 2614 422 2618 —
440 2601 532 2628 Glossa,
551 2609 621 2631 quam
639 2605 708 2627 refert
724 2605 783 2627 Petr.
800 2604 924 2627 Lonibard.
944 2607 966 2626 et
982 2605 1026 2633 Ly-

180 2649 250 2665 ranus
268 2645 292 2665 ut
309 2640 471 2668 ordinariam,
489 2644 564 2663 sumta
582 2646 615 2665 est
632 2649 659 2665 ex
676 2643 805 2667 Comment.
823 2644 854 2672 (in
877 2645 938 2666 hunc
959 2644 1026 2674 loc.>,

186 2682 220 2711 iui
238 2682 292 2704 olim
311 2680 432 2703 Ambrosio
451 2680 601 2704 tribuebatur.
613 2695 644 2699 —
655 2684 709 2706 Post
726 2683 796 2706 verba
809 2684 902 2706 Glossae
922 2684 977 2712 legit
996 2684 1025 2707 L:

182 2721 221 2745 sed
237 2721 314 2744 omnis
331 2719 453 2743 mendicus
469 2720 606 2750 frequenter
622 2722 655 2746 nd
670 2714 773 2747 alienam
796 2729 901 2746 mensam
923 2723 1025 2748 accedit:

181 2766 236 2790 erqo
259 2760 335 2783 omnis
358 2759 480 2783 mendicus
498 2761 543 2784 otio
560 2761 651 2786 deditas
674 2763 804 2791 adulatum·
828 2762 869 2786 sed
893 2763 976 2787 nullus
1001 2764 1025 2788 in

175 2799 319 2830 perfectione
336 2799 481 2823 christianae
496 2800 619 2830 reliyionis
636 2802 739 2826 miscens
756 2802 882 2831 adulatur,
900 2809 955 2826 cam
966 2804 1027 2827 adu-

179 2838 235 2862 latio
252 2838 283 2861 sit
296 2839 422 2868 peccatum
438 2839 553 2863 mortale:
571 2847 628 2871 erqo
645 2841 728 2865 nullm
744 2841 864 2865 mendicus
881 2844 915 2866 est
931 2842 956 2867 in
970 2850 1027 2874 per-

179 2877 276 2908 fectione
293 2877 439 2902 christianae
455 2879 585 2909 reliqionz's.

240 2915 250 2928 ⁴
267 2916 323 2940 Can.
337 2918 370 2945 16,
380 2919 420 2947 qui
434 2918 528 2944 Urbano
541 2920 636 2948 quidem
654 2919 841 2949 adscribebatur,
853 2923 894 2945 sed
906 2923 977 2946 alium
989 2930 1027 2947 au-

179 2959 265 2979 ctorem
279 2957 395 2979 113001.-
404 2958 420 2980 L
433 2958 487 2986 legit
499 2960 563 2987 Item,
577 2959 653 2983 Causa
664 2959 802 2983 duodecima
812 2964 900 2991 quaest.
907 2963 997 2993 prima,
1007 2970 1027 2987 c.

178 2996 289 3019 Videntes
305 2998 391 3020 summi
410 2998 542 3026 Pontifices,
564 2998 662 3023 dicitnr.
689 2999 752 3029 qnod
773 3000 855 3025 nullus
877 3009 1027 3027 communem

1086 2169 1159 2192 vitam
1174 2169 1264 2193 *ducens
1281 2171 1311 2194 sil
1328 2171 1353 2194 in
1370 2172 1503 2197 christiana
1520 2173 1636 2204 reliqione
1657 2174 1779 2204 indiqens,·
1801 2174 1843 2198 secl
1864 2175 1941 2199 omnis

1086 2208 1208 2232 mendicus
1226 2209 1327 2240 indiyet:
1346 2217 1403 2242 erqo
1415 2212 1499 2237 nullus
1511 2213 1634 2241 mendicus
1647 2216 1681 2238 est
1692 2214 1717 2237 in
1725 2214 1869 2244 perfectione
1881 2214 1941 2238 chri-

1086 2248 1178 2272 stianae
1194 2249 1318 2279 religionis
1340 2251 1474 2276 secundum
1498 2253 1594 2277 decreta
1618 2253 1764 2277 Sanctorum
1781 2256 1804 2277 ec
1819 2254 1937 2283 maxime,

1087 2288 1143 2318 quia
1160 2288 1186 2312 in
1201 2289 1248 2320 fine
1264 2289 1333 2314 istius
1351 2291 1439 2316 decreti
1454 2292 1555 2317 dicitur:
1580 2294 1601 2315 Si
1628 2294 1710 2322 aliquis
1736 2294 1834 2316 exstiteri
1856 2311 1868 2316 ..
1894 2294 1939 2316 iam

1087 2328 1146 2350 dicta
1165 2329 1315 2353 damnatione
1334 2332 1435 2355 feriatur.
1452 2333 1518 2362 Eryo
1535 2333 1619 2361 omnia,
1638 2333 1679 2363 qui
1703 2333 1824 2356 mendicas
1850 2335 1883 2356 est
1905 2334 1940 2356 rel

1086 2367 1203 2398 incliyens,
1212 2375 1258 2399 per
1270 2369 1334 2394 istud
1346 2371 1467 2395 decretum
1479 2372 1700 2396 excommunicatus
1717 2373 1758 2400 est,
1773 2374 1794 2395 el
1805 2372 1838 2395 sic
1850 2372 1874 2395 in
1882 2379 1938 2402 pec-

1086 2409 1138 2431 calo
1157 2409 1256 2432 mortali
1261 2419 1270 2439 ,·
1282 2410 1323 2434 sed
1334 2411 1417 2435 nullus
1429 2411 1484 2435 talis
1496 2413 1530 2435 est
1541 2412 1566 2435 in
1576 2413 1642 2435 statu
1650 2411 1815 2441 perfectionis:
1828 2418 1884 2442 eryo
1896 2416 1939 2435 etc.

1150 2447 1159 2460 ⁶
1177 2448 1233 2472 Can.
1250 2450 1325 2474 Nemo
1343 2451 1466 2475 ecclesiam
1484 2452 1534 2481 (9,).
1553 2464 1584 2468 -
1600 2452 1644 2474 Pro
1661 2453 1813 2475 consecretur
1829 2456 1851 2475 et
1862 2458 1940 2476 conse-

1085 2488 1154 2511 crari
1170 2489 1176 2511 1
1194 2492 1352 2514 construatur
1370 2494 1392 2514 et
1408 2490 1529 2519 com-crui,
1544 2497 1605 2519 quae
1616 2492 1683 2514 lectio
1701 2492 1783 2514 canoni
1795 2493 1870 2520 magis
1887 2498 1939 2514 con-

1086 2528 1160 2553 gruit:
1176 2529 1248 2552 Nemo
1261 2529 1381 2553 ecclesiam
1395 2531 1523 2560 aedificet...
1535 2534 1557 2553 et
1569 2533 1621 2553 ante
1633 2531 1754 2559 praefiniat
1765 2532 1804 2560 qui
1817 2532 1939 2554 aedificare

1085 2568 1147 2595 vult,
1159 2575 1220 2598 quae
1237 2570 1267 2592 ad
1284 2570 1405 2592 luminaria
1423 2573 1445 2592 et
1462 2570 1491 2592 ad
1508 2570 1638 2593 custodiam
1650 2573 1672 2593 et
1685 2571 1714 2593 ad
1731 2571 1845 2599 stipendia
1863 2575 1939 2594 custo-

1086 2608 1142 2630 dum
1160 2610 1287 2637 sufficiant,
1304 2612 1326 2632 et
1343 2613 1434 2632 ostensa
1452 2610 1576 2632 donatione
1593 2610 1625 2633 sic
1643 2611 1740 2633 domum
1758 2611 1864 2634 aedificet
1880 2615 1923 2634 etc.

1148 2647 1158 2660 θ
1175 2648 1233 2672 Cod.
1251 2649 1290 2671 lib.
1309 2650 1347 2671 XI.
1364 2649 1396 2671 tit.
1414 2649 1451 2671 25.
1469 2650 1520 2677 lege
1538 2650 1603 2672 unica
1622 2650 1717 2674 Cunctis
1735 2657 1793 2681 qnos
1815 2651 1838 2674 in
1859 2651 1938 2681 publi-

1085 2694 1156 2717 cam,
1170 2689 1191 2710 in
1209 2689 1307 2711 Autlien.
1319 2701 1350 2705 —
1368 2689 1480 2717 Superius
1497 2696 1540 2718 pro
1557 2689 1675 2714 inhibetur
1693 2691 1766 2714 DEK
1783 2690 1939 2721 prohibetur,-

1086 2728 1181 2750 ini'erius
1193 2734 1235 2756 pro
1248 2727 1443 2757 yubcrnalionem
1461 2729 1468 2751 I
1485 2729 1660 2754 ordinatiorem
1677 2734 1699 2753 et
1717 2737 1759 2758 pro
1770 2730 1938 2754 sublimitate-nt

1081 2767 1235 2797 perfectionis
1253 2768 1271 2790 D
1285 2767 1454 2798 perfectionem
1472 2769 1537 2799 legis.

1147 2806 1155 2819 ⁷
1174 2808 1193 2829 D
1209 2807 1407 2831 interce-deridunt.

1148 2845 1157 2858 θ
1175 2847 1234 2869 Vide
1252 2847 1309 2869 intra
1328 2847 1351 2869 in
1369 2854 1434 2876 corp.
1451 2852 1540 2877 quaest.
1558 2861 1589 2866 —-
1614 2849 1657 2871 Pro
1674 2850 1744 2877 Item,
1764 2848 1901 2872 ltuinsmodi
1917 2849 1935 2871 D

1085 2887 1141 2910 Itenz
1161 2886 1209 2916 qui.

1148 2924 1157 2937 ⁰
1174 2925 1220 2948 Ct'r.
1238 2926 1275 2948 tv.
1293 2927 1349 2955 fleg.
1368 2928 1395 2955 5,
1414 2929 1450 2950 20.
1468 2935 1534 2957 seqq.

1149 2963 1167 2977 ¹⁰
1185 2966 1255 2993 Epist.
1273 2966 1286 2988 l.
1307 2967 1388 2990 Thess.
1406 2968 1433 2991 '5
1451 2969 1492 2990 22:
1511 2967 1545 2990 Ab
1567 2968 1630 2990 omni
1653 2968 1729 2995 specie
1749 2968 1806 2989 mala
1825 2966 1919 2989 alistinw

1086 3011 1136 3027 ios.
1153 3018 1183 3021 —
1201 3006 1254 3028 Post
1268 3006 1574 3036 pseudo-praedicatoribus
1592 3008 1611 3029 K
1631 3008 1693 3029 addit
1713 3007 1746 3030 rel
1770 3008 1912 3036 »sitires-[anre
1931 3024 1936 3027 .
