2285 3398
178 1143 307 1163 Fundamenta

203 1172 224 1194 ²5¹
243 1170 307 1186 aucta·

203 1193 264 1210 ritate.

324 117 377 147 136

403 195 445 223 19.
468 194 546 228 Item,
562 193 721 222 huiusmodi
742 196 790 221 aut
805 192 907 221 habent
926 193 1118 222 auctoritatem
1137 193 1164 221 in

321 241 515 279 praedicando,
537 243 585 268 aut
612 248 666 268 non
695 239 805 268 habent.
828 239 855 267 Si
876 247 938 270 non.
955 240 1069 268 habent:
1098 247 1164 275 ergo

321 290 392 318 male
413 288 516 317 faciunt
534 287 724 324 praedicando,
746 295 812 324 ergo
826 287 865 315 nil
884 290 1046 321 merentur;
1069 286 1091 315 si
1116 286 1164 314 ha-

321 336 401 370 bent;
430 334 476 364 sed
503 334 551 371 qui
580 334 682 362 habent
709 334 901 362 auctoritatem
929 336 1044 370 possunt
1071 336 1164 369 petere

320 382 496 420 potestative:
525 390 591 419 ergo
612 381 679 410 tales
699 381 899 410 mendicando¹
926 381 1094 409 injuriantur
1115 387 1164 407 au-

321 430 439 459 ctoritati
467 429 677 466 praedicationis
702 428 855 466 Evangelii:
884 436 949 465 ergo
977 428 1004 455 in
1030 427 1081 455 hoc
1109 434 1163 454 non
1185 450 1186 453 ,

321 479 393 505 suntv
406 476 528 513 perfecti,
550 476 597 505 sed
619 475 703 512 impii.

399 524 444 551 20.
467 523 545 558 ltem,
576 523 663 552 tutius
690 525 717 551 et
745 522 893 559 perfectius
921 524 962 550 est
990 520 1067 557 sequi
1090 519 1164 548 viros

320 570 492 607 probatiores
513 573 540 599 et
561 569 755 606 sapientiores;
781 569 828 597 sed
849 568 900 597 viri
926 566 1109 604 probatissimi
1138 569 1165 595 et

320 616 514 653 sapientissimi
534 617 562 645 in
583 616 762 653 religionibus
789 616 902 644 fuerunt
929 614 1052 647 Basilius,
1081 613 1164 641 Bene-

320 663 425 697 dictus,
447 663 629 700 Augustinus,
651 663 841 698 Hieronymus,
862 661 1020 698 Gregorius,
1046 660 1165 689 Hilarius

321 712 348 738 et
362 709 504 744 Paulinus;
527 710 573 738 sed
588 710 655 738 tales
670 710 708 738 sic
729 717 780 738 sua
794 709 980 745 reliquerunt,
1002 707 1076 744 quod
1090 714 1165 735 com-

320 756 415 785 munia
429 756 620 793 possederunt,
632 764 681 785 nec
692 756 860 785 mendicasse
875 755 1017 792 leguntur:
1030 762 1096 790 ergo
1107 762 1165 782 mo-

319 803 372 832 dus
392 803 443 832 iste
464 803 633 832 mendicandi
655 803 688 831 de
710 811 780 831 novo
800 802 975 831 introductus
1002 809 1051 838 per
1072 801 1164 829 Domi-

319 850 413 879 nicum
434 853 461 878 et
488 850 663 879 Franciscum
692 850 800 878 videtur
822 857 880 878 esse
908 848 1116 885 superstitiosus
1137 851 1163 877 et

320 906 435 932 vanus,
455 906 519 926 cum
547 898 663 926 stultum
692 897 817 926 videatur
840 903 950 925 sensum
980 898 1006 924 et
1035 896 1163 933 spIritum

320 945 439 974 duorum
466 953 620 982 pauperum
648 944 791 973 hominum
813 951 982 980 praeponere
1009 946 1100 972 tantae
1121 951 1163 971 sa-

320 992 437 1029 pientiae
458 995 485 1021 et
513 992 672 1021 sublimitati
699 992 861 1020 Sanctorum
886 990 1108 1028 praecedentium
1137 994 1163 1019 et

319 1038 464 1067 doctorum
477 1039 495 1066 2.

397 1086 449 1114 SED
470 1094 593 1115 camna:
620 1088 642 1114 l.
672 1086 798 1114 Matthaei
820 1085 963 1114 decimo³z
986 1084 1078 1113 Nolite
1094 1093 1162 1122 pos-

318 1133 412 1162 sidere
432 1142 544 1162 aurunt
564 1142 652 1171 neque
673 1136 828 1170 arpentum
847 1141 936 1171 neque
955 1132 1112 1169 pecuniam
1132 1131 1163 1160 in

317 1180 402 1208 zonis
423 1180 525 1208 vestris
545 1189 634 1218 neque
652 1188 756 1216 peram
777 1180 809 1207 in
834 1180 882 1207 via
902 1187 992 1217 neque
1020 1179 1096 1207 duas
1118 1182 1162 1207 tu-

318 1227 402 1255 nicas
429 1225 479 1255 nee'
506 1227 699 1255 calceamenta
707 1237 717 1259 ,·
742 1226 850 1255 Glossa:
877 1238 891 1251 «
905 1226 958 1254 Nec
984 1226 1043 1262 ipsa
1069 1233 1163 1254 neces-

320 1274 392 1303 saria
412 1281 463 1302 nec
484 1273 626 1302 cellarium
648 1281 741 1301 secum
763 1273 878 1307 vehant3
901 1272 969 1300 nihil
991 1275 1100 1308 praeter
1123 1270 1163 1300 in-

320 1320 495 1353 dumentum,
517 1328 573 1356 quo
594 1320 656 1356 quis
678 1322 822 1348 contentus
837 1327 896 1348 esse
917 1322 1046 1356 potest».
1069 1318 1121 1347 Sed
1135 1319 1163 1347 in

321 1368 373 1396 hoc
401 1367 519 1396 traditur
547 1367 635 1395 forma
662 1366 836 1403 perfectionis
862 1366 928 1403 ipsis
955 1366 1104 1403 ⁴apostolis,
1136 1369 1163 1394 et

320 1413 394 1451 quod
414 1413 588 1450 perfectionis
609 1416 650 1441 est
671 1413 823 1449 perfectum
844 1416 885 1442 est
900 1412 1014 1441 imitari:
1037 1420 1102 1449 ergo
1124 1416 1163 1441 ta-

318 1461 380 1490 liter
402 1468 451 1498 per
473 1460 609 1489 mundum
632 1461 671 1488 ire
690 1462 793 1496 spectat
814 1460 848 1488 ad
866 1460 1060 1496 perfectionem
1081 1467 1163 1488 evan-

319 1508 441 1546 gelicam.
464 1507 515 1537 Sed
537 1507 589 1536 hoc
604 1510 645 1536 est
665 1506 822 1535 mendicare
837 1509 864 1535 et
887 1506 978 1535 vivere
992 1506 1026 1535 de
1047 1506 1163 1535 eleemo-

319 1563 400 1592 syna:
415 1555 500 1592 igitur
515 1555 567 1583 hoc
582 1558 686 1592 spectat
701 1554 734 1583 ad
755 1554 939 1591 evangelicam
958 1553 1161 1591 perfectionem.

396 1604 422 1631 2.
446 1603 525 1636 Item,
548 1602 629 1631 Marci
651 1602 769 1631 sexto4:
792 1601 943 1638 Praecepit
957 1601 1014 1635 eis,
1036 1609 1070 1629 ne
1091 1600 1163 1639 quid

318 1649 444 1679 tollerent
463 1650 494 1678 in
514 1650 581 1684 via,
602 1658 691 1688 neque
709 1658 816 1687 panem
837 1657 926 1687 neque
947 1648 978 1677 in
994 1657 1073 1677 zona
1094 1656 1143 1676 aes
1150 1659 1160 1681 ;

317 1700 365 1726 aut
385 1697 469 1735 igitur
490 1697 630 1734 praecepit
651 1698 702 1725 hoc
724 1697 762 1725 eis
784 1699 915 1733 tanquam
934 1696 1090 1733 praelatis,
1112 1698 1161 1724 aut

318 1746 448 1781 tanquam
473 1743 618 1781 perfectis.
648 1744 673 1772 Si
696 1746 826 1781 tanquam
852 1743 1011 1780 praelatis:
1041 1751 1106 1780 ergo
1128 1742 1162 1771 ad

318 1791 385 1820 illud
405 1791 496 1820 adhuc
516 1791 630 1828 praelati
656 1794 747 1819 essent
768 1791 887 1825 astricti;
917 1790 990 1827 quod
1018 1789 1160 1818 manifeste

317 1837 415 1867 falsum
440 1841 489 1867 est.
520 1838 658 1874 Praecepit
686 1838 770 1875 igitur
798 1838 849 1866 hoc
874 1838 913 1866 eis
941 1840 1073 1874 tanquam
1094 1836 1161 1865 viris

317 1885 460 1921 perfectis;
483 1885 529 1913 sed
544 1885 674 1921 perfectio
688 1885 852 1922 proponitur
875 1884 1058 1913 communiter
1073 1883 1161 1912 omni-

967 115 1190 151 QUAESTIONES
1211 113 1411 143 DISPUTATAE

1221 192 1274 220 bus
1293 191 1435 225 imitanda,
1451 191 1517 228 quia
1530 191 1647 220 dicitur:
1665 192 1723 227 Qui
1733 195 1825 229 potest
1838 201 1940 230 capere
1954 194 2065 231 capiat:

1221 246 1287 274 ergo
1308 237 1346 266 sic
1367 238 1460 266 vivere
1482 240 1586 274 spectat
1606 237 1640 266 ad
1658 237 1853 274 perfectionem
1874 240 2066 276 evangelicam.

1301 284 1326 312 3.
1349 284 1429 318 Item,
1458 284 1546 312 Lucae
1573 284 1683 312 n01io⁵:
1706 283 1787 312 Nibil
1813 285 1938 313 tuleritis
1965 286 1997 314 in
2016 286 2066 315 vla

1220 339 1310 369 neque
1326 331 1443 368 viryam
1465 339 1555 369 neque
1565 339 1671 368 peram
1692 339 1780 369 neque
1790 340 1899 368 panem
1919 340 2008 370 neque
2018 341 2067 370 pe-

1221 378 1359 411 cnniam;
1380 378 1489 407 Glossa:
1517 389 1530 403 «
1552 377 1671 415 Viryain
1692 386 1750 406 non
1771 377 1850 415 ferre
1870 381 1911 407 est
1932 387 1987 407 non
2009 386 2067 407 esse

1221 425 1366 453 sollicitum
1388 425 1422 454 de
1443 425 1486 454 his
1507 433 1578 462 quae
1599 424 1755 454 necessaria
1776 427 1840 454 sunt
1862 425 1999 453 humanae
2021 433 2066 453 su-

1221 472 1391 506 stentationi,
1413 472 1479 509 quia
1500 472 1567 501 haec
1587 472 1725 501 debentur
1740 471 1976 508 praedicatoribus
1990 483 2023 506 »ς
2046 472 2068 500 si

1220 527 1288 556 erqo
1310 518 1459 547 excludere
1474 519 1686 548 sollicitudinem
1700 518 1733 547 de
1754 519 1909 547 necessaria
1930 522 2066 548 sustenta-

1221 566 1307 599 tione,
1322 565 1374 594 hoc
1389 565 1521 595 Dominus
1536 566 1673 603 persuasit
1688 565 1837 602 Apostolis,
1852 573 1922 602 quos
1937 565 2019 594 etiam
2033 565 2067 594 ad

1220 612 1435 649 praedicandum
1463 613 1534 641 inter
1562 612 1688 649 infideles
1713 612 1802 646 misit;
1834 612 1920 640 multo
1950 612 2065 645 fortius,

1221 668 1284 688 cum
1310 659 1484 696 praedicatur
1510 660 1686 697 Evangelium
1713 659 1862 696 fidelibus,
1892 659 2066 696 perfectionis

1221 710 1261 735 est
1288 707 1321 735 de
1350 706 1507 735 huiusmodi
1529 716 1583 736 non
1604 715 1663 736 esse
1689 707 1846 741 sollicitum,
1869 706 1916 735 sed
1943 706 2018 735 victu
2040 709 2066 736 et

1222 753 1322 782 vestitu
1343 753 1394 782 sibi
1415 753 1478 782 dato
1498 746 1557 783 esse
1581 757 1750 783 contentum.

1299 801 1324 829 lt.
1349 801 1429 834 Item,
1451 801 1538 830 Lucae
1562 810 1634 830 nono
1649 802 1676 829 ⁶:
1701 802 1880 840 Quicumque
1910 802 2067 839 susceperit

1217 857 1344 886 puerum
1376 849 1407 877 in
1434 849 1548 877 nomine
1578 858 1660 882 meo,·
1690 849 1893 878 Interlinearis:
1928 861 1941 875 «
1963 857 2066 886 paupe-

1221 903 1279 924 rem
1294 907 1325 929 »3
1348 899 1374 924 et
1395 896 1448 923 alia
1468 895 1574 925 Glossa:
1595 896 1671 932 «Qui
1693 896 1859 924 imitatorem
1874 896 1976 924 Christi
1997 895 2066 924 reci-

1220 943 1259 980 pit
1286 943 1426 971 Christum
1448 943 1545 980 recipit
1559 955 1589 971 »:
1612 951 1678 980 ergo
1693 951 1756 972 cum
1785 943 1935 980 suscipitur
1961 950 2066 980 pauper

1219 990 1329 1019 imitans
1350 990 1508 1024 Christum,
1534 991 1683 1027 suscipitur
1705 990 1840 1019 Christus.
1863 990 1889 1018 Si
1917 997 1983 1027 ergo
2003 996 2067 1026 per—

1218 1037 1342 1066 fectionis
1371 1037 1542 1074 evangelicae
1570 1041 1611 1067 est
1645 1046 1704 1067 esse
1735 1045 1885 1074 pauperem
1914 1039 1941 1065 et
1965 1036 2067 1065 Christi

1219 1085 1400 1119 imitatorem;
1423 1085 1597 1121 perfectionis
1619 1085 1791 1122 evangelicae
1812 1087 1853 1112 est
1882 1084 1909 1112 in
1931 1084 1977 1112 tali
1999 1092 2067 1119 pau-

1219 1140 1285 1169 pere
1306 1140 1357 1168 pro
1377 1132 1486 1160 Christo
1508 1132 1609 1168 suscipi
1631 1132 1708 1160 velle.
1732 1132 1758 1159 Si
1780 1130 1935 1167 igitur'hic
1962 1129 2067 1158 :nendi-

1220 1179 1306 1207 cando
1327 1179 1407 1214 petit,
1429 1187 1445 1206 a
1466 1178 1632 1215 perfectione
1657 1177 1814 1214 evangelica
1835 1185 1890 1205 non
1912 1176 2022 1205 recedit.

1300 1226 1324 1252 ὅ.
1349 1225 1426 1258 Item,
1450 1226 1537 1253 Lucae
1555 1225 1661 1253 decimo
1673 1225 1698 1252 ⁷:
1721 1223 1813 1252 Nolite
1823 1226 1945 1260 portare
1964 1231 2067 1251 saccu-

1219 1271 1280 1299 lum
1302 1280 1390 1309 neque
1408 1280 1530 1308 peram‚·
1551 1270 1660 1299 Glossa:
1688 1282 1701 1295 «
1716 1271 1802 1298 Tanta
1823 1270 1904 1298 debet
1927 1269 2067 1306 praedica-

1220 1319 1272 1347 tori
1288 1326 1346 1347 esse
1366 1318 1466 1347 fiducia
1486 1318 1513 1346 in
1533 1318 1605 1351 Deo,
1628 1320 1659 1346 ut
1677 1317 1830 1354 praesentis
1853 1317 1924 1345 vitae
1945 1319 2066 1350 sumtus,

1220 1366 1269 1394 etsi
1292 1374 1345 1394 non
1368 1365 1540 1402 praevideat,
1563 1365 1614 1393 sibi
1636 1368 1726 1393 tamen
1748 1372 1802 1392 non
1831 1364 1987 1393 defecturos
2007 1371 2067 1392 cer-

1220 1412 1324 1440 tissime
1346 1412 1428 1442 sciat,
1444 1419 1493 1445 ne,
1509 1411 1575 1440 dum
1597 1414 1749 1448 occupatur
1770 1418 1848 1439 mens
1875 1410 1909 1438 ad
1930 1413 2067 1446 tempora—

1220 1459 1270 1493 lia,
1292 1459 1383 1487 minus
1404 1458 1542 1495 praedicet
1563 1461 1711 1487 aeterna».
1735 1458 1771 1486 Ad
1793 1457 1993 1494 expeditiorem
2018 1456 2067 1494 igi-

1220 1509 1266 1534 tur
1288 1506 1517 1543 praedicationem
1539 1505 1662 1534 veritatis
1684 1505 1759 1539 facit,
1782 1505 1857 1542 quod
1878 1505 1940 1542 quis
1961 1507 2066 1541 tempo-

1219 1553 1287 1583 ralia
1307 1562 1361 1581 non
1382 1553 1540 1590 praevideat
1561 1553 1627 1587 sibi,
1650 1553 1697 1581 sed
1719 1554 1860 1589 exspectet
1886 1552 1937 1581 sibi
1958 1552 1992 1580 ab
2006 1551 2066 1580 aliis

1218 1600 1291 1634 dari,
1313 1607 1377 1628 cum
1391 1607 1502 1629 necesse
1517 1599 1661 1629 habuerit:
1684 1607 1749 1636 ergo
1763 1599 1825 1627 talis
1839 1599 1939 1627 modus
1957 1597 2066 1627 vivendi

1218 1650 1349 1677 consonat
1369 1647 1478 1676 veritati
1499 1650 1526 1676 et
1547 1647 1719 1684 evangelicae
1740 1646 1909 1683 perfectioni.

1298 1695 1323 1722 6.
1340 1694 1418 1728 Item,
1434 1694 1521 1727 Lucae
1536 1693 1641 1722 decimo
1656 1696 1735 1722 sexto
1747 1693 1770 1720 ὃς
1784 1692 1883 1721 Facite
1897 1691 1976 1720 vobis
1990 1691 2066 1720 ami-

1218 1750 1265 1770 cos
1286 1742 1320 1770 cte
1340 1749 1510 1770 mammona
1531 1739 1712 1778 iniquitatis,
1734 1742 1780 1773 ut,
1803 1733 1870 1767 eum
1888 1737 2064 1775 defeceritis,

1216 1788 1361 1826 recipiant
1374 1796 1424 1816 vos
1446 1788 1478 1815 in
1492 1790 1611 1815 aeterna
1626 1785 1835 1818 tabernacula;
1849 1784 1957 1813 Glossa:
1978 1796 1991 1809 «
2006 1784 2063 1813 Non

1218 1835 1355 1873 quoslibet
1376 1841 1529 1871 pauperes,
1551 1833 1598 1861 sed
1620 1840 1666 1861 eos
1695 1832 1742 1870 qui
1764 1835 1878 1869 possunt
1899 1832 1926 1860 in
1955 1830 2066 1861 aeterna

1219 1882 1397 1911 tabernacula
1418 1881 1541 1917 recipere
1555 1891 1586 1914 »;
1609 1879 1656 1908 sed
1676 1880 1742 1908 tales
1764 1882 1829 1908 sunt
1840 1887 1985 1916 pauperes
2005 1879 2064 1917 spi-

380 2082 388 2095 ¹
406 2083 464 2105 Edd.
482 2089 604 2110 perperam
618 2082 788 2111 praedicando.

379 2121 388 2134 ²
406 2123 421 2144 L
440 2128 481 2150 pro
499 2122 541 2144 isto
558 2128 607 2149 arg.
624 2121 738 2143 substituit
756 2123 812 2143 hoc:
824 2122 892 2148 Item,
904 2125 1008 2150 persona
1016 2119 1161 2149 praedicato-

320 2161 354 2185 ris
371 2160 436 2184 debet
451 2167 500 2184 esse
517 2160 618 2183 discreta
634 2162 655 2182 et
671 2160 754 2183 nobilis
770 2160 818 2183 sive
841 2158 998 2187 honorabilis,
1021 2165 1070 2181 non
1092 2158 1160 2187 vilis,-

317 2200 358 2224 sed
374 2199 442 2223 nulla
458 2198 526 2222 vilior
542 2204 645 2228 persona
663 2205 734 2228 quam
744 2204 848 2228 persona
860 2198 1027 2221 mendicantis:
1040 2204 1097 2227 erqo
1107 2204 1161 2228 per·

317 2245 378 2263 sona
394 2238 546 2262 mendicantis
554 2257 560 2266 ,
579 2239 606 2260 ut
614 2237 799 2267 praedicatoris,
811 2244 859 2261 non
871 2237 936 2261 debet
946 2244 995 2261 esse
1006 2237 1143 2261 mendicans
1151 2246 1160 2265 ;

318 2279 340 2302 et
355 2278 389 2302 sic
405 2277 539 2301 mendicare
553 2276 746 2306 praedicantibus
762 2283 810 2300 non
822 2278 856 2300 est
867 2283 925 2307 opus
934 2276 1085 2307 perfectionis
1099 2276 1161 2300 chri—

317 2316 418 2341 stianae.

380 2355 390 2369 ³
408 2357 474 2379 Vers.
491 2356 512 2378 9.
529 2362 578 2384 seq.
590 2368 621 2372 —
632 2356 710 2378 Glossa
728 2358 762 2378 est
778 2355 937 2379 interlinearis
952 2356 1016 2384 apud
1031 2357 1161 2384 Lyranum,

319 2402 365 2425 qua
382 2396 469 2424 posita,
480 2396 497 2418 L
515 2394 673 2423 prosequitur:
687 2394 746 2418 Cum
763 2401 819 2424 erqo
836 2394 970 2418 necessaria
986 2401 1001 2417 a
1018 2394 1118 2417 Domino
1130 2394 1161 2417 dz'-

317 2435 414 2465 scipulis
439 2441 521 2465 gerere
545 2433 704 2462 inhibeantur,
728 2433 814 2457 eisdem
838 2434 943 2463 accipere
967 2433 996 2457 ab
1018 2434 1050 2457 eis
1076 2433 1160 2464 quibus

314 2474 457 2504 praedicant
479 2473 613 2497 conceditur
636 2473 682 2496 sire
707 2474 800 2502 βαίη-ι’,-
822 2473 863 2495 secl
884 2473 927 2496 hoc
952 2475 985 2497 est
1009 2473 1160 2496 mendicare:

318 2519 374 2543 erqo
392 2513 506 2536 Dominus
521 2511 642 2542 praecepit
657 2511 859 2539 nzendicationem,
873 2508 938 2535 etita
950 2512 995 2535 erit
1007 2510 1161 2542 perfectionis

318 2552 461 2575 christianae
476 2558 522 2582 pro
540 2551 632 2575 Christo
653 2550 795 2577 mendicare,
814 2550 919 2573 'mamitne
937 2551 992 2580 quia
1010 2550 1052 2573 illa
1065 2555 1160 2580 praece·

314 2593 358 2621 pta
371 2593 430 2614 'sunt
446 2597 494 2614 non
508 2589 658 2620 parabolice,
678 2588 718 2612 sed
734 2588 766 2611 ad
783 2588 885 2611 litteram
903 2589 1063 2619 intelliqenda.

379 2629 390 2642 ⁴
407 2631 473 2653 Vers.
491 2631 519 2652 8:
537 2631 563 2652 Et
579 2628 720 2657 praecepit...
738 2628 760 2650 ln
777 2628 822 2655 via,
834 2628 876 2650 nisi
894 2628 983 2656 virgam
1002 2632 1101 2656 tantum,
1114 2634 1160 2650 non

319 2674 399 2696 peram
416 2672 501 2691 etc.—
512 2669 536 2690 In
553 2668 597 2690 fine
615 2674 664 2695 arg.
681 2668 791 2694 allegatur
809 2667 884 2689 Matth.
903 2668 942 2695 19,
956 2669 992 2691 12.
1003 2681 1034 2685 -
1045 2669 1077 2690 L:
1095 2666 1162 2691 Istud

315 2708 469 2736 praeceptum
492 2706 573 2736 [Mare.
591 2707 611 2734 6,
630 2705 660 2735 8.]
679 2705 760 2729 datum
783 2705 964 2735 Apostolis-aut
984 2703 1056 2730 datur'
1081 2713 1096 2729 a
1117 2707 1161 2729 Do-

319 2745 383 2769 mino
400 2747 514 2775 tanquam
528 2745 652 2774 praelatis,
669 2744 704 2768 vel
715 2746 829 2774 tanquam
844 2744 960 2773 perfectis.
974 2746 1029 2769 Non
1046 2748 1160 2775 tanquam

316 2784 450 2814 praelatis,·
463 2784 526 2814 quia,
545 2784 567 2807 si
581 2784 622 2813 sic,
635 2783 740 2814 praelati
750 2783 793 2806 hoc
805 2782 913 2806 deberent
928 2784 1018 2813 facere.-
1032 2791 1088 2814 erqo
1105 2790 1160 2808 cum

318 2829 367 2847 non
388 2823 485 2853 saciant,
504 2829 552 2846 non
574 2823 645 2847 datur
668 2822 785 2853 Apostolis
807 2823 921 2852 tanquam
940 2824 1073 2853 praetatis,
1089 2825 1112 2847 et
1126 2823 1160 2846 ita

318 2863 390 2887 datur
407 2863 439 2886 eis
457 2865 572 2892 tanquam
585 2863 712 2893 perfectis:
729 2868 785 2892 erqo
803 2861 868 2885 istud
884 2862 978 2891 quilibet
990 2864 1067 2892 potest
1082 2863 1160 2893 facere

314 2902 452 2932 perfectus;
473 2902 515 2926 secl
534 2909 578 2932 pei·
600 2903 643 2926 boc
662 2903 817 2933 praeceptum
839 2900 972 2924 conceditur
992 2901 1072 2931 petitio
1094 2908 1159 2925 sum-

1218 2081 1300 2103 tuum:
1313 2085 1370 2108 erp-0
1385 2078 1536 2108 perfectionis
1548 2079 1581 2101 est
1592 2080 1669 2107 petere
1685 2079 1778 2101 sumtus
1784 2086 1793 2106 ,·
1806 2077 1848 2101 boc
1865 2080 1900 2101 est
1916 2077 2064 2100 mendicare.-

1218 2125 1276 2148 erqo
1293 2121 1336 2140 etc.

1281 2156 1289 2169 ⁵
1308 2158 1373 2179 Vers.
1387 2158 1408 2179 3.
1420 2169 1451 2173 -
1463 2157 1541 2179 Glossa
1559 2160 1593 2179 est
1609 2156 1733 2180 ordinaria
1750 2157 1813 2185 apud
1832 2156 1939 2178 Strabum
1957 2158 1979 2177 ct
1994 2156 2064 2183 Lyra-

1218 2203 1284 2219 num.
1295 2209 1326 2212 —
1338 2197 1360 2218 ln
1379 2196 1394 2217 L
1413 2196 1555 2218 desideratur
1573 2197 1616 2218 hoc
1634 2202 1683 2224 arg.

1281 2233 1290 2247 ⁶
1308 2235 1373 2257 Vers.
1387 2235 1423 2257 48.
1436 2235 1534 2262 Vulgata
1551 2238 1603 2263 post
1616 2241 1722 2265 puerum
1743 2234 1807 2257 addit
1823 2233 1903 2256 istum.
1914 2245 1945 2249 —
1958 2233 2063 2255 Glossam

1218 2274 1394 2298 intmiinearem
1416 2273 1507 2296 exhibet
1529 2274 1633 2302 Lyranus
1651 2274 1727 2303 (idem
1750 2272 1832 2295 dicitur
1855 2272 1876 2293 in
1900 2272 1979 2293 Glossa
2002 2270 2065 2294 ordi-

1217 2313 1296 2341 naria,
1314 2316 1389 2336 sumta
1407 2319 1433 2335 ex
1451 2313 1524 2341 Beda,
1546 2314 1610 2342 apud
1631 2313 1738 2336 Strabum
1761 2314 1783 2333 et
1802 2311 1934 2338 Lyn-anum:
1952 2311 1993 2333 Vel
2010 2310 2063 2332 sim-

1218 2354 1305 2382 pliciter
1326 2359 1442 2383 pauperes
1464 2353 1569 2376 Christi...
1591 2359 1641 2376 esse
1664 2354 1751 2375 honore
1773 2350 1933 2378 suscipiendos
1955 2350 2017 2379 etc.).
2031 2362 2063 2366 —

1218 2394 1272 2421 Seq.
1293 2393 1373 2414 Glossa
1398 2395 1431 2414 est
1456 2392 1580 2415 ordinaria
1598 2392 1635 2421 (ex
1653 2390 1767 2416 Ambros.,
1789 2389 1835 2411 Vll.
1857 2389 1939 2417 Expos.
1962 2389 1984 2411 in
2005 2389 2061 2411 Luc.

1219 2439 1239 2454 n.
1257 2431 1304 2460 24.)
1327 2431 1390 2459 apud
1413 2431 1520 2454 Strabum
1543 2435 1565 2454 et
1586 2432 1754 2459 Lyranum.—
1767 2428 1819 2450 Post
1841 2428 1900 2450 hanc
1921 2428 2026 2450 Glossam
2043 2427 2060 2449 L

1218 2471 1284 2499 legit:
1296 2470 1337 2493 scil
1349 2477 1416 2494 nemo
1434 2471 1510 2501 niaqis
1525 2477 1619 2501 pauper
1637 2475 1709 2499 quam
1725 2466 1859 2491 mendicus:
1872 2473 1927 2496 erqo
1941 2471 2060 2497 pauperes

1217 2510 1375 2534 mendicantes
1392 2517 1407 2533 a.
1423 2510 1530 2541 fidelibus
1547 2511 1604 2534 sunt
1619 2508 1725 2532 maxime
1746 2506 1873 2536 recipiendi
1880 2516 1889 2535 ‚-
1905 2506 1947 2530 sed
1962 2512 2011 2529 non
2026 2510 2059 2527 es-

1217 2551 1270 2573 sent
1285 2556 1298 2572 u
1315 2549 1421 2579 fidelibus
1438 2548 1572 2579 recipiendi,
1591 2548 1613 2571 si
1626 2548 1751 2577 peccatum
1767 2545 1872 2575 facerent
1887 2542 2059 2568 mendicando:

1218 2595 1274 2618 erqo
1291 2589 1424 2612 mendicare
1441 2595 1488 2618 pro
1506 2588 1599 2611 Christo
1621 2593 1669 2610 non
1692 2587 1727 2609 est
1743 2586 1874 2615 peccatum,
1894 2584 1965 2607 immo
1979 2580 2060 2611 potius

1215 2627 1374 2657 perfectionis.

1281 2665 1289 2678 ⁷
1308 2668 1372 2690 vers.
1390 2668 1412 2691 t.
1423 2680 1454 2684 —
1465 2667 1583 2693 (nossem,
1600 2670 1660 2693 quae
1676 2666 1751 2698 sumta
1772 2666 1806 2686 est
1822 2669 1849 2686 ex
1865 2662 1927 2685 Beda
1945 2659 1980 2688 (in
1999 2659 2060 2680 hunc

1219 2706 1279 2735 loe),
1297 2705 1405 2729 exhibent
1423 2705 1519 2728 Strabus
1535 2707 1557 2727 et
1573 2705 1678 2732 Lyranus
1694 2706 1719 2726 ut
1735 2702 1891 2727 ordinariam.
1902 2711 1933 2716 —
1944 2699 1960 2720 L
1977 2696 2061 2719 omittit

1220 2745 1264 2767 hoc
1282 2751 1331 2772 arg.

1280 2782 1289 2795 ⁸
1307 2784 1372 2806 Vers.
1395 2783 1550 2806 a.—Glossa
1573 2784 1607 2804 est
1629 2780 1787 2805 interlinearis
1809 2778 1872 2807 apud
1894 2777 2060 2804 hymnum·-

1218 2823 1313 2846 lnterius
1330 2824 1442 2851 allegatur
1459 2823 1536 2845 maun.
1552 2821 1579 2848 5,
1592 2821 1620 2843 3:
1638 2821 1699 2844 Beati
1716 2825 1831 2849 pauperes
1849 2816 1937 2845 spiritu,
1949 2815 2058 2849 quoniam

1217 2862 1320 2890 ipsorum
1338 2865 1372 2884 est
1392 2867 1492 2889 regnum
1515 2860 1639 2883 caelorum,
1650 2872 1681 2877 -—
1692 2860 1745 2882 Post
1765 2856 1837 2880 verba
1860 2856 1953 2877 Glossae
1969 2854 2000 2876 L:
2017 2853 2059 2878 sed

1216 2900 1255 2925 isli
1269 2903 1325 2925 sunt
1339 2907 1457 2931 pauperes
1477 2899 1580 2929 spiritu:
1598 2905 1654 2929 erqo
1668 2896 1814 2929 pauperibus
1831 2893 1917 2924 spiritu
1935 2892 2016 2917 debent
2032 2893 2060 2924 fi-
