2285 3398
385 168 440 197 36⁰2

366 257 451 277 ‘runi
472 248 532 276 luci
551 251 723 285 comparata
743 248 890 276 invenitur
908 248 995 286 prior
1002 259 1012 282 ,·
1030 257 1093 279 ecce
1110 250 1222 287 pulcri-

272 629 368 656 Fortitudo

284 655 363 671 virtutis.

258 959 358 978 Rectitudo

251 983 363 1002 diffusionis.

255 1199 268 1218 N
273 1199 368 1218 olandum.

252 1482 297 1500 Inde
304 1482 369 1508 ‘oriun-

250 1508 279 1523 tur
292 1507 369 1524 virtutes

249 1528 360 1547 cardinales.

384 295 451 323 tutto
472 294 623 323 claritatis.
646 294 694 323 Ubi
716 294 788 324 enim
810 297 851 324 est
870 296 1019 332 speculum
1037 299 1064 325 et
1084 297 1181 334 imago
1196 300 1223 325 et

383 342 503 375 candor,
522 341 675 370 necessario
695 344 737 370 est
753 343 979 379 repraesentatio
1000 346 1027 372 et
1044 344 1221 381 pulcritudo.

387 402 400 414 «
416 388 573 418 Pulcritudo
593 388 661 417 nihil
682 389 756 418 aliud
783 392 825 418 est
851 398 935 427 quam
955 391 1105 428 aequalitas
1126 399 1222 419 nume-

383 445 445 466 rosa
457 438 464 453 ¹
477 447 504 470 »;
526 436 561 465 ibi
584 439 676 465 autem
698 439 763 465 sunt
776 436 895 466 rationes
909 446 1072 467 numerosae
1086 438 1119 467 ad
1135 446 1221 466 unum

384 484 519 513 reductae.
549 483 580 511 Et
610 483 675 520 quia
705 486 746 513 est
776 484 990 521 speciosissima,
1016 485 1076 513 ideo
1107 484 1223 521 attinyit

386 530 487 569 ubique
505 534 624 568 propter
644 539 732 559 suani
752 532 937 560 munditiam.

459 581 485 607 ὃ.
508 578 547 607 Ex
570 587 625 615 quo
646 578 788 616 sequitur,
810 579 883 616 quod
904 579 939 608 sit
959 579 1123 616 fortissima
1131 589 1140 612 ‚·
1162 579 1222 607 ideo

381 626 519 655 (licitur²:
543 626 723 667 Sapientiam
754 634 811 654 non
838 626 928 654 vincit
953 625 1076 654 malitia.
1100 625 1223 663 Attinqit

380 684 400 703 a
420 674 476 711 sine
499 683 586 713 usque
608 674 638 702 in
657 673 744 711 [inem
764 673 896 711 sortitam
917 681 979 701 ecce
1000 672 1142 710 fortitudo
1162 672 1221 701 vir-

381 723 465 751 tutis:
487 722 595 759 attingit
616 731 632 750 a
652 729 760 750 summo
781 721 824 750 vel
842 729 975 758 >supremo
997 728 1085 756 usque
1105 719 1140 748 ad
1161 719 1221 748 inli-

380 779 471 804 mum,
492 770 527 798 ab
548 769 696 798 intrinseco
716 776 806 805 usque
826 768 859 796 ad
880 767 1081 800 extrinsecum,
1103 775 1119 795 a
1133 766 1222 803 primo

381 825 468 854 usquc
490 817 523 845 ad
543 816 688 849 ultimum,
710 815 776 852 quia
796 814 899 851 ubique
930 817 971 843 est
1001 816 1128 842 centrum
1156 821 1222 842 suae

380 864 529 901 potentiae:
552 863 612 892 idco
634 863 723 891 virtus
743 862 803 891 eius
823 864 865 890 est
885 861 999 890 infinita-

459 913 484 939 9.
508 911 538 939 Et
559 919 594 939 ex
617 910 668 938 hoc
700 909 782 938 habet
812 908 1011 937 rectitudinem
1038 906 1227 945 diffusionis>

382 967 444 988 ecee
465 958 596 991 lustina,-
617 961 644 986 et
666 957 726 986 ideo
746 956 845 985 dicit³:
869 955 1000 993 Disponit
1032 955 1131 984 omnia
1150 951 1238 984 sua-'

380 996 526 1034 viters—
557 1006 588 1034 Et
618 1005 683 1042 quia
714 1004 835 1042 loquitur
864 1006 895 1032 ut
925 1002 1106 1040 philosophus
1132 1005 1160 1031 et
1190 1004 1221 1030 ut

380 1058 497 1082 amator
517 1053 692 1090 sapientiam
714 1052 774 1080 ideo
794 1051 874 1080 dicit:
896 1050 981 1079 Hanc
1008 1050 1109 1078 amavi
1128 1053 1153 1078 ct
1173 1058 1221 1078 ex-

380 1101 487 1139 quisivi
506 1109 526 1129 a
547 1101 690 1129 iuventute
711 1107 775 1127 nica
795 1102 819 1127 et
840 1097 971 1136 quaesivi
991 1105 1134 1134 sponsam·
1149 1095 1222 1126 milii

380 1157 443 1177 cam
464 1156 613 1176 assumere
632 1151 657 1175 ct
675 1150 791 1175 aniator
805 1145 903 1183 sactus
917 1153 984 1173 sani
998 1143 1112 1181 formae
1126 1143 1220 1177 itlius,-

381 1204 435 1225 non
456 1196 543 1224 solum
566 1198 678 1232 propter
700 1202 743 1227 se,
765 1193 811 1222 sed
837 1193 902 1230 quia
922 1193 957 1221 ab
978 1192 1024 1221 illa
1044 1192 1071 1220 in
1092 1199 1136 1220 me
1156 1199 1220 1219 con-

381 1245 527 1280 sequenter
548 1243 620 1270 liunt
640 1240 794 1270 consimiles
822 1240 1011 1277 proprietates.
1034 1238 1108 1268 Unde
1129 1238 1219 1267 statim

381 1294 441 1328 post
465 1290 605 1327 sequitur:
629 1288 814 1317 Soti-[etatem
841 1287 918 1319 enim
944 1291 969 1315 et
986 1286 1176 1324 prudentiam
1196 1288 1240 1314 et*

382 1337 523 1366 iustitiam
544 1340 568 1365 ct
591 1336 723 1365 cirtutcm
744 1335 838 1369 (locet,
852 1334 957 1373 quibus
978 1333 1080 1362 utilius
1094 1332 1168 1362 nihil
1181 1336 1220 1361 cst

383 1385 413 1413 [η
435 1385 494 1413 uita
515 1383 688 1412 hominibus.
1143 1377 1145 1379 ’
1211 1413 1217 1416 .

464 1433 504 1460 lo.
528 1431 595 1459 llaec
618 1429 815 1466 imprimuntur
830 1429 856 1457 in
870 1428 961 1457 anima
975 1436 1024 1465 per
1038 1428 1112 1456 illam
1130 1428 1220 1456 lucem

382 1478 568 1515 exemplarem
593 1480 620 1506 et
640 1476 809 1505 descendunt
836 1475 862 1504 in
887 1475 1080 1513 coynz'tivaiii,
1101 1475 1128 1503 in
1152 1474 1220 1512 affe·-

383 1525 505 1559 ctioain‚
528 1524 554 1552 in
576 1519 763 1561 operatioain.
786 1522 827 1550 Ex
848 1521 1009 1551 celsitudine
1028 1521 1157 1558 puritatis
1170 1521 1220 1549 im-

357 1592 361 1594 -
381 1572 510 1610 primitur
537 1571 693 1599 ‘sinceritas
718 1569 939 1606 temperaiuiae5
967 1576 1003 1601 ex
1035 1567 1240 1604 pulcritudine,

255 1953 329 1976 Triplex
342 1958 370 1971 ra-

244 1976 270 2003 tio
277 1977 331 2003 huius
340 1982 371 1995 no-

243 2006 306 2019 minis.

381 1619 512 1648 claritatis
532 1618 671 1649 serenitas
690 1616 881 1655 prudentiae;
901 1624 938 1644 ex
959 1615 1119 1643 tortitudine
1133 1614 1221 1643 virtu-

381 1667 416 1696 tis
435 1666 578 1695 stabilitas
599 1664 792 1697 constantiac;
812 1671 849 1692 ex
880 1662 1045 1691 rectitudine
1068 1661 1222 1690 diffusionis

380 1714 513 1742 suavicin-
529 1712 662 1741 institiae.
676 1728 713 1732 -—
724 1711 778 1739 liae
788 1713 853 1739 sunt
863 1708 983 1747 quatuor
997 1709 1115 1738 virtutes
1128 1717 1221 1737 erein—

379 1761 477 1798 plares
488 1762 509 1794 ⁴,
531 1759 564 1788 de
585 1758 687 1796 quibus
707 1760 764 1786 tota
777 1765 855 1786 sac-ra
869 1756 1011 1793 Scriptura
1030 1756 1101 1794 agiu
1122 1759 1150 1785 et
1163 1756 1221 1784 Ari-

382 1808 491 1837 stoteles
511 1807 579 1835 nihil
600 1806 633 1835 sle
665 1805 707 1834 his
735 1805 835 1839 sensit,
856 1804 903 1833 sed
923 1804 1028 1841 antiqui
1059 1806 1087 1833 et
1116 1803 1221 1833 nobiles

380 1855 544 1893 philosophi.

463 1903 505 1930 11.
536 1900 708 1930 Casilinates
734 1900 865 1929 dicuntur
893 1892 1053 1936 tripliciter:
1082 1898 1125 1927 vel
1156 1898 1222 1936 quia

384 1958 431 1987 per
453 1949 525 1986 ipsas
544 1950 585 1977 est
606 1946 809 1986 ‘inffl-cssnsad
829 1945 1029 1984 acquirendum
1050 1953 1145 1974 omues
1166 1945 1221 1985 vir-

384 1999 470 2030 tutes;
493 1996 534 2024 vel
555 1995 620 2032 quia
640 1997 705 2023 sunt
723 1993 915 2031 principales,
937 1993 963 2023 in
985 1992 1088 2029 quibus
1101 1991 1221 2029 integra-

996 171 1027 199 lN
1048 165 1267 201 HEXA‘EMERON
1287 172 1448 201 COLLATIO
1470 173 1510 203 Vl.

1279 253 1325 279 tur
1345 250 1434 278 omnis
1455 250 1559 285 virtus;
1582 252 1624 280 vel
1645 253 1711 290 quia
1734 254 1828 283 omnis
1858 256 1935 284 ratio
1962 256 2038 285 vitae
2066 256 2119 286 ltu«

1278 305 1384 325 nuinae
1405 297 1488 325 habet
1507 297 1586 334 dirigi
1608 301 1635 327 et
1656 299 1776 336 regulari
1808 308 1858 337 per
1884 309 1930 330 eas
1951 302 1979 331 in
1998 306 2119 339 quatuor

1278 343 1451 372 cardinibus*
1472 345 1566 373 mundi
1588 345 1717 379 minoris,
1739 346 1773 375 ad
1798 347 2003 377 similitudinem
2024 350 2118 378 mundi

1279 390 1405 423 maioris,
1427 395 1561 428 quantum
1583 392 1617 421 ad
1637 393 1754 422 activam
1775 396 1802 422 et
1822 394 2069 431 contemplativam.

1360 439 1403 467 12.
1426 439 1629 476 Philosophus⁵
1650 439 1731 474 dicit,
1753 440 1825 478 quod
1852 453 1865 466 (ι
1878 441 1967 470 virtus
1985 441 2035 470 'est
2062 450 2119 471 me-
2131 449 2185 469 Ratio
2198 450 2215 469 1.

1278 485 1354 514 dium
1375 485 1495 514 duarum
1516 487 1740 521 extremitatum,
1755 488 1997 525 secundumquod
2012 489 2120 526 sapiens

1277 532 1506 567 determinal›it»;
1528 536 1568 562 est
1589 534 1661 563 enim
1683 534 1710 563 in
1726 534 1870 564 medietate
1884 535 2042 564 consistens.
2059 536 2119 564 Vir-

1279 582 1324 607 tus
1341 579 1413 608 enim
1429 580 1580 609 secundum
1595 581 1792 617 augustinum,
1808 581 1833 609 in
1850 581 1921 610 libro
1934 582 1967 610 tle
1982 582 2118 616 Moribus,

1278 635 1332 655 non
1354 630 1395 655 est
1415 627 1488 655 aliud
1510 635 1593 664 quam
1614 628 1726 656 modus.
1742 628 1818 657 Hunc
1839 629 1958 657 modum
1972 629 2119 666 prudentia

1278 674 1396 707 invenit,
1415 677 1446 702 ut
1467 674 1492 702 in
1515 675 1642 704 omnibus
1663 683 1717 704 non
1738 675 1871 708 excedas,
1893 676 1940 704 sed
1961 676 2035 705 circa
2055 684 2118 705 cen-

1279 724 1353 749 trum
1375 720 1515 749 consistas.
1531 721 1605 751 Unde
1623 722 1770 759 prudentia
1783 722 1881 759 auriga
1895 726 1936 751 cst
1950 723 2086 752 virtutum
2097 724 2117 751 ⁶.

1278 768 1353 797 Unde
1373 768 1443 797 (licit
1460 769 1634 805 prudentia:
1649 778 1699 806 ego
1718 769 1807 799 inveni
1830 769 1958 804 modum3
1973 773 2000 799 et
2018 774 2118 808 tempe-

1278 815 1379 843 rantia
1393 816 1515 844 custodit
1530 819 1556 844 ct
1569 816 1648 845 dicit:
1664 820 1691 845 et
1715 817 1767 845 hoc
1789 817 1912 845 volebam
1927 825 1989 854 ego;
2006 817 2119 846 iustitia

1277 862 1442 899 distribuit,
1458 865 1556 891 utnon
1572 865 1678 892 tantum
1693 864 1758 892 velit
1772 864 1840 897 sibi,
1861 863 1908 892 sed
1929 865 1956 902 et
1977 864 2070 898 alteri;
2091 867 2119 893 et

1277 909 1342 947 quia
1363 909 1538 946 postmodum
1568 910 1733 947 multiplices
1763 910 1942 939 adversitates
1972 911 2117 946 eveniunt,

1276 956 1418 994 fortitudo
1439 956 1580 994 defwulit,
1603 965 1636 986 ne
1657 958 1788 994 perdatur
1810 957 1916 986 modus.

1358 1004 1401 1033 13.
1425 1004 1489 1032 ltein
1501 1027 1506 1037 ‚
1522 1004 1641 1033 secundo
1659 1004 1791 1034 (licuntur
1805 1004 1981 1039 cardinales,
1997 1005 2062 1042 quia
2076 1013 2118 1034 se·
2130 1012 2185 1032 Ratio
2197 1012 2215 1031 Ξ.

1277 1051 1398 1080 cundum
1419 1054 1497 1080 actus
1517 1051 1691 1088 accipiuntur
1713 1052 1888 1089 inthrantcs
1917 1052 2048 1086 virtutes,
2069 1053 2118 1089 qui

1277 1102 1341 1127 sunt
1362 1101 1500 1135 quatuor:
1522 1098 1692 1135 modificare
1712 1107 1759 1136 per
1781 1099 1978 1136 appositionem
2000 1100 2119 1129 circum-
2131 1107 2246 1131 Actaeam-

1276 1146 1455 1179 stantiarum,
1482 1145 1641 1182 rectificare
1658 1161 1695 1166 —
1714 1148 1756 1174 est
1782 1146 1855 1174 enim
1880 1149 1955 1176 recta
1978 1146 2048 1175 ratio
2070 1146 2119 1176 du-
2165 1132 2213 1149 ‘¹¹⁰⁷'

1276 1201 1340 1222 cens
1355 1193 1381 1221 in
1396 1192 1490 1225 finem,
1507 1200 1661 1230 coaequans
1676 1193 1781 1230 legibus
1793 1193 1803 1209 ⁷
1818 1210 1855 1214 —-—
1870 1193 2018 1228 ordinare,
2030 1193 2118 1222 stabi-

1277 1240 1336 1268 lirc.
1353 1239 1391 1268 Ab
1407 1240 1457 1268 hoc
1471 1239 1571 1268 (licitur
1586 1239 1690 1273 virtus,
1707 1240 1772 1277 quia
1792 1242 1834 1269 est
1854 1239 1941 1268 robur
1961 1240 2060 1270 mentis
2084 1240 2117 1269 ad

1277 1287 1379 1316 honum
1400 1286 1554 1315 laciendum
1575 1290 1601 1315 et
1623 1287 1726 1315 malum
1745 1287 1912 1316 evitandum.
1928 1287 2118 1324 Temperantia

1275 1333 1439 1370 modificat,
1463 1334 1607 1370 prudentia
1625 1334 1783 1371 rectificat,
1800 1334 2048 1372 iustitiaortlinat,
2063 1335 2118 1364 for-

1277 1380 1364 1409 titudo
1384 1380 1500 1409 stabilit.
1524 1381 1555 1408 Et
1578 1389 1673 1409 omnes
1704 1389 1733 1410 se
1764 1381 2009 1410 circumincedunt.
2031 1381 2118 1418 Opor-⁴

1276 1430 1315 1456 tet
1345 1427 1433 1461 enim,
1461 1425 1544 1464 quod
1567 1428 1748 1464 temperantia
1778 1428 1812 1456 sit
1840 1428 1987 1465 prudens,
2016 1428 2119 1458 iustitia

1276 1473 1380 1511 sorti35
1405 1474 1485 1508 item,
1514 1474 1587 1511 quod
1614 1474 1762 1510 prudentia
1788 1474 1823 1502 sit
1853 1474 1967 1509 sobria,
1989 1474 2068 1505 iusta
2092 1478 2119 1503 et

1276 1520 1363 1558 fortis
1383 1524 1434 1549 etc.
1454 1520 1642 1557 ‹Jregorius22
1664 1520 1806 1557 Quomodo
1828 1524 1915 1557 potest
1942 1521 2002 1550 esse
2027 1521 2118 1556 sortis,

1277 1567 1328 1597 nisi
1349 1567 1385 1596 sit
1405 1567 1546 1604 prudens?
1560 1568 1736 1596 Temerarius
1756 1571 1798 1596 est
1811 1568 1882 1596 enim
1898 1568 1945 1605 qui
1960 1567 2119 1605 aggreditur

1277 1614 1351 1652 quod
1372 1622 1456 1651 super
1471 1614 1545 1643 vires
1565 1617 1621 1649 est;
1636 1617 1664 1643 et
1683 1614 1744 1643 ideo
1758 1614 1875 1647 virtutes
1890 1618 1955 1643 sunt
1969 1622 2118 1643 connexae.

1359 1661 1401 1690 lli.
1424 1661 1505 1695 Item,
1521 1661 1602 1690 tertio
1619 1661 1699 1690 modo
1719 1662 1850 1691 dicuntur
1864 1661 2040 1696 cardinales,
2055 1661 2121 1698 quia
2133 1669 2188 1689 Ratio
2200 1670 2217 1688 3.

1277 1708 1371 1738 ovinis
1391 1708 1452 1737 vita
1473 1707 1598 1737 hominis
1618 1708 1662 1737 his
1692 1711 1812 1746 quatuor
1840 1709 1998 1738 cardinibus
2018 1708 2120 1746 guber·

1277 1759 1375 1790 natum
1397 1756 1468 1785 sicut
1488 1756 1527 1785 sol
1549 1755 1632 1785 habet
1653 1758 1773 1793 quatuor
1798 1759 1925 1793 aspectus
1945 1755 1979 1785 ad
1999 1758 2120 1793 quatuor

1277 1806 1370 1840 partes
1396 1803 1508 1837 mundi,
1530 1803 1633 1832 scilicet
1659 1803 1809 1837 orientem,
1831 1803 1990 1838 meridiem,
2015 1802 2120 1840 aquilo-

1277 1859 1356 1885 nem,
1377 1850 1558 1884 occidentem,
1580 1850 1608 1879 in
1628 1850 1731 1887 quibus
1752 1850 1834 1879 habet
1854 1853 1975 1887 quatuor
1996 1850 2120 1887 proprie-

1277 1900 1354 1926 tates.
1371 1898 1389 1926 A
1411 1898 1467 1926 sole
1487 1900 1580 1926 antem
1600 1897 1689 1926 omnis
1709 1897 1779 1926 vita:
1802 1897 1828 1926 in
1849 1897 1955 1927 oriente
1976 1897 2119 1934 purificat,

1278 1945 1305 1973 in
1330 1944 1445 1974 meridie
1472 1944 1624 1979 illuminat,
1645 1944 1672 1973 in
1700 1944 1828 1982 aquilone
1856 1944 1973 1978 stabilit,
1994 1944 2022 1972 in
2049 1943 2120 1972 occi-

1277 1992 1358 2021 dente
1382 1991 1514 2020 conciliat.
1544 1991 1586 2020 Sic
1610 1991 1658 2020 Sol
1683 1991 1810 2020 institiae
1838 1991 1865 2020 in
1892 1991 1998 2020 oriente
2022 1990 2120 2020 mentis

447 2157 454 2170 ¹
473 2158 604 2180 secundum
622 2158 730 2185 August.;
747 2158 788 2179 cfr.
805 2163 874 2185 supra
892 2163 946 2185 pag.
963 2156 1003 2179 301
1015 2173 1022 2183 ,
1035 2158 1092 2179 nota
1105 2156 1167 2178 l.—
1178 2155 1221 2177 Pro

383 2197 567 2228 repraesentatio
583 2198 605 2220 et
618 2196 754 2226 pulcritudo
770 2197 789 2219 B
806 2202 854 2219 esse
865 2195 1063 2226 pulcritudinem.-
1075 2195 1221 2218 adiunximus

384 2239 405 2261 ct
418 2236 567 2267 pulcritudo,
585 2236 649 2265 quod
666 2236 688 2258 in
705 2236 773 2259 codd.
790 2238 813 2258 et
829 2236 880 2258 Vat.
897 2235 987 2258 excidit.

446 2275 455 2289 ²
472 2277 526 2304 Sap.
542 2275 570 2301 7,
588 2276 624 2298 30.
642 2279 663 2297 ct
680 2276 705 2302 8,
724 2276 744 2297 l.
761 2287 791 2292 ·-
808 2275 903 2298 luterius
919 2274 1040 2302 respicitur
1061 2273 1127 2297 Alan.
1143 2272 1173 2295 ab
1190 2274 1222 2296 ln-

382 2315 451 2343 sulis,
469 2316 581 2343 Theolog.
598 2315 671 2343 regul.
687 2315 759 2342 regul.
776 2314 804 2336 7:
822 2315 882 2337 Deus
899 2317 933 2336 est
948 2314 1046 2341 sphaera
1064 2311 1222 2340 intelligibilis,

385 2354 450 2377 cuius
475 2356 578 2376 centrum
604 2353 701 2381 ubique,
726 2352 909 2375 circumferentia
934 2358 1048 2381 nusquam
1074 2351 1125 2380 (cl'r.
1152 2357 1222 2379 supra

384 2400 440 2423 pag.
457 2393 514 2420 310,
532 2396 584 2415 nota
601 2393 640 2421 3,).

447 2430 456 2444 ³
474 2433 527 2460 Sap.
544 2433 571 2459 8,
590 2432 609 2454 1.
626 2431 682 2454 lbid.
700 2438 722 2453 v.
740 2432 762 2454 2.
779 2434 801 2454 ct
816 2431 839 2454 7.
856 2434 909 2454 suut
925 2432 971 2454 duo
988 2437 1054 2460 seqq.
1072 2430 1124 2454 loci.

446 2471 456 2488 θ
472 2471 546 2495 codd.
563 2473 585 2493 ot
606 2471 657 2492 Vnt.
679 2470 824 2498 cardinales,
842 2471 883 2493 sed
905 2473 983 2494 mntra
1007 2472 1152 2497 contextum,
1168 2475 1221 2491 cum

386 2510 517 2543 Aristotcles
531 2516 579 2533 non
595 2509 741 2537 cardinales,
759 2510 799 2532 sed
816 2510 965 2539 eoeemplurcs
982 2512 1007 2532 ut
1023 2509 1148 2538 platonicas
1160 2509 1223 2533 ideas

385 2550 479 2573 reiicere
497 2549 601 2572 videatur
618 2550 668 2577 (etr.
685 2555 755 2577 supra
772 2555 794 2572 n.
812 2549 852 2577 2.).
868 2550 977 2577 August.‚
994 2549 1031 2571 lV.
1048 2551 1127 2571 contra
1144 2548 1222 2572 lulian.

386 2589 499 2617 Pelagian.
516 2594 536 2611 c.
553 2589 575 2611 3.
592 2595 616 2610 n.
634 2588 674 2610 117:
692 2588 778 2610 Verum
801 2590 824 2610 tu
843 2588 864 2610 in
882 2589 924 2610 hac
945 2594 1027 2615 causa,
1044 2588 1085 2611 etsi
1107 2587 1137 2611 nd
1158 2588 1223 2609 scho-

384 2629 430 2651 lam
448 2629 590 2656 Pythagorae
606 2633 720 2655 provoces
736 2627 772 2649 vel
794 2627 904 2653 Platonis,
922 2626 960 2649 ubi
983 2626 1128 2650 eruditissimi
1153 2628 1223 2655 atque

387 2667 511 2690 doctissimi
523 2667 578 2694 viri,
590 2668 661 2689 multo
677 2666 835 2689 excellentiore
847 2666 927 2688 ceteris
938 2666 1082 2694 philosophia
1099 2665 1209 2689 nobilitati
1216 2683 1222 2695 ,

387 2713 454 2729 veras
468 2707 564 2729 virtutos
580 2713 625 2729 non
638 2712 688 2728 esse
699 2705 818 2732 dicebant,
830 2705 872 2728 nisi
885 2711 944 2734 quae
956 2705 1025 2728 menti
1037 2706 1139 2734 quodam
1151 2705 1221 2728 modo

387 2746 548 2774 imprimuntur
560 2752 572 2767 a
586 2747 657 2767 forma
675 2745 733 2767 illius
749 2746 853 2766 aeternae
865 2743 1059 2772 immutabilisque
1070 2743 1222 2771 substantiae,

386 2785 450 2814 quod
467 2788 501 2807 est
517 2785 577 2807 Deus
594 2787 636 2806 etv.

448 2823 457 2840 '⁵
474 2823 535 2847 Lihr.
557 2824 580 2846 ll.
603 2823 673 2845 isthic.
692 2829 712 2844 c.
729 2823 750 2844 6.
766 2834 797 2842 --·
814 2823 928 2845 Sententia
951 2822 1070 2850 Augustini
1096 2823 1222 2848 insinuatur

387 2865 410 2887 in
427 2865 442 2887 l.
458 2864 488 2886 dc
504 2862 604 2886 Moribus
622 2862 705 2884 Ecclcs.
722 2862 805 2884 cathol.
821 2868 841 2883 c.
859 2862 895 2884 19,
912 2867 935 2883 11.
952 2861 993 2888 35,
1011 2860 1049 2883 ubi
1067 2861 1146 2888 docet,
1158 2861 1222 2890 quod

387 2910 414 2927 cx
430 2906 528 2933 quatuor
545 2901 667 2924 virtutIhus
684 2900 837 2923 cardinalibus
854 2901 969 2923 eruendus
985 2900 1013 2923 sit
1029 2899 1112 2923 modus
1124 2900 1222 2923 ruendi.

387 2944 409 2965 ln
427 2942 485 2965 libro
502 2942 532 2965 de
548 2943 615 2964 Beata
633 2941 696 2967 Vita,
714 2947 736 2963 u.
753 2940 795 2967 33,
812 2939 878 2966 dicit,
890 2939 954 2967 quod
970 2939 1079 2967 sapientia
1096 2948 1106 2959 u
1118 2939 1172 2961 nihil
1190 2942 1223 2961 est

388 2981 448 3004 uliud
465 2987 535 3010 quam
553 2981 635 3003 modus
652 2979 733 3006 animi,
751 2980 794 3001 hoc
810 2980 856 3005 est,
873 2985 919 3006 quo
937 2984 987 3000 sese
1003 2978 1093 3000 animus
1110 2977 1186 3005 librat,
1199 2980 1223 3000 ut

1279 2161 1355 2184 neque
1370 2158 1474 2178 excurrat
1486 2155 1507 2177 in
1520 2155 1629 2181 nimium,
1641 2160 1717 2183 neque
1734 2154 1791 2177 intra
1808 2159 1879 2182 quam
1897 2154 1992 2181 plenum
2008 2154 2043 2174 est
2059 2158 2121 2174 coar-

1278 2197 1360 2217 ctetur.
1380 2194 1482 2217 Excurrit
1504 2197 1580 2216 autem
1603 2194 1625 2216 in
1648 2192 1759 2220 luxurias¹
1776 2192 1958 2219 dominatIOnes,
1975 2190 2120 2222 superbias...

1279 2233 1411 2256 Coarctatur
1428 2236 1505 2256 autem
1522 2232 1643 2260 sordibus,
1660 2233 1760 2255 timore»
1780 2235 1825 2255 etc.
1842 2231 1972 2260 (Posuimus
1984 2229 2009 2253 in
2020 2228 2080 2259 libro
2091 2228 2119 2252 de

1279 2272 1398 2301 Moribus,
1416 2279 1459 2301 pro
1476 2278 1523 2302 quo
1540 2272 1609 2295 codd.
1625 2272 1662 2294 vel
1679 2271 1703 2295 in
1720 2271 1780 2298 libro
1797 2271 1824 2295 de
1841 2269 1985 2297 Moe-atibus,
1998 2269 2034 2291 vel
2052 2268 2076 2291 in
2093 2267 2123 2301 li-⁴

1278 2311 1322 2335 bro
1338 2311 1366 2335 de
1382 2311 1469 2341 Modo).

1341 2350 1351 2363 ὅ
1369 2351 1500 2375 Secundum
1518 2350 1641 2378 uernam,
1658 2351 1674 2373 l.
1691 2350 1721 2372 de
1736 2349 1878 2373 Considerat.
1895 2354 1915 2370 c.
1933 2348 1954 2371 8.
1971 2354 1994 2371 n.
2011 2347 2033 2371 9.
2049 2348 2072 2370 et
2083 2346 2091 2368 l
2102 2346 2119 2376 l,

1279 2394 1304 2413 ut
1320 2391 1402 2414 dicitur
1420 2391 1452 2413 lll.
1469 2391 1531 2413 Sent.
1548 2390 1572 2412 d.
1588 2390 1626 2412 23.
1643 2396 1664 2412 a.
1681 2389 1703 2411 l.
1718 2395 1742 2418 q.
1761 2388 1822 2411 trin
1839 2393 1903 2415 corp.
1926 2386 1945 2415 (1
1953 2386 1990 2409 ide
2010 2384 2065 2408 ibid.
2082 2391 2120 2407 no-

1280 2433 1326 2452 tam
1344 2429 1384 2459 3.).
1402 2429 1522 2456 Βο11131·(1.,
1540 2429 1583 2451 loc.
1599 2428 1648 2455 cit.,
1665 2434 1731 2457 seqq.
1748 2426 1855 2450 insinuat.

1341 2467 1350 2483 ⁷
1367 2469 1496 2497 Respicitur
1513 2468 1614 2496 dellnitio
1631 2467 1721 2490 xirtutis
1737 2468 1813 2490 sumta
1830 2472 1856 2488 ox
1873 2465 1983 2493 August„
2000 2465 2015 2487 l.
2027 2463 2120 2492 soliloq.

1279 2515 1299 2531 c.
1318 2509 1338 2532 6.
1356 2514 1383 2532 11.·
1398 2509 1439 2532 ⁴3:
1456 2508 1534 2531 Virtus
1550 2510 1584 2530 est
1600 2507 1637 2529 vel
1654 2509 1715 2529 recta
1731 2506 1768 2528 vel
1786 2506 1886 2536 perfecta
1903 2504 1961 2526 ratio
1983 2503 2119 2532 perveniens

1279 2548 1309 2569 ad
1326 2549 1396 2570 linem
1413 2553 1488 2569 suum.
1506 2546 1552 2569 Ct‘r.
1568 2545 1625 2568 liber
1642 2546 1671 2568 dc
1689 2544 1773 2574 Spiritu
1790 2547 1813 2567 ct
1829 2543 1905 2566 anima
1917 2543 1984 2571 (inter
1995 2548 2065 2571 opera
2077 2541 2120 2564 Au-

1280 2586 1349 2615 gust.)
1367 2592 1387 2608 c.
1404 2587 1426 2609 3.
1443 2588 1465 2608 ct
1482 2586 1519 2608 20.

1341 2624 1351 2637 Β
1369 2625 1508 2648 Sententiam
1525 2626 1595 2652 hanc,
1611 2624 1630 2647 si
1648 2623 1718 2648 cerba
1734 2623 1892 2649 attendantur,
1904 2622 2000 2649 Gregor.
2015 2619 2120 2648 exprimit

1279 2666 1295 2687 l.
1312 2665 1389 2687 llloral.
1406 2671 1426 2687 c.
1444 2665 1481 2687 32.
1498 2671 1520 2686 n.
1539 2664 1580 2691 45,
1596 2663 1636 2686 ubi
1653 2669 1725 2691 agens
1751 2662 1780 2685 dc
1804 2661 1872 2684 donis
1897 2660 1995 2689 Spiritus
2011 2660 2033 2681 S.
2050 2658 2120 2687 (quae

1279 2703 1310 2726 ab
1327 2704 1377 2732 ipso
1395 2703 1492 2727 vntules
1508 2702 1666 2731 nominantur)
1683 2701 1748 2724 dicit:
1774 2709 1784 2721 ιι
1797 2700 1870 2724 Valde
1891 2698 2004 2730 fortitudo
2026 2697 2119 2720 destrui-

1280 2746 1323 2771 tur,
1336 2743 1377 2766 nisi
1395 2750 1436 2772 per
1452 2742 1577 2766 consilium
1595 2742 1712 2769 fulciatur5
1729 2740 1794 2770 quia,
1809 2746 1856 2769 quo
1873 2740 1925 2768 plus
1942 2745 1966 2761 se
1982 2743 2051 2766 posse
2068 2743 2119 2759 con-

1279 2783 1358 2811 spicit,
1371 2789 1398 2805 co
1413 2783 1485 2805 xirtus
1502 2782 1550 2804 sine
1567 2781 1661 2804 rationis
1677 2779 1835 2803 moderamine
1852 2779 1952 2803 deterius
1969 2777 1990 2800 in
2008 2782 2119 2805 praeceps

1279 2822 1324 2844 ruit
1336 2831 1358 2845 n.
1374 2822 1436 2844 ldem
1454 2821 1522 2844 (locet
1538 2822 1562 2843 ll.
1578 2820 1661 2842 llomil.
1678 2819 1700 2841 in
1718 2820 1798 2841 Ezech.
1816 2818 1894 2841 homil.
1905 2818 1927 2840 7.
1940 2824 1962 2839 11.
1972 2816 1995 2838 7.
2006 2815 2052 2839 Cir.
2064 2815 2119 2839 ibid.

1280 2862 1342 2883 hom.
1365 2861 1397 2883 10.
1414 2867 1438 2883 n.
1456 2860 1492 2882 48.
1509 2862 1531 2882 et
1548 2858 1585 2881 lib.
1603 2859 1618 2881 l.
1635 2858 1714 2881 homil.
1731 2858 1752 2880 3.
1770 2864 1793 2880 11.
1811 2858 1836 2879 S:
1854 2856 1914 2887 Quid
1931 2855 1991 2879 enim
2008 2853 2119 2882 prodesse

1280 2903 1353 2927 potest
1366 2899 1499 2928 prudentia,
1511 2899 1530 2921 si
1543 2898 1649 2921 fortitudo
1662 2897 1735 2920 desit?
1752 2897 1814 2919 Scire
1830 2895 1913 2918 etenim
1930 2893 2037 2923 cuiquam
2055 2892 2119 2920 quod

1278 2945 1327 2965 non
1343 2941 1418 2967 potest
1436 2940 1510 2961 lacere
1526 2943 1600 2970 poena
1618 2937 1692 2965 magis
1706 2942 1778 2966 quam
1796 2935 1868 2958 virtus
1885 2936 1925 2957 cst.
1941 2945 1972 2949 —
1989 2933 2021 2955 De
2038 2936 2119 2953 conne-

1280 2978 1347 2999 xione
1363 2977 1472 2999 xii-tutum
1490 2977 1543 3000 ride
1559 2977 1592 2999 ΙΙΙ.
1609 2977 1671 2999 Sent.
1687 2976 1711 2998 d.
1728 2976 1765 3001 36.
1781 2982 1805 3004 q.
1823 2975 1846 2997 3.
