2285 3398
824 126 854 154 ιΝ
876 119 1096 155 ιιΕΧιιΕινιΕιιοΝ
1118 127 1286 156 senonen.

185 206 245 226 trum
258 203 302 226 iam
314 203 441 226 exhibitum
455 204 475 226 in
488 210 530 226 suo
543 204 657 233 Breviloq.
667 203 790 233 (Prologss
802 202 832 232 1.)
842 206 865 226 et
877 204 913 226 hic
923 203 1026 226 diffusius

184 245 206 265 ot
222 243 325 271 quodam
343 243 413 265 modo
435 243 522 266 auctori
545 243 640 271 proprio
662 243 800 271 expositum.
817 243 911 266 Multum
931 242 1026 271 quidem

184 283 233 311 ipse
249 285 376 311 occupatur
394 283 416 305 in
434 282 514 310 triplici
533 289 601 305 sensu
619 282 716 310 mystico
737 282 889 311 exponendo,
906 282 946 305 sed
964 287 1027 310 prae-

184 323 291 351 requirit,
308 324 332 345 ut
349 323 413 351 prius
435 329 477 351 per
499 323 616 345 assiduam
637 323 759 345 lectionem
781 322 860 346 littera
877 325 950 346 textus
966 329 1028 345 com-

186 362 306 385 mendetur
324 362 461 390 memoriae,
478 369 521 385 nec
539 362 626 392 ubique
642 363 691 385 vult
708 369 758 385 csse
774 363 932 391 quaerendam
951 361 1026 390 mysti-

184 407 234 423 cam
252 401 432 430 expositionem
450 401 505 424 nihil
523 404 599 424 tamen
616 402 666 424 vult
683 402 704 424 in
727 402 842 430 Scriptura
861 408 911 424 esse
927 403 1027 424 contem-

185 440 287 463 nendum
305 444 415 470 tanquam
433 441 528 470 inutile,
547 441 603 463 nihil
620 441 779 469 respuendum
798 443 907 470 tanquam
924 440 1026 471 salsum,

183 480 238 502 nihil
255 480 427 509 repudiandum
445 483 555 510 tanquam
578 480 688 510 iniquum
711 481 763 510 (loc.
785 481 822 504 cit.
839 482 852 510 5
870 482 891 503 6.
917 481 942 508 5,
960 482 982 503 et
998 480 1027 503 de

184 526 253 543 sensu
271 520 358 543 litterali
377 521 413 543 hic
431 527 453 543 n.
471 520 508 543 10.
526 520 562 543 11.
581 520 618 543 16.
636 520 691 549 17.).
713 520 879 543 Observatione
901 520 971 549 digna
994 522 1028 542 cst

184 558 259 588 ratio,
276 566 348 588 quam
365 561 430 583 atl'ert
447 559 479 589 (n.
497 559 552 589 12.),
565 562 589 582 ιιι
601 559 696 588 probet,
709 563 761 588 post
772 561 862 589 lapsum
880 560 971 589 generis
988 560 1027 582 hu-

185 599 245 621 mani
264 600 339 627 primo
356 599 414 623 libro
432 603 589 622 creaturarum
606 599 677 622 alium
694 599 777 623 librum
796 607 808 623 ιι
826 601 873 623 Deo
890 599 1027 623 convenien-

185 642 217 659 ter
234 638 408 667 adiungendum
426 639 503 662 tuisse.
519 638 578 662 Cum
594 640 656 662 enlm
675 640 742 667 primi
759 640 809 662 libri
827 640 878 663 tln's
886 638 1027 670 principalis

186 679 262 706 tuerit,
279 681 304 701 ut
320 679 439 701 hominem
461 685 502 707 per
523 680 741 707 contemplationem
763 680 884 702 reduceret
907 680 929 702 in
946 679 1027 706 Deum,

184 721 206 740 ct
223 718 284 740 idem
306 717 385 740 «liber
402 718 467 747 quasi
493 720 612 741 emortuus
636 721 659 741 et
683 720 772 742 deletus
797 722 868 747 esset,
887 718 1028 742 necessarius

186 758 226 780 tuit
242 757 305 781 nlius
322 757 390 785 liber,
408 764 448 785 per
465 764 536 787 quem
554 757 596 782 iste
613 759 792 787 illumInaretur,
810 762 835 782 ut
852 759 966 788 acciperet
983 765 1027 781 me-

186 799 292 826 taphoras
317 803 419 820 rerum...
436 796 503 819 Liber
520 803 576 825 ergo
594 798 725 826 Scripturae
742 799 887 827 reparativus
906 801 941 821 est
960 799 1028 821 totius

185 838 264 860 mundi
293 837 322 859 ad
350 837 423 859 Deum
452 837 655 865 cognoscendum,
683 838 839 866 laudandum,
867 838 992 861 amandum
1006 847 1028 861 n.

185 878 287 906 Quatuor
304 876 359 898 alias
376 876 487 904 speciales
504 876 604 898 rationes
621 878 746 900 atl'eruntur
764 877 800 907 14.
818 884 841 899 ιι.
857 876 919 900 7-11.
937 877 987 906 (cir.
1004 878 1028 900 ll.

185 917 245 939 Tim.
262 917 288 943 3,
307 915 361 944 16.).
378 915 417 937 llis
434 915 526 938 additur
542 916 706 943 specialissima
724 918 781 939 ratio
798 918 900 946 exposita
919 918 939 940 in
952 917 1028 940 Brevi-

184 956 261 985 loquio
279 955 379 985 (Prolog.
396 954 410 983 S
429 956 450 977 2.
474 955 496 977 in
518 955 572 984 nne)
600 958 621 978 et
644 956 680 978 hic
703 957 788 984 passim
813 958 946 985 supposita,
963 958 1028 986 quod

184 996 269 1018 scilicet
285 995 314 1018 sit
330 995 395 1022 data,
412 996 437 1016 ut
453 994 584 1022 pulcritudo
601 995 689 1017 ordinis
707 998 728 1018 et
744 995 864 1024 regiminis
885 996 908 1018 in
928 996 1027 1019 decursu

185 1035 278 1062 mundi,
295 1040 355 1063 quac
372 1034 415 1056 nisi
432 1039 458 1055 ea
476 1034 523 1056 tola
540 1034 658 1062 videatur,
685 1035 784 1063 perspici
806 1040 852 1056 non
874 1034 959 1062 possit,
982 1041 1028 1057 ma-

186 1076 302 1097 nifestetur
319 1072 386 1096 nobis
403 1079 444 1101 per
465 1072 573 1095 «librum
591 1073 734 1101 Scripturae,
747 1073 812 1095 cuius
827 1073 947 1101 longitudo
967 1079 1028 1095 com-

185 1115 276 1137 metitur
293 1119 318 1135 se
335 1112 443 1135 decursui
460 1112 579 1140 regiminis
595 1112 698 1135 universi
711 1122 731 1135 ».
742 1125 774 1129 —
784 1112 842 1135 Cum
855 1113 899 1134 hoc
913 1112 1027 1140 principio

185 1155 291 1176 cohaeret
307 1152 415 1179 assertio,
433 1151 496 1180 quod
513 1151 535 1173 in
553 1152 598 1173 [ine
615 1154 746 1180 temporum
759 1151 833 1179 magis
844 1150 1027 1174 manifestabitur

185 1192 337 1223 intelliqentia
353 1198 373 1214 S.
390 1190 534 1219 scripturae,
551 1191 617 1213 cuius
634 1192 699 1219 plura
716 1190 824 1219 mysteria
846 1190 951 1213 nondum
968 1196 1027 1213 rese-

185 1236 231 1255 rata
248 1234 313 1259 sunt,
330 1230 464 1259 praesertim
482 1230 598 1259 quaedam
624 1230 759 1258 prophetiae
781 1229 803 1251 in
828 1229 948 1257 Prophetis
964 1232 987 1252 et
1003 1229 1027 1251 in

184 1271 322 1301 Apocalypsi
340 1271 467 1293 contentae.
485 1268 535 1297 (etr.
553 1269 591 1291 13.
607 1275 631 1291 ιι.
646 1268 670 1291 7.
687 1269 713 1296 83
731 1268 768 1290 16.
784 1274 808 1290 n.
821 1268 862 1295 19;
880 1268 917 1290 20.
934 1267 1027 1297 ῐι.15.).

185 1312 251 1339 Nam,
269 1313 294 1333 ut
310 1309 395 1338 pluries
412 1308 505 1336 repetit,
522 1308 561 1336 qui
582 1316 594 1328 «ι
606 1308 696 1336 ignorat
708 1309 764 1330 haec
776 1309 879 1335 tempora
892 1314 939 1330 non
951 1309 1027 1335 potest

185 1351 262 1373 venire
280 1349 309 1372 ad
326 1348 460 1377 mysterium
478 1347 668 1375 scripturarum»
689 1346 736 1376 (15.
753 1353 775 1369 ιι.
792 1346 848 1375 20.).

247 1391 269 1413 2.
287 1388 393 1412 Secundo
419 1390 564 1415 exponuntur
585 1386 698 1417 mysteria
722 1387 745 1409 et
766 1386 861 1417 fiqurae
882 1387 1042 1418 Scripturas„

184 1436 244 1460 quae
261 1430 390 1452 reseruntur
402 1427 431 1450 ad
442 1426 558 1450 Christum
576 1426 705 1449 secundum
722 1429 791 1453 caput
808 1426 904 1455 eiusque
921 1425 1026 1449 membra

185 1469 293 1498 mystica,
310 1470 331 1489 et
348 1472 374 1489 ex
391 1465 498 1493 opposito
516 1465 583 1487 etiam
601 1464 631 1487 ad
647 1464 806 1487 antichristum
829 1464 913 1494 (collat.
934 1465 968 1487 14.
985 1471 1026 1493 per

185 1514 254 1532 totam
266 1511 288 1530 et
304 1507 337 1530 15.
349 1513 371 1528 ιι.
384 1504 446 1534 1«9.).
462 1504 629 1528 Observatione
646 1504 717 1532 digna
733 1507 787 1527 sunt
798 1504 858 1527 dicta
871 1505 900 1528 de
915 1505 1025 1533 singulari

184 1552 206 1572 ct
223 1548 328 1571 distincto
345 1544 439 1573 ordine,
457 1550 527 1573 quem
540 1543 624 1567 habent
636 1544 778 1572 Scripturae,
791 1551 862 1573 quem
874 1551 958 1567 vocare
975 1551 1026 1573 pos-

183 1593 264 1610 ¹<umus
280 1583 421 1615 organicum
439 1583 485 1611 (14.
502 1590 526 1606 n.
543 1583 587 1613 5.);
606 1583 673 1611 item,
690 1582 762 1605 verba
780 1583 809 1606 de
826 1584 971 1612 quadruplici
989 1589 1026 1606 ea-

183 1633 233 1650 rum
251 1626 297 1657 fine
315 1624 345 1649 (n.
362 1623 447 1652 7-11.);
465 1624 518 1646 item
536 1623 640 1647 reductio
658 1629 737 1646 earum
755 1623 784 1645 ad
802 1624 927 1646 duodecim
944 1623 1027 1652 princi-

183 1666 242 1694 palia
264 1663 384 1692 mysteria,
400 1669 500 1692 quorum
523 1663 708 1692 unumquodque
730 1662 799 1685 habet
821 1666 919 1692 quatuor
944 1662 1025 1685 Christi

184 1707 268 1734 tiguras
294 1704 326 1733 (n.
343 1702 441 1732 12-30.),
458 1703 544 1732 quibus
562 1704 590 1727 48
608 1703 688 1732 liguris
705 1702 787 1726 Christi
804 1705 955 1731 opponuntur
972 1703 1027 1725 duo-

184 1745 257 1768 decim
275 1744 364 1772 figurae
381 1743 505 1765 antichristi
524 1743 571 1769 (15.
587 1744 689 1772 ιι.1-9.).

246 1785 268 1807 3.
286 1783 362 1805 Tertia
380 1788 433 1809 pars
450 1783 498 1810 agit
514 1782 543 1805 de
560 1782 656 1806 theoriis
674 1789 700 1805 cx
717 1789 736 1805 s.
761 1783 879 1810 Scriptura
897 1788 938 1810 per
955 1782 1026 1805 consi-

184 1823 325 1847 derationem
342 1822 469 1844 humanam
486 1822 616 1849 eliciendis,
634 1828 694 1851 quae
712 1822 790 1850 incipit
812 1822 835 1844 in
856 1822 880 1844 11.
903 1824 966 1850 parte
983 1822 1027 1844 col-

184 1862 273 1886 lationis
296 1861 332 1883 15.
357 1860 393 1889 (ιι.
417 1860 536 1890 ¹12.).ilae
559 1861 731 1889 distinguuntur
754 1861 876 1889 dupliciter
897 1861 1026 1883 secundum

185 1903 300 1931 duplicem
318 1900 509 1928 productionem,
526 1900 612 1923 scilicet
627 1900 745 1923 seminum
770 1903 792 1923 et
812 1900 949 1930 fructuum,
967 1907 1027 1930 quae

185 1943 205 1964 in
218 1940 300 1963 Genesi
318 1939 464 1967 assignantur
481 1940 560 1962 tertiae
577 1939 631 1962 diei.
643 1940 676 1962 De
688 1940 768 1968 primis
783 1942 890 1963 tractatur
903 1941 977 1963 collat.
993 1940 1027 1962 1·’5.

185 1989 206 2004 ιι.
224 1982 262 2003 10.
278 1986 343 2009 seqq.
361 1982 383 2002 et
401 1979 437 2002 16.
454 1985 496 2007 per
513 1982 596 2007 totam,
613 1982 635 2002 et
651 1981 719 2002 simul
736 1980 874 2009 proponitur
889 1983 1027 2008 conspectus

184 2019 303 2043 ‹·uiusda1n
322 2017 487 2048 philosophiae
508 2018 633 2048 historiae,
652 2023 676 2042 ut
692 2026 754 2042 nunc
771 2020 846 2047 aiunt,
862 2025 923 2049 quae
940 2020 1027 2042 ratlene

184 2060 242 2082 illius
264 2058 343 2081 aetatis
360 2060 395 2081 est
411 2059 465 2081 satis
482 2058 605 2086 singularis
622 2061 644 2081 et
660 2059 766 2082 notabilis
783 2062 806 2082 et
821 2059 930 2088 explicat,
947 2059 1028 2082 confir·

184 2102 231 2123 mat
247 2102 269 2121 et
285 2098 385 2127 applicat
401 2104 427 2120 ea
445 2104 505 2127 quae
522 2099 581 2121 dicta
599 2102 653 2121 sunt
669 2099 699 2121 de
715 2099 797 2122 mundi
814 2099 925 2122 aetatibus
943 2100 965 2122 in
976 2100 1027 2122 Bre-

185 2139 255 2167 viloq.
272 2138 363 2166 Prolog.
379 2137 393 2166 S
410 2139 431 2160 2.
449 2141 471 2160 et
488 2138 512 2161 ll.
530 2139 592 2162 Sent.
608 2139 631 2161 d.
650 2139 686 2162 12.
704 2145 725 2162 a.
743 2139 763 2162 1.
781 2146 804 2168 q.
821 2140 843 2162 2.
860 2139 1027 2168 Comparantur

185 2179 246 2200 rnim
258 2180 362 2206 tempora
378 2178 508 2200 secundum
523 2184 603 2201 eorum
617 2180 664 2200 tum
677 2178 847 2202 successionem
860 2182 907 2201 tum
923 2182 1027 2202 mutuam

184 2215 429 2246 correspondentiam,
439 2219 464 2239 ut
472 2217 601 2240 secundum
614 2217 718 2241 diversas
730 2218 886 2246 coaptationes
896 2221 1027 2247 temporum

185 2257 290 2279 diversae
307 2256 424 2278 eliciantur
441 2255 555 2285 theoriae,
576 2262 675 2285 quarum
688 2263 810 2284 numerus,
823 2260 847 2280 ut
858 2257 880 2280 in
891 2257 1026 2286 seminibus,

185 2296 267 2319 dicitur
283 2301 333 2318 esse
350 2294 491 2318 indefinitus.
511 2304 521 2316 α
534 2296 576 2325 Qui
589 2299 693 2324 tempora
706 2297 807 2326 ignorat,
820 2297 903 2326 inquit⁷
915 2297 956 2320 ista
969 2298 1028 2320 scire

184 2341 230 2358 non
248 2336 330 2362 potest.
347 2334 403 2356 Nam
420 2334 478 2356 scire
495 2341 540 2357 non
558 2337 633 2363 potest
650 2336 724 2358 sutura
741 2335 781 2364 qui
793 2336 913 2364 praeterita
930 2336 1027 2364 ignorat.

186 2375 209 2397 Si
225 2373 287 2396 enim
304 2379 350 2395 non
367 2379 496 2401 cognosco,
513 2375 579 2397 cuius
596 2373 685 2396 arboris
702 2381 780 2397 semen
804 2378 838 2397 est
844 2384 850 2402 ;
867 2381 914 2397 non
930 2381 1027 2403 possum

185 2417 339 2442 cognoscere,
356 2419 417 2441 quae
438 2412 507 2436 arhor
529 2413 599 2436 debet
620 2413 674 2435 inde
696 2420 754 2437 esse.
770 2414 835 2437 Unde
852 2415 953 2443 cognitio
970 2415 1028 2437 sutu-

185 2459 264 2476 rorum
282 2452 399 2480 dependet
416 2458 442 2474 ex
467 2453 601 2481 cognitione
623 2454 798 2480 praeteritorum
810 2463 832 2477 n.
848 2466 879 2471 ·-
896 2454 971 2476 Primo
989 2460 1028 2482 po-

185 2493 245 2515 nitur
263 2492 343 2519 triplex
361 2495 493 2520 temporum
517 2492 600 2515 divisio
619 2492 666 2521 (1-’5.
683 2500 705 2516 n.
731 2494 824 2523 42-2l.),
849 2494 933 2517 scilicet
950 2500 1028 2517 secun-

185 2533 241 2554 ‹lum
258 2532 345 2560 septem
361 2532 460 2560 aetates,
481 2534 505 2554 ut
527 2532 577 2554 vult
600 2532 753 2561 Augustinus,
770 2534 899 2557 secundum
926 2533 1028 2564 quinque

185 2570 317 2595 vocationes
334 2569 373 2599 (ita
391 2571 525 2600 Gregorius)
548 2573 571 2593 et
592 2572 720 2594 secundum
743 2572 858 2602 triplicem
875 2572 948 2603 leyem
965 2579 1028 2596 com-

185 2609 285 2633 muniter
301 2609 440 2632 distinctam.
452 2610 492 2632 His
504 2610 596 2639 positis,
609 2614 772 2638 comparantur
784 2612 831 2634 duo
842 2614 977 2635 testamenta
990 2618 1029 2635 sex

185 2649 261 2673 modis
279 2648 326 2677 (15.
343 2655 366 2671 n.
383 2650 451 2672 22-28
469 2653 491 2672 et
509 2650 546 2672 16.
562 2654 605 2677 per
622 2650 702 2680 totam)
720 2653 743 2673 et
759 2651 884 2680 praecipue
899 2653 1028 2675 secundum

185 2695 228 2712 seat
250 2687 379 2716 respective
400 2690 487 2718 septem
510 2690 595 2711 aetates
618 2688 665 2715 (46.
682 2695 706 2712 n.
727 2690 750 2713 7.
775 2691 857 2721 seqq.).
882 2692 1029 2720 septenarius

185 2729 246 2750 enim
264 2728 381 2756 praevalet
398 2728 421 2750 in
438 2728 527 2751 mundo
549 2727 643 2755 maiori,
660 2728 683 2750 in
701 2729 795 2758 minori,
812 2731 835 2753 in
853 2731 952 2754 decursu
974 2734 1029 2754 tem-

186 2774 269 2796 porum
287 2769 310 2790 et
327 2767 497 2795 scripturarum
512 2769 534 2789 et
548 2769 644 2789 «ortum
660 2767 730 2791 habet
745 2775 758 2792 a
775 2771 863 2793 mundo
880 2760 1026 2799 archetypo»

189 2807 239 2837 (16.
259 2813 283 2829 n.
304 2806 359 2836 10.).
383 2806 463 2829 Trium
489 2809 634 2833 temporum,
659 2813 720 2835 quae
745 2808 802 2831 inter
826 2816 851 2832 se
875 2810 1029 2838 respondent,

186 2846 371 2875 unumquodque
396 2846 465 2869 habet
489 2851 558 2869 suum
584 2846 741 2872 septenarium
764 2848 800 2877 (n.
824 2848 920 2877 14-20.).
941 2849 1030 2872 Deinde

185 2886 312 2914 specialiter
337 2887 486 2908 conferuntur
511 2886 600 2912 septem
625 2884 714 2911 periodi
740 2889 871 2916 temporum
897 2888 1029 2916 figuralium

185 2931 238 2946 eum
255 2927 343 2951 septem
361 2924 463 2951 periodis
485 2927 617 2949 temporum
638 2926 691 2949 post
707 2925 823 2949 Christum
844 2928 1029 2954 decurrentium,

1866 134 1921 162 [ιῖ33

1083 204 1112 227 ita
1129 205 1236 233 quidem,
1255 209 1279 228 ut
1295 209 1374 229 auctor
1392 207 1474 229 nitatur
1486 208 1618 235 ostendere,
1631 209 1749 237 quomodo
1763 209 1801 231 tria
1815 211 1922 238 mysteria

1083 244 1105 266 in
1123 250 1262 274 unaquaque
1280 246 1375 273 periodo
1393 247 1493 270 duorum
1511 250 1640 275 temporum
1660 248 1718 273 (sive
1736 249 1760 271 21
1783 249 1804 271 in
1823 252 1923 278 summa)

1082 284 1124 307 sibi
1143 287 1223 308 mutuo
1240 287 1401 314 respondeant.
1419 288 1546 310 Verisimile
1564 291 1609 315 cst,
1628 290 1650 311 S.
1667 290 1800 317 Ductorem,
1812 290 1830 312 si
1847 293 1923 312 nostra

1083 326 1156 346 aetate
1172 324 1282 347 scriberet
1295 329 1346 353 post
1357 326 1433 354 elapsa
1447 332 1484 349 sex
1497 328 1600 355 saecula,
1618 327 1718 350 adhibita
1737 329 1819 350 horum
1833 328 1924 355 notitia,

1083 363 1105 385 in
1122 364 1237 386 nonnullis
1262 365 1328 387 aliam
1351 366 1519 388 ordinationem
1543 367 1691 394 periodorum
1715 370 1737 389 et
1762 367 1923 395 mysteriorum

1083 402 1239 426 adhibiturum
1257 410 1315 427 esse.

1147 442 1168 465 (i.
1185 443 1245 477 Bene
1262 442 1371 467 observat
1387 445 1414 466 cl.
1432 445 1470 468 Dr.
1486 445 1564 473 ilipler
1581 445 1603 467 in
1621 452 1663 468 suo
1680 446 1775 474 egregio
1800 446 1925 473 opusculo:

1083 482 1123 505 Die
1136 482 1263 505 christliche
1275 483 1554 512 Geschichtsauffassuug,
1566 485 1626 507 edita
1640 485 1696 507 ¹884
1709 492 1721 507 a
1734 485 1853 513 societate,
1865 491 1925 514 quae

1083 522 1245 545 denominatur
1262 529 1273 544 a
1292 522 1441 545 celeberrimo
1460 524 1474 545 l.
1491 523 1574 546 Uerres
1592 525 1655 552 (pag.
1673 525 1720 554 55),
1742 524 1796 548 satis
1813 530 1926 553 apparere

1083 566 1109 583 ex
1127 560 1161 583 his
1178 561 1348 589 collationibus,
1365 561 1416 584 lic-ct
1433 564 1505 585 textus
1523 568 1602 585 earum
1620 564 1648 586 sit
1665 570 1773 591 mancus,
1786 564 1926 592 depravatus

1083 603 1105 623 et
1116 600 1184 623 etiam
1197 601 1357 629 interpolatus,
1369 601 1433 629 quod
1445 602 1468 624 S.
1482 602 1565 624 Doctor
1579 601 1621 624 sibi
1639 603 1796 631 proposuerIt,
1809 603 1831 625 in
1843 603 1926 625 descri-

1084 641 1161 669 ptione
1178 641 1299 664 historicae
1315 641 1452 664 evolationis
1469 641 1618 670 opinionibus
1635 642 1724 665 abbatis
1741 643 1840 665 lom-him
1853 646 1875 665 et
1890 649 1926 665 se—

1083 683 1196 703 ctatorum
1214 686 1333 708 opponere
1349 681 1517 709 speculationes
1535 681 1557 704 S.
1574 681 1694 709 Augustini
1712 685 1733 703 et
1751 682 1859 704 indirecte
1875 688 1926 704 con-

1085 722 1156 743 futare
1173 721 1410 749 pseudopropheticas
1422 723 1552 749 temporum
1565 721 1722 743 distinctiones
1733 724 1755 743 et
1767 721 1926 744 consormatio-

1084 766 1137 788 nes,
1155 766 1212 789 quas
1229 760 1322 783 exhibet
1338 759 1494 790 Evanqelium
1510 761 1641 783 aeternum.
1653 760 1715 783 ldem
1728 760 1804 788 addit,
1816 761 1870 782 nihil
1883 766 1925 789 pro

1084 799 1121 822 illo
1134 802 1238 828 tempore
1249 802 1272 822 et
1282 800 1331 822 loco
1344 799 1451 829 (Parisiis)
1464 799 1618 828 opportunius
1627 806 1639 822 a
1648 799 1752 822 Generali
1762 799 1848 822 ordinis
1858 800 1926 822 illino-

1084 845 1135 862 rum
1148 840 1196 862 tleri
1213 840 1324 868 potuisse.
1342 839 1494 862 Verissimum
1506 840 1549 861 hoc
1562 839 1671 862 iudicium
1684 845 1747 867 esse,
1765 839 1838 867 magis
1855 839 1923 861 etiam

1084 885 1111 902 ex
1123 880 1247 902 reformato
1266 881 1343 901 nostro
1360 881 1422 902 textu
1435 881 1538 907 apparet.
1550 879 1582 901 De
1597 878 1680 901 abbate
1692 878 1790 901 loachIm
1804 878 1826 900 S.
1839 878 1926 900 Bonav.

1085 919 1109 948 (l.
1125 919 1186 942 Sent.
1203 919 1226 942 d.
1243 918 1265 941 5.
1282 918 1339 941 dub.
1357 918 1395 947 1.),
1412 918 1540 947 reprobans
1558 918 1607 941 eius
1619 918 1648 940 de
1659 918 1768 940 Trinitate
1780 917 1926 946 opinionem,

1084 957 1175 986 scripsit
1198 957 1242 980 sic:
1264 966 1273 978 ε
1288 958 1313 980 Et
1334 958 1384 980 ideo
1411 958 1544 986 ignoranter
1566 957 1664 979 loachim
1690 956 1837 984 reprehendit
1859 955 1926 983 Magi-

1084 1000 1168 1025 strum,
1186 1000 1208 1020 et
1224 997 1291 1026 quia,
1309 1003 1362 1020 cum
1386 1000 1445 1020 esset
1470 997 1579 1025 simplex,
1601 1003 1646 1019 non
1669 999 1703 1019 est
1725 996 1837 1018 reveritus
1859 995 1926 1023 Magi-

1084 1040 1169 1065 strum;
1188 1037 1239 1059 idco
1257 1037 1315 1060 iusto
1338 1037 1378 1060 Dei
1404 1037 1488 1059 iudicio
1514 1037 1636 1059 damnatus
1662 1036 1702 1058 t'uit
1726 1035 1815 1058 libellus
1837 1035 1886 1057 eius
1904 1035 1925 1057 in

1084 1076 1230 1099 Lateranensi
1247 1076 1349 1099 Concilio
1367 1079 1388 1098 et
1405 1076 1487 1104 positio
1500 1076 1598 1104 Magistri
1611 1075 1738 1103 approbata
1748 1084 1768 1097 n.

1146 1116 1189 1138 Pro
1206 1116 1381 1138 confirmatione
1399 1115 1508 1143 praedicti
1533 1115 1609 1137 iudicii
1635 1115 1692 1136 inter
1717 1115 1815 1142 plurima
1837 1114 1880 1136 alia
1897 1116 1927 1136 at-

1084 1154 1201 1181 tendatur,
1218 1155 1282 1183 quod
1299 1157 1378 1177 auctor
1395 1156 1484 1181 noster,
1503 1154 1605 1181 neglecta
1624 1154 1738 1176 divisione
1749 1156 1880 1181 temporum
1893 1159 1928 1175 se-

1083 1192 1186 1215 cundum
1200 1195 1244 1215 tres
1256 1192 1347 1215 divinas
1360 1198 1483 1220 personas,
1495 1192 1617 1215 revertitur
1629 1192 1658 1214 ad
1671 1192 1839 1214 distinctionem
1853 1193 1928 1219 Augu-

1083 1231 1134 1253 stini
1147 1231 1276 1254 secundum
1294 1234 1383 1259 septem
1401 1234 1498 1258 aetates;
1512 1232 1572 1259 item,
1584 1231 1648 1260 quod
1660 1231 1737 1254 docet:
1753 1240 1763 1251 «
1776 1232 1828 1253 Post
1840 1237 1928 1253 novum

1084 1272 1245 1293 testamentum
1268 1277 1315 1293 non
1337 1271 1380 1293 erit
1396 1270 1458 1293 aliud
1470 1280 1481 1291 n
1501 1273 1544 1293 etc.
1562 1270 1610 1300 (16.
1627 1277 1649 1293 n.
1667 1271 1714 1300 2.);
1733 1274 1811 1293 contra
1829 1271 1929 1293 millena-

1082 1309 1180 1331 rismum
1197 1309 1289 1337 asserit,
1306 1310 1429 1338 septimam
1447 1312 1544 1333 aetatem
1561 1310 1649 1333 ratione
1670 1310 1781 1339 temporis
1798 1310 1929 1332 coineidere

1083 1344 1136 1371 'cum
1153 1351 1215 1371 sexta
1234 1349 1279 1378 (16.
1292 1355 1313 1371 n.
1327 1350 1354 1376 2,
1368 1349 1404 1371 15.
1416 1355 1440 1372 ιι.
1452 1349 1515 1378 18.),
1528 1352 1597 1379 atque
1609 1349 1725 1373 cit-iuztem
1742 1350 1840 1378 septima
1856 1352 1929 1372 aetate

1083 1387 1112 1409 de
1129 1388 1192 1410 caelo
1210 1387 1390 1410 descendentem
1408 1394 1453 1410 non
1471 1394 1522 1410 esse
1532 1389 1590 1411 illam
1606 1394 1687 1421 <cquae
1699 1389 1822 1411 desursum
1835 1391 1875 1415 est,
1887 1388 1928 1411 sed

1082 1433 1143 1456 quae
1159 1427 1281 1455 deorsum,
1299 1428 1384 1450 scilicet
1401 1423 1506 1451 Ecclesia
1531 1427 1649 1456 militans,
1668 1429 1763 1457 quando
1781 1428 1823 1450 erit
1840 1429 1928 1451 consor-

1082 1467 1126 1490 mis
1143 1467 1305 1496 triumphanti,
1323 1468 1451 1490 secundum
1469 1467 1533 1496 quod
1551 1467 1661 1495 possibile
1678 1468 1745 1490 estin
1758 1468 1819 1490 via...
1837 1469 1863 1490 Et
1875 1470 1929 1490 tunc

1079 1512 1132 1535 pax
1149 1507 1198 1529 erit.
1216 1507 1332 1535 Quantum
1350 1509 1426 1529 autem
1449 1506 1541 1529 durabit
1565 1507 1602 1529 illa
1619 1513 1675 1534 pax,
1692 1507 1754 1529 Deus
1776 1507 1860 1529 noviti·
1882 1507 1928 1535 (16.

1082 1552 1105 1568 ιι.
1129 1546 1185 1574 30.).
1206 1545 1379 1569 Commemorat
1399 1545 1495 1574 quidem
1521 1548 1600 1568 auctor
1624 1546 1709 1574 vitam,
1736 1546 1771 1568 vel
1797 1545 1928 1569 Ecclesiam

1083 1585 1297 1613 contemplativam,
1322 1586 1359 1607 vel
1376 1584 1483 1607 ordinem
1508 1585 1712 1613 contemplativum
1735 1585 1793 1607 inter
1817 1585 1928 1608 maximas

1083 1623 1241 1646 tribulationes
1258 1624 1390 1646 antichristo
1407 1624 1549 1646 resistentem
1568 1623 1616 1652 (16.
1632 1630 1656 1646 n.
1676 1625 1718 1651 29;
1736 1625 1774 1646 20.
1791 1631 1814 1646 n.
1832 1625 1868 1647 29.
1891 1625 1929 1647 30.

1083 1664 1120 1686 23.
1137 1670 1161 1686 n.
1179 1663 1222 1691 4.);
1240 1663 1279 1686 sed
1298 1662 1378 1686 nullibi
1396 1663 1462 1690 dicit,
1481 1664 1591 1686 maiorem
1610 1666 1664 1686 tunc
1689 1665 1789 1686 suturam
1807 1670 1858 1686 esse
1874 1665 1928 1687 etiu-

1082 1704 1171 1726 sionem
1189 1703 1286 1730 spiritus
1298 1703 1328 1729 S.,
1341 1708 1411 1731 quam
1424 1703 1465 1725 t'uit
1478 1703 1512 1725 illa
1529 1709 1589 1732 quae
1606 1703 1694 1725 venerit
1712 1709 1782 1731 super
1794 1703 1927 1731 Apostolos;

1082 1743 1161 1772 quoad
1178 1742 1347 1770 intelligentiam
1366 1742 1497 1770 Scripturae
1508 1742 1614 1771 relinquit
1626 1742 1783 1770 iniudicatum,
1796 1745 1873 1765 utrum
1890 1743 1928 1765 da-

1083 1784 1145 1804 retur
1162 1783 1229 1809 haec‚
1246 1790 1256 1802 α
1268 1782 1304 1804 vel
1322 1782 1443 1809 revelatio,
1455 1782 1492 1804 rel
1509 1782 1580 1805 clavis
1592 1782 1666 1805 David
1674 1788 1799 1812 personae,
1812 1782 1849 1804 vel
1866 1781 1928 1804 mul-

1084 1821 1190 1849 titudini,
1210 1824 1232 1843 et
1249 1821 1323 1849 magis
1340 1821 1417 1849 credo,
1429 1822 1493 1850 quod
1506 1821 1644 1844 multitudini
1657 1831 1667 1843 ι»
1689 1822 1736 1851 (16.
1748 1828 1771 1844 n.
1783 1822 1824 1849 ‘293
1837 1822 1878 1844 cfr.
1890 1821 1919 1844 20

1083 1868 1107 1883 n.
1125 1861 1162 1883 15.
1179 1861 1202 1883 in
1218 1861 1280 1890 sine).
1299 1862 1324 1884 Et
1341 1861 1419 1890 quoad
1440 1860 1546 1884 ordinem
1569 1861 1631 1884 illum
1655 1861 1818 1891 propheticum
1838 1867 1877 1883 seu
1895 1867 1928 1884 se·

1083 1900 1209 1930 raplticitm
1227 1900 1296 1923 alium
1314 1907 1367 1923 eum
1384 1906 1435 1923 esse
1452 1901 1555 1929 explicite
1577 1901 1645 1923 docet
1667 1900 1696 1923 ab
1718 1900 1799 1923 ordine
1823 1900 1845 1923 S.
1862 1900 1928 1922 Fran-

1084 1941 1137 1963 cisci
1155 1943 1178 1963 et
1200 1940 1393 1968 Praedicatorum,
1416 1946 1475 1969 quos
1498 1940 1640 1969 respondere
1662 1940 1710 1963 vuit
1733 1939 1857 1963 Cherubim
1882 1940 1927 1969 (22.

1084 1987 1107 2003 n.
1119 1980 1179 2009 2l.);
1193 1980 1277 2003 deinde
1291 1980 1321 2009 (n.
1334 1980 1394 2009 22.):
1409 1989 1420 2000 «
1433 1980 1488 2009 Quis
1500 1982 1589 2007 autem,
1602 1980 1644 2007 ait,
1662 1979 1704 2002 iste
1721 1980 1810 2002 futurus
1827 1979 1866 2007 sit,
1882 1985 1928 2002 non

1084 2022 1118 2042 est
1135 2020 1199 2043 facile
1215 2020 1273 2042 scire
1285 2029 1306 2047 ”3
1325 2019 1394 2042 item:
1415 2013 1481 2042 ‹klste
1498 2019 1555 2042 ordo
1578 2025 1625 2041 non
1643 2018 1745 2046 tlorcbit,
1762 2018 1804 2040 nisi
1826 2018 1928 2042 Christus

1084 2062 1194 2089 appareat
1210 2062 1232 2082 et
1244 2060 1342 2088 patiatur
1355 2059 1377 2082 in
1389 2065 1487 2088 corpore
1499 2066 1541 2082 suo
1554 2059 1650 2087 mystico
1662 2067 1672 2079 n
1694 2058 1741 2087 (22.
1754 2065 1776 2081 n.
1789 2058 1844 2088 23.).
1856 2059 1928 2081 Immo

1083 2100 1175 2123 videtur
1192 2106 1277 2122 nomen
1294 2099 1385 2122 ordinis
1402 2099 1507 2127 accipere
1524 2099 1623 2127 largiore
1640 2104 1722 2125 sensu,
1740 2101 1764 2120 ut
1782 2104 1807 2120 se
1823 2098 1929 2121 extendat

1084 2146 1096 2163 a
1114 2140 1230 2169 primitiva
1255 2139 1354 2162 Ecclesia
1377 2145 1451 2168 usque
1473 2139 1502 2161 ad
1523 2139 1636 2161 ultimam.
1653 2138 1709 2160 Nam
1732 2138 1761 2160 ‹le
1786 2138 1869 2161 Ioanne
1886 2139 1928 2161 Ev.

1084 2180 1139 2203 dicit
1155 2180 1202 2209 (13.
1219 2186 1242 2202 n.
1262 2179 1318 2208 iil:
1339 2188 1350 2199 «
1363 2179 1404 2201 iste
1422 2181 1456 2201 est
1473 2179 1536 2201 istius
1552 2177 1640 2200 ordinis
1656 2178 1784 2206 specialiter
1795 2186 1805 2198 ι)
1823 2179 1872 2204 (cfr.
1891 2178 1928 2200 20.

1084 2226 1106 2242 n.
1124 2219 1169 2247 29.)
1183 2222 1205 2242 et
1217 2219 1246 2241 de
1258 2219 1281 2241 S.
1292 2218 1413 2241 Francisco
1432 2218 1477 2247 (22.
1496 2224 1517 2240 n.
1536 2217 1589 2246 22):
1611 2227 1621 2237 a
1634 2218 1666 2240 De
1687 2218 1730 2240 isto
1750 2217 1882 2248 [seraphico
1895 2224 1929 2240 or-

1084 2258 1149 2289 dine]
1160 2258 1253 2282 videtur
1264 2258 1338 2288 faisse
1348 2258 1483 2280 Franciscus
1495 2266 1517 2280 n.
1528 2270 1560 2274 —
1571 2257 1699 2280 Generatim
1712 2257 1741 2280 de
1753 2257 1929 2286 particularibus

1084 2298 1217 2321 ultimorum
1235 2300 1367 2326 temporum
1385 2296 1455 2320 rebus
1467 2303 1559 2325 semper
1571 2299 1636 2320 caute
1649 2297 1757 2326 loquitur.
1771 2296 1877 2320 Ceterum
1890 2297 1929 2318 mi-

1083 2344 1136 2360 rum
1148 2338 1247 2365 videtur,
1259 2337 1376 2360 auditores
1387 2336 1459 2359 verba
1471 2337 1500 2359 de
1518 2337 1552 2359 his
1569 2337 1683 2366 loquentis
1700 2337 1778 2359 litteris
1793 2337 1929 2359 mandantes

1084 2383 1136 2399 raro
1154 2382 1179 2399 ea
1198 2378 1283 2399 referre
1301 2376 1400 2406 inteyra,
1421 2376 1462 2399 sed
1480 2379 1568 2399 tantum
1579 2382 1675 2399 sensum
1688 2376 1852 2404 principalem,
1864 2375 1928 2404 quod

1085 2416 1186 2438 indicant
1197 2416 1350 2444 adiungentes
1363 2417 1485 2438 formulam
1496 2424 1500 2438 ι
1515 2424 1525 2436 α
1534 2416 1560 2438 Et
1575 2415 1697 2443 dicebat»,
1708 2416 1744 2437 vel
1756 2415 1836 2437 similia
1849 2414 1929 2437 verba.

1148 2455 1169 2477 5.
1186 2456 1247 2478 Haec
1264 2455 1294 2478 de
1311 2456 1412 2483 theoriis,
1429 2462 1490 2484 quae
1507 2455 1649 2483 respondent
1664 2454 1792 2478 seminibus
1798 2463 1806 2484 ,·
1825 2455 1853 2477 de
1870 2454 1927 2482 aliis,

1081 2500 1144 2524 quae
1162 2497 1325 2523 comparantur
1341 2494 1459 2524 fructibus
1482 2494 1637 2517 reficientibus
1659 2496 1707 2516 tum
1725 2494 1862 2516 intellectum
1879 2497 1928 2516 tum

1085 2535 1206 2561 affectum,
1223 2534 1262 2563 qui
1280 2534 1385 2556 oriuntur
1403 2540 1415 2556 a
1440 2533 1529 2557 Christo
1552 2537 1574 2556 et
1596 2534 1682 2556 ducunt
1699 2534 1728 2556 ad
1746 2534 1834 2562 ipsum,
1851 2539 1928 2555 sermo

1085 2576 1119 2596 est
1135 2573 1157 2595 in
1176 2573 1248 2595 collat.
1267 2573 1303 2595 17.
1320 2576 1342 2595 et
1360 2573 1396 2595 18.
1413 2573 1437 2595 1ιι
1454 2573 1489 2595 his
1506 2579 1533 2595 ex
1550 2579 1569 2595 s.
1594 2573 1711 2601 Scriptura
1729 2573 1867 2600 colliguntur
1884 2571 1928 2594 sub
1967 2580 1970 2581 ⁷

1085 2618 1132 2635 uno
1150 2614 1275 2640 conspectu
1292 2612 1392 2640 plurima
1417 2614 1439 2634 et
1459 2612 1566 2634 salutaria
1589 2611 1728 2634 documenta
1753 2611 1782 2633 ad
1800 2611 1928 2633 doctrinam

1085 2651 1207 2674 asceticam
1225 2653 1247 2673 et
1263 2650 1383 2679 mysticam
1401 2651 1534 2679 spectantia.
1545 2651 1594 2673 Non
1607 2651 1689 2678 exigua
1706 2651 1789 2672 horum
1806 2656 1871 2678 pars,
1886 2649 1928 2672 alia

1085 2693 1161 2714 tamen
1180 2690 1298 2718 proposita
1314 2690 1415 2717 ratione,
1432 2690 1542 2718 repetitur
1563 2690 1586 2712 in
1608 2695 1715 2712 sermone
1738 2690 1768 2712 de
1789 2690 1929 2712 Plantatione

1086 2729 1185 2759 paradisi
1204 2730 1261 2752 intra
1279 2730 1399 2758 impresso.
1415 2742 1447 2746 —
1463 2729 1612 2752 Concluditur
1630 2732 1706 2752 autem
1724 2729 1782 2751 visio
1803 2729 1867 2752 tertia
1893 2729 1928 2751 illa

1086 2770 1131 2792 iam
1149 2769 1239 2792 laudata
1257 2769 1377 2792 collatione
1394 2769 1431 2797 19,
1449 2775 1508 2798 quae
1523 2769 1648 2797 perspicue
1670 2768 1738 2791 tradit
1755 2769 1889 2791 methodum
1907 2772 1929 2790 ct

1086 2809 1198 2832 rationem
1216 2809 1238 2831 in
1255 2809 1336 2832 studiis
1354 2808 1536 2836 observandam,
1554 2811 1578 2831 ut
1602 2815 1644 2837 per
1668 2808 1786 2831 scientiam
1807 2811 1829 2830 et
1848 2808 1929 2831 sancti-

1086 2851 1156 2872 tatem
1173 2850 1323 2878 perveniatur
1339 2849 1369 2872 ad
1385 2855 1465 2871 veram
1483 2849 1628 2877 sapientiam.

1148 2888 1186 2910 Vl.
1202 2888 1226 2910 ln
1243 2890 1343 2917 quatuor
1363 2888 1448 2910 ultImis
1471 2887 1629 2910 collationibus
1651 2887 1727 2915 agitur
1749 2887 1778 2910 de
1800 2888 1880 2915 quarta
1898 2886 1928 2907 xi-

1085 2928 1163 2954 sione,
1179 2927 1265 2950 scilicet
1284 2927 1444 2954 intelligentiae
1457 2933 1502 2956 per
1520 2926 1738 2956 contemplott'onem
1754 2931 1888 2955 suspensae,
1906 2928 1929 2946 ct
