2285 3398
385 177 442 206 xlv

384 255 471 278 lacunis
488 255 565 283 operis
582 256 718 284 imperfecti.
730 256 776 279 Sed
788 256 923 284 Waddingo
937 256 1072 280 contradicit
1083 256 1190 279 Sbaralea
1208 257 1231 279 in

382 303 480 326 Bullario
498 306 554 326 tom.
571 303 585 326 1.
602 309 658 332 pag.
675 303 715 326 45¹
738 304 788 334 (ctr.
805 303 910 326 eiusdem
928 304 1047 333 Supplem.
1065 310 1089 333 p.
1101 303 1129 326 ⁴7
1142 304 1185 327 col.
1198 303 1229 332 2.)

382 350 473 373 dicens:
493 359 504 370 α
514 350 542 373 At
557 356 602 379 ego
614 350 668 373 nihil
679 350 709 373 ab
721 357 747 373 eo
765 350 897 380 [Gulielmo]
915 351 1000 373 tactum
1017 357 1068 373 esse
1085 350 1199 373 contendo
1208 359 1230 373 π.

382 396 425 419 Pro
436 403 482 425 qua
493 397 620 419 assertione
636 396 671 419 ille
687 403 735 420 non
751 398 816 420 affert
832 397 875 420 nisi
893 404 964 420 unum
981 400 1145 431 argumentum
1162 403 1231 425 nega-

381 443 455 466 tivum
472 446 494 466 et
510 443 593 466 nullius
609 444 695 466 valoris
712 444 762 473 (cfr.
778 447 834 467 tom.
846 445 862 467 l.
879 445 1008 472 prolegom.
1025 450 1080 473 pag.
1092 444 1158 473 ΗΧ).
1170 445 1230 466 Sane

381 491 465 513 mirum
477 493 523 518 est,
540 492 601 513 hunc
613 490 690 513 virum
702 491 863 514 doctissimum
875 491 905 513 ita
918 491 1081 513 hallucinatum
1091 497 1154 518 esse,
1166 493 1191 513 ut
1202 497 1229 513 ex

381 538 463 561 eadem
480 538 614 567 quaestione
631 538 706 567 (Sum.
723 545 747 566 p.
763 539 801 561 lV.
817 545 841 567 q.
858 539 896 561 30.
913 544 944 561 m.
961 539 984 561 2.
1000 544 1021 561 a.
1039 538 1070 567 2.)
1096 544 1168 567 quam
1185 544 1229 560 nos

381 584 542 612 adhibuimus,
554 588 579 608 ut
590 585 815 613 demonstraremus,
826 585 981 608 Alexandrum
994 586 1053 608 hanc
1067 585 1228 614 quaestionem

380 638 428 655 non
442 631 576 662 scripsisse,
596 633 712 661 putaverit
728 632 882 656 demonstrari
899 638 981 662 posse,
1002 633 1077 656 totam
1093 633 1229 661 Summam,

380 680 405 701 ut
420 679 534 707 impressa
551 682 598 708 est,
615 679 645 702 ab
662 680 790 702 Alexandro
807 685 858 702 esse
870 679 992 707 scriptam,
1009 682 1032 702 et
1048 678 1093 707 ipsi
1109 679 1165 701 nihil
1176 681 1230 707 post

379 725 429 748 eius
441 728 540 748 mortem
556 726 662 749 additum
679 732 742 754 esse,
759 726 813 756 quia
830 727 917 749 scilicet
930 726 953 748 in
970 726 1007 749 cit.
1024 726 1087 753 loco,
1100 725 1140 748 ubi
1151 726 1229 754 agitur

380 772 409 795 de
420 773 597 796 confirmatione
608 775 703 802 regulae
714 775 738 797 S.
750 774 877 801 Francisci,
894 779 941 796 non
958 774 1106 796 nominentur
1123 773 1166 796 nisi
1182 776 1228 796 tres

380 821 470 843 Summi
495 821 616 844 Pontifices
632 827 684 844 earn
701 822 873 849 confirmantes,
895 821 988 844 omissis
1005 821 1136 844 Innocentio
1153 821 1189 844 lv.
1206 823 1229 843 et

379 868 507 891 Alexandro
523 868 560 896 lV,
577 869 618 898 qui
641 869 708 891 annis
731 869 791 892 ⁴245
816 872 838 892 et
855 869 915 891 1256
933 871 955 891 et
972 869 1016 897 ipsi
1037 869 1143 897 regulam
1165 869 1228 901 illam

379 915 562 938 confirmassent.
578 916 624 938 Sed
641 915 750 939 Sbaralea
770 922 815 939 non
832 916 1009 943 animadvertit,
1026 918 1099 939 totum
1116 916 1182 938 illum
1198 916 1228 938 lo-

378 968 432 985 cum
448 962 495 990 legi
510 950 598 985 eisdem
616 962 696 985 verbis
712 963 734 985 in
751 963 887 992 quaestione
902 963 1078 986 Bonaventurae
1089 963 1119 986 de
1130 969 1229 991 pauper-

379 1012 436 1038 tate,
453 1016 524 1039 quam
541 1009 647 1032 eiusdem
663 1016 724 1038 opus
740 1010 867 1038 genuinum
884 1016 936 1032 esse
952 1010 1002 1038 ipse
1013 1011 1105 1037 asserit;
1117 1013 1140 1033 et
1151 1013 1228 1033 tamen

379 1058 447 1080 etiam
465 1058 502 1080 hic
518 1058 610 1086 scripsit
621 1060 674 1086 post
685 1058 809 1080 lnnocentii
821 1058 858 1081 lV.
870 1058 954 1080 litteras
966 1058 1013 1086 (an.
1027 1057 1107 1087 1245),
1119 1057 1175 1087 quin
1189 1064 1229 1080 eas

379 1105 605 1127 commemoraverit.
622 1105 702 1133 Quoad
720 1104 806 1127 litteras
823 1100 944 1128 Alexandri
961 1105 999 1127 lV.
1015 1105 1178 1133 concedimus,
1189 1111 1229 1127 eas

378 1152 443 1175 datas
459 1158 523 1179 esse,
540 1155 664 1181 postquam
682 1153 769 1175 Bonav.
785 1153 831 1175 iam
848 1153 1008 1182 quaestionem
1025 1159 1091 1175 suam
1104 1153 1202 1182 scripsit.

440 1201 541 1223 Assertio
557 1200 627 1228 igitur
645 1200 780 1228 Sbaraleae,
797 1200 852 1223 nihil
870 1203 921 1228 post
939 1202 1036 1223 mortem
1049 1201 1171 1223 Alexandri
1188 1201 1228 1223 ad-

378 1247 452 1270 ditum
479 1253 530 1270 esse
551 1247 684 1276 praedictae
706 1248 829 1281 Summae,
846 1253 891 1274 non
914 1249 989 1274 potest
1010 1247 1129 1275 sustineri,
1147 1247 1227 1281 saltem

377 1295 457 1325 quoad
473 1295 545 1324 partis
558 1296 580 1318 lx
606 1301 645 1324 qq.
655 1295 693 1317 30.
707 1297 729 1317 et
738 1295 775 1322 31,
784 1297 807 1317 et
816 1297 840 1317 ut
851 1297 972 1323 putamus,
984 1294 1053 1317 etiam
1064 1294 1143 1323 quoad
1155 1301 1178 1323 q.
1191 1295 1228 1322 32,

377 1349 439 1372 quae
456 1342 486 1365 de
504 1342 587 1364 eadem
607 1341 764 1364 controversia
782 1341 902 1364 Parisiensi
917 1341 973 1369 agit.
990 1342 1039 1364 Non
1054 1344 1089 1364 est
1108 1341 1145 1364 hic
1164 1342 1228 1364 locus

378 1389 514 1419 inquirendi
538 1392 561 1412 et
584 1392 647 1412 certo
670 1388 852 1416 determinandi,
875 1391 953 1411 utrum
981 1389 1050 1411 relata
1076 1389 1106 1411 de
1126 1389 1228 1417 comple-

379 1438 440 1460 tione
457 1437 567 1459 Summae
584 1436 705 1459 Alexandri
722 1436 801 1464 opinio
818 1436 945 1464 Waddingi
957 1436 1100 1459 extendenda
1118 1436 1146 1459 sit
1157 1437 1227 1459 ctiam

378 1484 407 1508 ad
419 1484 474 1507 alias
486 1483 591 1506 eiusdem
604 1486 689 1511 partes.
700 1484 743 1506 Pro
756 1485 800 1506 hoc
811 1486 855 1506 stat
866 1489 912 1506 non
924 1483 981 1506 levis
995 1484 1145 1511 praesumtio,
1158 1484 1228 1506 variis

378 1532 467 1554 firmata
479 1530 569 1553 indiciis
580 1530 663 1553 sumtis
674 1536 701 1553 ex
713 1529 893 1559 proprietatibus
908 1530 973 1552 istius
989 1530 1066 1558 operis
1077 1532 1100 1552 et
1111 1536 1138 1552 ex
1150 1529 1229 1553 verbis

379 1578 470 1607 Rogerii
486 1578 583 1601 Baconis
601 1584 613 1600 a
633 1577 701 1600 nobis
717 1580 774 1600 tom.
793 1578 808 1600 1.
828 1577 958 1605 Prolegom.
978 1583 1034 1606 pag.
1055 1577 1119 1600 LVlll
1142 1577 1185 1600 col.
1205 1578 1228 1600 2.

377 1632 426 1655 seq.
445 1625 521 1648 relatis
539 1627 561 1648 et
578 1624 717 1647 diiudicatis.
732 1625 793 1647 Haec
812 1626 889 1647 autem
909 1624 982 1646 ardua
994 1624 1099 1653 quaestio
1118 1630 1163 1647 non
1181 1627 1228 1653 pot-

377 1676 412 1696 cst
430 1673 488 1696 solvi
505 1672 649 1700 argumentis
667 1678 681 1694 a
693 1671 764 1700 priori
776 1671 922 1700 excogitatis,
938 1671 993 1699 sed,
1010 1671 1030 1694 si
1047 1677 1150 1700 unquam
1170 1672 1227 1694 solvi

379 1720 461 1748 possit,
473 1719 656 1748 praemittendae
673 1721 727 1742 sunt
743 1722 864 1742 accuratae
880 1719 1075 1747 perscrutationes
1087 1719 1228 1742 ineditorum

378 1768 433 1790 etin
454 1766 646 1789 bibliothecarum
667 1766 829 1794 manuscriptis
849 1766 966 1788 latentium
985 1766 1152 1794 opusculorum
1170 1766 1229 1789 illius

378 1814 465 1842 aetatis,
485 1813 620 1842 praesertim
640 1819 701 1841 quae
712 1812 742 1835 ab
765 1812 865 1841 antiquis
884 1811 1020 1835 doctoribus
1042 1812 1097 1835 Ord.
1115 1813 1228 1835 Minorum

378 1861 462 1888 scripta
475 1862 540 1886 sunt;
552 1862 671 1888 praeter-ca
690 1859 759 1882 etiam
776 1865 872 1881 examen
885 1858 968 1881 subtile
984 1859 1147 1887 quaestionum
1159 1859 1229 1882 totius

380 1908 489 1930 Summae
499 1907 573 1928 forent
583 1905 756 1928 instituendum.
768 1905 803 1927 Ad
814 1910 864 1927 rem
882 1904 935 1926 tacit
945 1904 1029 1932 scripta
1040 1905 1156 1933 quaedam
1168 1910 1228 1927 Conl-

380 1952 516 1980 municatio,
528 1957 599 1980 quam
612 1950 747 1973 humanitati
759 1952 782 1972 et
792 1949 907 1972 amicitiae
918 1949 947 1971 cl.
958 1949 982 1971 Ρ.
994 1949 1073 1972 Franc.
1090 1950 1156 1972 Ehrle
1173 1951 1197 1972 S.
1214 1950 1229 1972 1.

379 2001 499 2027 acceptam
519 1998 653 2024 referimus,
670 2002 755 2025 nempe
774 1996 837 2025 quod
850 1996 872 2018 in
889 1996 961 2023 notis,
973 2001 1034 2025 quae
1051 1995 1230 2024 Quaestionibus

379 2045 502 2074 disputatis
518 2044 625 2067 Gulielmi
643 2044 675 2067 de
692 2044 791 2066 Militona
803 2043 826 2065 in
842 2043 985 2072 quibusdam
1005 2043 1126 2066 codicibus
1143 2044 1229 2066 saeculi

381 2093 437 2116 xlll.
451 2099 463 2115 a
481 2092 556 2121 prima
574 2097 643 2114 manu
661 2093 821 2119 apponuntur,
839 2090 965 2117 indicetur,
985 2090 1063 2118 plures
1082 2090 1229 2119 quaestiones

380 2141 410 2164 de
422 2139 576 2163 Sacramentis
592 2139 615 2161 in
628 2138 664 2161 lV.
677 2141 741 2167 parte
756 2138 866 2161 Summae
883 2141 971 2161 sumtas
991 2144 1041 2161 esse
1061 2144 1087 2161 ex
1110 2138 1229 2161 nominato

381 2187 493 2210 tlulielmo
505 2189 544 2215 ,et
568 2186 626 2209 inter
646 2186 701 2208 alias
723 2195 734 2206 α
747 2186 806 2209 duas
830 2186 977 2215 quaestiones
999 2186 1029 2209 de
1048 2186 1185 2210 contritione
1207 2189 1230 2209 et

381 2235 495 2258 attritione
511 2237 533 2257 et
549 2234 591 2256 alia
609 2234 639 2257 de
658 2234 801 2262 displicentia
819 2234 938 2263 peccati»;
950 2240 1021 2262 porro
1041 2234 1102 2257 idem
1120 2235 1146 2257 R.
1164 2235 1230 2257 Pater

381 2282 472 2311 scripsit
484 2281 558 2309 nobis,
567 2282 623 2304 alias
634 2281 708 2304 videri
717 2284 824 2310 acceptas
835 2287 886 2304 esse
897 2288 923 2304 ex
935 2281 1111 2311 quaestionibus
1122 2282 1157 2305 Fr.
1168 2283 1229 2305 loan-

382 2330 417 2353 nis
431 2336 443 2352 a
456 2329 551 2358 Rupella
563 2331 586 2351 et
602 2329 638 2351 Fr.
650 2329 738 2351 Odonis
757 2329 855 2357 Rigaldi.

444 2377 472 2400 Ut
493 2376 562 2405 igitur
588 2376 704 2405 praedicta
729 2376 810 2404 paucis
826 2376 1016 2404 complectamur,
1037 2377 1091 2399 nihil
1114 2376 1180 2399 dubii
1197 2383 1230 2399 re-

381 2425 454 2454 linqui
474 2424 586 2451 dicimus,
605 2423 766 2453 quaestionem
786 2423 816 2446 de
835 2426 971 2452 paupertate
989 2429 1040 2446 esse
1060 2425 1188 2452 genuinum
1209 2427 1231 2447 et

381 2474 471 2495 certum
488 2472 512 2493 S.
528 2471 704 2493 Bonaventurae
721 2469 842 2498 scriptum.

445 2516 459 2545 g
477 2516 497 2538 t.
514 2515 570 2539 Trou
587 2514 647 2538 aliu
663 2514 690 2538 tle
705 2514 843 2545 portentione
858 2514 991 2545 evangeliea
1003 2515 1146 2546 quaestiones
1157 2516 1232 2539 Bona.-

383 2562 504 2586 ventsunm
522 2562 605 2585 habero
624 2561 751 2592 auctorem,
768 2568 796 2585 οι
812 2561 938 2592 pmdiotis
953 2562 1016 2586 reete
1032 2562 1135 2586 concludi
1146 2563 1230 2593 potest.

384 2621 414 2626 —
425 2609 511 2632 Omnes
526 2609 587 2631 enim
604 2611 704 2638 quatuor
720 2608 866 2637 quaestiones
882 2609 941 2631 inter
958 2615 982 2631 se
999 2611 1052 2631 sunt
1066 2615 1194 2637 connexae,
1207 2613 1232 2633 ut

384 2656 448 2684 ipsae
464 2656 623 2684 inscriptiones
643 2655 746 2678 omnium
762 2655 910 2685 antiquorum
927 2656 1034 2679 codicum
1053 2651 1194 2680 attestantur.
1205 2658 1232 2680 Et

384 2702 447 2732 quod
470 2702 554 2725 mirum
579 2705 602 2725 et
623 2702 692 2725 valde
712 2702 839 2725 notandum
857 2705 903 2730 est,
920 2703 989 2726 etiam
1015 2703 1045 2726 illi
1069 2703 1174 2732 codices,
1191 2704 1231 2733 qui

385 2754 430 2771 non
446 2747 532 2771 habent
547 2754 629 2772 omnes
650 2749 692 2771 has
707 2748 868 2777 quaestiones,
884 2749 1034 2771 nihilominus
1050 2749 1183 2772 deficientes
1199 2749 1232 2771 in·

385 2795 476 2822 dicant,
488 2797 597 2824 tanquam
610 2795 630 2818 si
642 2801 681 2817 eas
693 2801 773 2818 revera
783 2795 911 2824 descriptas
923 2794 1046 2824 haberent,
1058 2799 1080 2819 et
1091 2796 1143 2819 cod.
1154 2796 1180 2825 D,
1191 2796 1232 2825 qui

385 2847 466 2864 omnes
491 2840 572 2869 habet,
596 2841 638 2864 sed
656 2841 748 2864 inverso
764 2842 846 2865 ordine
861 2841 906 2865 sibi
922 2842 1084 2870 succedentes,
1101 2843 1186 2866 indicat
1207 2846 1232 2866 ut

383 2888 548 2919 praecedentes
569 2895 609 2911 eas
625 2895 683 2918 quas
700 2889 814 2917 posterius
829 2887 930 2913 exhibet.
946 2890 994 2913 Hoc
1011 2896 1055 2912 non
1072 2893 1148 2918 potest
1164 2891 1232 2919 expli-

386 2935 433 2959 cari
450 2935 492 2959 nisi
509 2942 537 2958 eo
545 2954 550 2962 ,
561 2936 625 2965 quod
637 2936 680 2958 hae
691 2936 841 2959 lndlcationes
852 2936 882 2959 ab
893 2937 945 2965 ipso
956 2940 1051 2960 auctore
1061 2938 1175 2966 originem
1188 2941 1230 2961 tra-

387 2984 450 3005 hant.
459 2983 529 3010 lgitur
539 2982 594 3005 infra
604 2989 659 3010 pag.
669 2983 713 3005 117
725 2983 747 3005 ln
759 2983 828 3005 codd.
840 2983 859 3005 D
868 2983 884 3005 E
894 2984 900 3006 l
912 2983 1042 3006 indicantur
1052 2987 1153 3013 quatuor
1163 2991 1231 3013 quae-

1089 177 1333 207 PROLEGOMENA
1353 178 1381 207 C.
1403 179 1433 208 ll.

1286 256 1387 280 stiones:
1399 257 1429 280 de
1441 258 1579 287 humilitate,
1596 258 1626 281 de
1642 260 1791 287 paupertate,
1807 259 1838 282 de
1854 259 1993 282 continentia
2009 261 2032 281 et
2042 259 2072 282 de
2083 259 2137 282 obe-

1286 303 1383 331 dientia;
1400 310 1455 332 pag.
1472 304 1517 327 166
1534 305 1622 334 antiqui
1638 306 1708 329 codd.
1723 306 1741 329 A
1751 306 1796 329 DE
1813 305 1914 329 habent:
1936 315 1948 326 n
1959 306 2084 335 Postquam
2096 307 2136 329 ha-

1286 349 1361 372 bitum
1386 353 1421 373 est
1445 351 1475 374 de
1499 355 1646 380 paupertate,
1670 356 1741 376 restat
1762 359 1824 376 nunc
1847 359 1918 382 agere
1939 353 1969 376 de
1985 354 2136 381 continentia,

1286 397 1346 420 circa
1361 404 1433 426 quam
1450 398 1580 421 secundum
1592 402 1638 422 tres
1649 403 1727 428 partes
1743 400 1816 429 ipsius
1831 401 1910 429 triplex
1921 401 2026 430 quaestio
2043 400 2150 424 induce-¹

1286 447 1323 467 tur
1334 453 1346 464 ιτ
1365 447 1424 472 etc.;
1442 450 1496 473 pag.
1509 445 1552 467 '¹79
1565 445 1589 468 in
1601 446 1669 469 codd.
1682 447 1700 469 A
1709 447 1742 469 D:
1757 456 1769 467 α
1782 448 1905 476 Postquam
1917 447 2048 477 quaesitum
2060 450 2095 470 est
2105 447 2135 470 de

1286 491 1413 514 humilitate
1424 494 1447 514 et
1457 492 1487 515 de
1503 495 1640 521 paupertate
1656 496 1679 516 et
1693 494 1723 517 de
1733 494 1886 523 continentia,
1897 497 1967 517 raetat
1978 500 2040 517 nunc
2052 497 2136 524 quarto

1285 544 1398 568 quaerere
1426 539 1456 562 de
1481 538 1621 563 obedientia.
1648 541 1674 563 Et
1698 541 1758 564 circa
1785 541 1941 564 obedientiam
1969 541 2012 564 tria
2038 545 2136 570 possunt

1285 586 1386 615 quaeri»
1401 590 1445 610 etc.
1456 586 1552 609 Duobus
1563 587 1612 610 istis
1623 587 1693 611 codd.
1709 588 1733 610 in
1749 589 1772 611 3.
1788 589 1895 617 articulo,
1908 589 1947 612 ubi
1959 589 2036 612 deficit
2051 590 2083 617 A,
2099 596 2136 613 ac—

1285 633 1346 656 cedit
1362 634 1378 655 E
1395 633 1483 656 eisdem
1507 633 1586 656 verbis
1603 640 1629 657 ac
1646 635 1666 657 D
1682 635 1806 664 incipiens,
1823 636 1922 659 scilicet:
1942 645 1953 656 α
1966 637 2050 659 Ultimo
2067 641 2136 666 quae-

1284 680 1354 708 ritur,
1379 683 1457 703 utrum
1481 681 1619 704 christianae
1641 682 1759 710 religionis
1783 683 1823 710 sit,
1843 683 1907 712 quod
1927 690 2009 707 omnes
2026 683 2134 707 obediant

1285 727 1325 749 uni
1337 735 1359 748 n.
1376 727 1437 750 llaec
1454 727 1516 750 enim
1541 730 1575 750 est
1596 727 1713 756 inscriptio
1730 735 1830 758 magnae
1851 733 1873 753 et
1897 731 1986 753 ratione
2010 731 2134 760 temporis,

1284 779 1332 802 quo
1348 773 1432 801 scripta
1450 776 1496 802 est,
1513 774 1636 802 singularis
1651 775 1793 803 quaestionis
1809 776 1839 798 de
1851 777 1951 804 primatu
1966 777 2064 800 Romani
2080 778 2135 800 Pon-

1284 820 1359 843 titlcis.

1347 867 1395 890 Hoc
1411 867 1568 890 testimonium
1585 868 1733 897 antiquorum
1751 869 1872 899 codicum,
1889 871 2052 894 accedentibus
2069 872 2136 895 crite-

1284 913 1324 936 riis
1340 920 1367 937 ex
1384 914 1435 943 ipsa
1452 915 1527 938 indole
1543 916 1705 944 quaestionum
1722 916 1816 944 sumtis,
1833 920 1908 940 certos
1924 924 1967 941 nos
1985 919 2083 948 faciunt,
2095 919 2135 941 Bo-

1284 964 1436 984 naventuram
1453 968 1505 985 esse
1522 968 1602 985 earum
1619 966 1747 987 auctorem.

1347 1009 1381 1031 Ad
1399 1009 1598 1033 determinandam
1619 1010 1713 1033 alteram
1735 1012 1908 1040 quaestionem,
1925 1015 2002 1035 utrum
2020 1014 2063 1036 hae
2080 1019 2135 1043 qua-

1284 1058 1336 1078 tuor
1354 1056 1507 1084 Quaesliones
1524 1056 1657 1087 disputatae
1679 1058 1763 1081 eodem
1784 1061 1888 1087 tempore
1905 1060 1950 1083 sint
1962 1061 2079 1089 scriptae,
2097 1061 2134 1084 vel

1284 1104 1365 1126 saltem
1388 1104 1456 1127 simul
1479 1104 1622 1139 publicatae,
1644 1105 1755 1128 deficiunt
1777 1106 1844 1129 nobis
1864 1108 1993 1131 testimonia
2019 1109 2135 1132 historica.

1285 1150 1352 1178 Quod
1370 1153 1522 1174 memoratam
1544 1151 1722 1182 replicationem
1744 1155 1767 1175 et
1788 1153 1909 1176 articulum
1931 1154 1961 1177 de
1983 1154 2065 1178 labore
2086 1161 2135 1178 ma-

1284 1196 1354 1220 nuali
1369 1197 1471 1220 scribere
1492 1204 1539 1220 non
1565 1199 1632 1222 tuerit
1648 1205 1661 1221 a
1679 1199 1793 1228 principio
1814 1201 1914 1224 auctoris
1934 1202 2072 1229 consilium,
2089 1201 2133 1224 iam

1284 1243 1463 1267 observavimus
1481 1246 1561 1275 (supra
1578 1246 1592 1274 S
1606 1235 1649 1275 2.).
1674 1246 1782 1269 Ceterum
1799 1254 1845 1270 non
1861 1247 1896 1271 e'st
1911 1249 2049 1276 verisimile,
2066 1255 2135 1278 quae-

1284 1290 1380 1312 stionem
1399 1290 1428 1313 de
1445 1295 1594 1320 paupertate,
1606 1292 1666 1315 utin
1678 1293 1871 1321 praecedentibus
1887 1294 2028 1319 editionibus
2044 1296 2134 1324 legitur,

1284 1337 1333 1359 sine
1349 1337 1427 1367 aliquo
1444 1338 1518 1361 verbo
1536 1339 1701 1363 introductorio
1720 1341 1842 1369 prodIisse.
1859 1342 1889 1365 Ex
1905 1343 1976 1365 altera
1993 1346 2058 1371 parte
2079 1349 2133 1373 qua-

1284 1386 1337 1406 tuor
1353 1384 1383 1407 de
1399 1386 1538 1413 perfectione
1555 1387 1690 1415 evangelica
1712 1388 1859 1417 quaestiones
1880 1390 2021 1413 constituunt
2036 1390 2136 1418 comple·

1284 1434 1333 1454 tum
1350 1433 1471 1462 quoddam
1489 1436 1575 1462 totum,
1592 1435 1752 1464 aptissimum,
1769 1439 1794 1459 ut
1811 1437 1974 1466 multiplicibus
1991 1438 2133 1461 adversario-

1284 1485 1336 1501 rum
1354 1481 1556 1509 aggressionibus,
1573 1482 1708 1510 praesertim
1726 1483 1756 1506 illi
1774 1484 1878 1506 tractatui
1889 1484 1919 1507 de
1927 1484 2043 1514 periculis
2058 1484 2135 1509 novis-

1283 1525 1402 1549 simorum
1413 1528 1556 1557 temporum,
1568 1533 1735 1558 opponeretur.
1748 1531 1829 1559 lncipit
1840 1532 1942 1554 tractatio
1951 1531 1981 1554 ab
1994 1531 2133 1561 humilitate,

1284 1575 1309 1595 ut
1326 1573 1502 1598 fundamentum
1519 1582 1562 1604 pro
1580 1579 1624 1599 tota
1643 1577 1688 1599 vita
1706 1578 1828 1600 christiana
1845 1581 1868 1601 et
1882 1578 2003 1606 religiosa,
2021 1580 2063 1602 sed
2084 1586 2132 1608 spe-

1284 1619 1334 1642 ciali
1352 1621 1422 1644 modo
1439 1628 1482 1650 pro
1499 1622 1645 1646 defendenda
1662 1624 1791 1647 voluntaria
1808 1625 1956 1649 mendicitate
1975 1626 2079 1650 iaciatur.
2098 1626 2131 1649 Fi-

1284 1667 1320 1690 nis
1330 1671 1353 1690 et
1365 1674 1450 1691 corona
1466 1669 1571 1692 eiusdem
1588 1672 1623 1693 est
1639 1671 1749 1694 articulus
1766 1672 1796 1695 de
1812 1671 1941 1696 obedientia
1958 1672 2062 1697 Summo
2077 1674 2130 1697 Pon-

1284 1713 1342 1744 tifici
1356 1714 1444 1744 debita,
1467 1716 1517 1738 sine
1533 1717 1600 1739 cuius
1616 1718 1750 1741 auctoritate
1768 1719 1803 1741 illa
1825 1720 1982 1742 controversia
2002 1721 2131 1744 Parisiensis

1285 1767 1331 1784 non
1356 1763 1430 1790 potuit
1454 1763 1611 1787 determinari.
1633 1765 1699 1788 Unde
1723 1765 1844 1793 probabile
1870 1765 1937 1789 nobis
1959 1773 2010 1790 esse
2032 1768 2132 1796 videtur,

1286 1809 1309 1832 S.
1320 1810 1441 1832 Doctorem
1459 1811 1529 1839 paulo
1541 1814 1594 1839 post
1605 1811 1751 1840 diuulgatum
1769 1815 1889 1836 tractatum
1906 1814 2010 1842 magistri
2027 1814 2132 1837 Gulielmi

1286 1856 1331 1878 has·
1343 1859 1442 1885 quatuor
1459 1857 1606 1886 quaestiones
1622 1859 1782 1886 composuisse
1799 1860 1836 1882 vel
1852 1860 1933 1887 simul,
1945 1861 1981 1883 vel
1993 1861 2072 1884 saltem
2087 1867 2133 1884 non

1285 1902 1403 1925 interiecto
1419 1903 1489 1931 longo
1506 1906 1619 1932 tempore.
1635 1904 1693 1927 Cum
1710 1902 1789 1927 autem'
1805 1912 1883 1933 pugna
1900 1906 2057 1935 principaliter
2074 1907 2133 1929 circa

1283 1950 1449 1978 paupertatem
1476 1950 1669 1978 committeretur,
1697 1952 1753 1974 haec
1780 1952 1884 1981 quaestio
1896 1969 1901 1979 ‚
1931 1953 2042 1980 neglectis
2069 1953 2133 1982 aliis,

1286 1996 1411 2024 praecipue
1437 1996 1553 2025 descripta
1580 1999 1602 2019 et
1628 1997 1747 2026 divulgata
1775 2001 1818 2021 est.
1844 1999 1891 2022 Hoc
1919 2000 2068 2024 coniectando
2099 2001 2133 2024 di-

1286 2042 1368 2065 cimus.

1348 2089 1362 2118 S
1379 2089 1402 2111 5.
1418 2088 1572 2113 {temnuntur
1583 2090 1683 2121 codices,
1694 2091 1733 2122 qui
1745 2091 1844 2123 aliqum
1855 2092 1944 2123 partem
1955 2093 2065 2117 exhibent
2076 2101 2134 2125 que-

1286 2136 1338 2158 tuor
1346 2134 1373 2158 de
1381 2135 1518 2166 portentione
1529 2135 1663 2166 evangeliea
1672 2137 1832 2165 Quaestionum
1840 2138 2020 2169 disputatum,
2028 2139 2052 2163 et
2062 2139 2134 2169 primo

1286 2182 1303 2206 ii
1320 2190 1374 2214 quos
1384 2183 1409 2207 iu
1420 2183 1536 2207 formando
1547 2183 1616 2208 textu
1631 2184 1784 2209 adhibuimus.
1799 2198 1831 2203 —
1846 2186 1948 2208 Primum
1964 2187 2041 2209 locum
2058 2190 2134 2210 tenent

1286 2234 1331 2254 tres
1347 2230 1452 2258 codices,
1468 2231 1508 2260 qui
1526 2231 1594 2253 etiam
1617 2232 1764 2260 quaestiones
1783 2232 1813 2255 de
1837 2232 1929 2255 scientia
1948 2231 2031 2255 Christi
2057 2236 2080 2256 et
2103 2233 2133 2256 de

1287 2278 1396 2306 mysterio
1413 2278 1448 2301 Ss.
1465 2278 1581 2301 Trinitatis
1597 2278 1694 2307 habent,
1711 2279 1796 2302 scilicet
1811 2279 1895 2306 ADE,
1913 2279 1942 2302 de
1959 2279 2046 2309 quibus
2063 2286 2132 2309 supra

1286 2330 1307 2347 c.
1324 2325 1346 2348 l.
1362 2324 1376 2353 S
1394 2324 1414 2347 4.
1432 2325 1499 2347 locuti
1517 2331 1607 2348 sumuS.

1317 2393 1320 2394 .
1350 2372 1372 2395 4.
1388 2372 1500 2400 Parisiis,
1526 2372 1663 2396 bibliotheca
1688 2373 1821 2401 Nationalis,
1846 2373 1899 2396 cod.
1921 2373 2021 2397 membr.
2046 2375 2069 2397 in
2095 2375 2134 2398 rol.

1286 2426 1346 2442 saec.
1362 2420 1418 2447 Xlll,
1434 2420 1555 2444 distinctus
1571 2427 1669 2444 numero
1687 2421 1772 2444 s14557.
1787 2433 1818 2438 —
1835 2421 1914 2444 Plures
1937 2424 1960 2444 et
1976 2422 2132 2450 plurimorum

1286 2467 1386 2489 continet
1401 2467 1549 2496 quaestiones
1566 2468 1702 2496 disputatas.
1718 2467 1849 2498 Quodlibet.
1865 2468 1944 2491 val.
1965 2468 2057 2492 exhibet
2073 2469 2134 2492 duos

1287 2514 1375 2542 primos
1390 2515 1499 2537 articulos
1515 2516 1631 2538 secundae
1647 2515 1787 2545 quaestionis
1797 2515 1827 2538 de
1839 2516 1979 2544 perfectione
1991 2517 2133 2546 evangelica,

1287 2564 1310 2583 et
1333 2561 1437 2590 sequitur
1457 2561 1486 2584 de
1503 2562 1585 2585 eadem
1607 2564 1712 2592 quaestio
1739 2564 1759 2586 1.
1779 2563 1827 2586 sive
1849 2563 1879 2585 de
1901 2564 2036 2587 humilitate.
2053 2564 2134 2593 lncipit

1289 2609 1327 2631 tol.
1342 2608 1381 2631 78.
1398 2615 1417 2631 r.
1433 2612 1455 2632 et
1471 2609 1555 2632 desinit
1571 2611 1607 2633 rol.
1626 2611 1663 2633 88.
1680 2617 1703 2633 v.
1720 2623 1752 2628 —
1769 2610 1832 2639 Sign.
1850 2611 1865 2633 l.

1350 2655 1373 2678 5.
1389 2655 1487 2684 Romae,
1505 2655 1643 2680 bibliotheca
1660 2658 1790 2686 Principum
1807 2658 2003 2687 Burghesiorum,
2015 2659 2067 2682 cod.
2079 2658 2133 2681 271.

1288 2701 1386 2725 membr.
1405 2702 1427 2725 in
1444 2703 1466 2725 8.
1491 2708 1552 2726 saec.
1569 2703 1630 2727 XlV.
1647 2704 1753 2728 ineuntis.
1768 2716 1801 2721 —
1816 2704 1864 2727 Fol.
1882 2704 1918 2728 44.
1935 2711 1954 2728 r.
1972 2706 1995 2728 in
2012 2706 2133 2735 superiore

1287 2750 1405 2778 margine:
1423 2749 1517 2778 Questt'o
1530 2750 1620 2780 prima.
1638 2751 1696 2775 Hinc
1712 2751 1815 2781 sequitur
1831 2751 1862 2774 ab
1878 2752 1961 2775 eadem
1979 2759 2057 2776 manu:
2074 2752 2132 2782 Que-

1286 2797 1331 2820 stio
1347 2798 1382 2820 est
1397 2796 1425 2820 de
1446 2799 1602 2827 pauperum,-
1625 2799 1710 2822 desinit
1726 2799 1764 2822 tol.
1787 2799 1825 2822 55.
1842 2805 1885 2821 v.:.
1897 2799 1940 2829 qui
1953 2806 1978 2823 se
1992 2798 2133 2830 perfectubni

1286 2843 1419 2874 evangelice
1442 2843 1617 2869 astrinxeram.
1644 2847 1702 2869 Sunt
1724 2846 1814 2874 primus
1835 2848 1858 2868 et
1882 2846 2132 2869 secundus.articulus

1286 2891 1427 2921 quaestionis
1443 2892 1465 2914 2.
1482 2891 1512 2914 de
1529 2892 1669 2920 perfectione
1684 2892 1826 2921 evangelica.
1843 2892 1977 2921 Sequuntur
1993 2893 2035 2915 alia
2052 2893 2082 2916 de
2097 2898 2133 2915 ea-

1285 2925 1340 2960 dem
1347 2944 1380 2966 re,
1387 2938 1444 2960 inter
1452 2944 1513 2967 quae
1523 2939 1640 2962 eruamus
1646 2938 1760 2969 pauperis
1768 2938 1798 2961 lo.
1806 2939 1921 2966 Pet-hami,
1929 2939 1966 2962 eui
1975 2939 2073 2968 scriptor
2081 2938 2134 2962 sub-

1287 2984 1345 3006 iicit:
1358 2984 1464 3014 Explicit
1479 2985 1598 3008 &metatus
1612 2984 1726 3015 pauperis
1737 2986 1820 3009 contra
1832 2985 2007 3009 nonnullarum
2024 2985 2132 3009 heresum
