2285 3398
387 182 443 211 ⁹266

260 268 288 287 ne
301 273 361 295 eausa·
385 264 412 290 et
426 261 507 290 salus.
522 278 556 281 ἡ
569 261 643 289 Patet
660 260 758 295 etiam,
773 269 844 298 quae
859 260 894 289 sit
907 269 1001 289 caasa
1015 261 1147 300 efficiens,
1162 260 1227 297 quia

245 292 369 316 qmdmphm'
385 308 476 337 divina
497 308 646 342 institutio;
668 316 739 345 quae
760 307 939 342 materialis,
961 308 1026 345 quia
1051 308 1119 345 signi
1141 306 1226 336 sensi-

386 356 447 385 bilis
475 354 704 392 repraesentatio;
737 363 807 392 quae
834 354 987 392 formatis,
1015 355 1081 392 quia
1107 353 1227 395 gratuita

385 402 577 436 sanctiticati03
592 409 663 439 quae
683 401 793 437 finalia,
814 401 879 439 quia
901 401 1043 430 hominum
1059 397 1227 429 medicinalis

385 449 498 478 curatio.
516 449 546 477 Et
560 448 626 486 quia
642 460 655 473 «
668 448 852 477 denominatio
866 449 896 477 sit
910 457 926 477 a
940 449 1028 477 forma
1042 451 1069 477 et
1082 456 1098 476 a
1112 447 1166 475 fine
1178 447 1187 462 ¹
1199 456 1226 480 »3

385 496 448 525 hinc
470 499 525 530 est,
548 496 621 533 quod
651 496 783 525 dicuntur
811 496 1021 530 Sacramenta,
1043 494 1120 532 quasi
1143 493 1228 522 medi-

384 547 508 572 camenta
528 543 733 572 sanctificantia.
755 544 805 572 Per
826 544 893 572 haec
923 543 997 572 enim
1025 542 1115 570 anima
1136 549 1152 569 a
1173 541 1228 569 106-

383 590 467 619 ditate
488 590 619 619 vitiorum
645 590 787 619 reducitur
812 590 845 619 ad
876 589 1118 619 sanctificationem
1140 587 1228 624 perse-

246 645 374 665 00r0uanum.
384 640 466 667 ctam.
477 654 513 658 —
522 637 554 666 Et
568 637 638 671 ideo,
653 637 716 666 licet
729 637 784 666 sint
797 637 950 674 corporalia
964 639 991 665 et
1005 635 1152 669 sensibilia,
1164 636 1229 663 sunt

386 688 477 714 tamen
500 684 655 714 veneranda
676 687 806 721 tanquam
827 686 935 718 sancta,
957 683 1022 721 quia
1050 690 1128 711 sacra
1149 681 1229 718 signi-

384 732 466 762 ficant
488 732 634 769 mysteria,
656 731 689 760 ad
711 739 789 760 sacra
813 734 978 769 praeparant
1009 731 1192 763 charismata,
1213 737 1230 757 a

385 779 570 808 sacratissimo
592 779 647 808 Deo
668 779 745 812 data,
767 786 846 807 sacra
873 778 1043 807 institutione
1071 780 1098 806 et
1118 776 1229 805 benedi-

384 826 473 856 ctione
493 826 625 856 divinitus
644 829 816 858 consecrata,
838 826 872 854 ad
892 826 999 854 cultum
1014 824 1230 854 sacratissimum

384 874 432 903 Dei
460 874 487 902 in
515 881 594 902 sacra
621 873 739 902 Ecclesia
763 872 927 906 constituta,
949 872 986 900 ita
1005 875 1037 900 ut
1058 871 1156 907 merito
1177 870 1229 900 dici

383 921 500 950 debeant
522 921 722 950 Sacramenta.

749 1014 814 1043 Car.
838 1014 866 1042 ΙΙ.

553 1110 593 1139 De
614 1110 875 1139 Sacramentoritm
899 1107 1068 1137 variatione.

465 1204 503 1233 De
525 1204 687 1232 variatione
701 1205 793 1232 autem
808 1203 1049 1231 §aeramentorum
1064 1202 1116 1230 hoc
1137 1205 1231 1231 tenen-

278 1258 343 1277 Thesis
356 1258 373 1277 ¹.
387 1251 453 1280 dum
473 1254 530 1285 est,
552 1250 626 1287 quod
646 1251 823 1279 Sacramenta
846 1249 881 1278 ab
909 1249 985 1278 initio
1006 1249 1040 1277 ad
1061 1249 1232 1278 curationem

387 1298 507 1327 hominis
528 1298 652 1327 instituta
672 1300 738 1326 sunt
759 1300 786 1326 et
806 1305 915 1333 semper
936 1305 999 1325 cum
1021 1296 1118 1325 morbo
1144 1296 1232 1325 homi-

388 1345 430 1374 nis
451 1347 637 1374 cucurrerunt
657 1347 685 1373 et
705 1352 795 1382 usque
816 1344 843 1372 in
865 1344 947 1372 linem
976 1343 1076 1373 saeculi
1099 1343 1232 1380 perdura-

388 1392 473 1426 bunt,
495 1392 542 1421 sed
556 1392 609 1420 alia
623 1392 737 1420 suerunt
752 1391 779 1419 in
794 1391 851 1428 1696
865 1394 1008 1425 natm-ae,
1030 1391 1082 1419 alia
1103 1391 1155 1419 sub
1177 1391 1233 1429 1696

389 1439 515 1476 scripta,
530 1439 582 1467 alia
596 1439 648 1467 su'b
661 1438 771 1476 yratia.
795 1438 826 1466 Et
847 1438 874 1466 in
897 1437 940 1466 his
960 1438 1088 1466 omnibus
1103 1438 1148 1466 illa
1162 1446 1233 1475 quae

389 1486 541 1523 posteriora
562 1490 635 1520 sunt,
657 1485 854 1523 significatione
877 1488 942 1513 sunt
962 1485 1131 1514 evidentiora
1150 1489 1177 1515 et
1195 1486 1233 1514 61-

281 1539 347 1559 ·rhesis
359 1540 377 1558 ²2.
390 1532 463 1562 fectu
483 1533 586 1570 gratiae
606 1532 739 1570 digniora.
756 1548 792 1553 -—
808 1532 836 1560 In
858 1532 917 1568 lege
944 1532 1017 1560 enim
1038 1535 1153 1561 naturae
1175 1532 1233 1561 sue-

391 1583 457 1609 runt
478 1580 647 1614 obtatiortes,
669 1579 821 1616 sacrificia
842 1581 870 1608 et
890 1579 1101 1608 decimationes.
1125 1580 1153 1608 In
1175 1579 1234 1616 lege

391 1629 482 1656 autem
504 1627 605 1663 scripta
630 1626 786 1655 introducta
816 1629 857 1655 est
878 1626 1079 1660 circumcisio,
1102 1626 1234 1664 superad-

392 1674 448 1703 dita
468 1677 509 1703 est
535 1675 677 1711 earpiatio,
699 1677 726 1703 et
747 1673 937 1710 superadiecta
968 1676 1008 1702 est
1040 1673 1234 1708 oblationum,

392 1721 616 1751 decimationum
637 1724 664 1751 et
684 1721 902 1758 sacrificiorum
924 1719 1114 1758 multiformis
1133 1721 1235 1749 ‹listin-

283 1775 378 1795 Thesis3.
393 1769 456 1797 ctio.
480 1784 515 1789 —
539 1768 566 1796 In
594 1769 651 1805 lege
679 1772 772 1797 autem
800 1777 871 1797 nova
896 1780 909 1793 «
925 1770 1026 1797 statuta
1055 1771 1119 1797 sunt
1141 1768 1234 1796 Sacra-

393 1818 486 1845 menta
506 1823 622 1844 numero
644 1816 788 1852 pauciora,
803 1816 922 1844 utilitate
937 1815 1059 1852 potiora,
1080 1815 1183 1844 virtute
1197 1815 1235 1844 el-

392 1862 541 1892 11606106ιῖ
553 1874 565 1887 »
591 1865 619 1891 et
639 1863 852 1899 praeeminentia
871 1863 1010 1900 digniorem
1027 1863 1053 1891 in
1073 1862 1175 1900 quibus
1196 1865 1237 1891 est

393 1910 516 1947 impletio
537 1909 619 1938 simul
640 1912 666 1937 et
686 1910 826 1938 evacuatio
847 1911 1088 1939 Sacramentorum
1113 1910 1237 1939 omnium

394 1957 606 1994 praedictorum.
907 1979 912 1982 .

474 2004 549 2033 Ratio
570 2006 663 2032 autem
684 2003 717 2031 ad
732 2003 935 2041 intelligentiam
951 2005 1155 2042 praedictorum
1170 2005 1237 2034 haec

320 2059 382 2078 Ratio.
396 2055 451 2082 est:
467 2052 532 2089 quia
553 2051 676 2080 Verbum
698 2050 884 2085 incarnatum,
899 2052 973 2089 quod
994 2055 1035 2081 est
1057 2051 1238 2089 reparationis

255 2107 291 2126 Pro
304 2106 352 2126 thesi
365 2106 381 2125 ¹·
395 2103 504 2129 nostrae
525 2097 692 2136 principium
713 2100 740 2125 et
760 2097 819 2126 sons
840 2101 866 2126 et
886 2099 963 2136 origo
984 2100 1237 2133 sacramentorum,

395 2155 458 2176 cum
472 2146 515 2175 sit
535 2144 777 2174 clementissimum
799 2146 829 2173 et'
845 2145 1089 2181 sapientissimum;
1111 2155 1143 2175 60
1165 2146 1238 2183 quod

396 2193 639 2224 clementissimum
671 2194 728 2226 651,
756 2199 809 2220 non
841 2192 980 2228 permisit,
1011 2194 1084 2230 quod
1112 2197 1239 2223 curreret

983 157 985 159 Ι
1019 182 1228 219 BREVILOQUH
1249 182 1328 209 PARS
1350 180 1390 208 Vl.
1413 180 1440 208 C.
1464 180 1491 208 ll.

1283 259 1398 287 morbus
1419 258 1522 295 peccati
1544 259 1602 288 sine
1633 259 1754 288 remedio
1785 259 1967 293 Sacramenti;
1990 268 2021 288 eo
2043 269 2124 294 vero,

1283 306 1357 343 quod
1378 306 1609 343 sapientissimum
1632 308 1687 340 est,
1710 306 1769 335 ideo
1798 306 1877 335 iuxta
1903 306 2039 336 dictamen
2060 315 2125 336 suae

1284 353 1461 382 immutabilis
1491 353 1639 390 sapientiae
1671 355 1770 382 cuncta
1801 353 2001 388 ordinatissime
2025 354 2125 390 guber-

1284 399 1373 428 nantis
1399 399 1507 429 diversa
1537 400 1663 429 adhibuit
1695 400 1891 429 medicamenta
1918 404 1945 429 et
1972 401 2063 435 varia,
2089 409 2127 430 se-

1284 446 1404 475 cundum
1428 447 1605 476 mutationem
1634 447 1738 476 variam
1767 451 1923 484 temporum
1944 447 2125 476 diversorum.

1284 494 1417 530 Quoniam
1445 503 1510 531 ergo
1536 495 1595 523 «ab
1622 494 1712 529 initio,
1734 497 1915 531 procurrente
1941 497 2079 531 tempore,
2101 498 2127 523 et

1284 541 1403 570 adventu
1425 542 1572 571 Salvatoris
1593 542 1678 579 magis
1708 550 1740 570 ac
1767 541 1854 579 magis
1874 542 2127 579 appropinquante,

1285 596 1392 625 semper
1413 589 1498 626 magis
1519 598 1550 618 ac
1572 590 1658 627 magis
1678 588 1791 627 effectas
1812 589 1908 618 salutis
1929 589 2016 618 crevit
2035 593 2063 618 et
2083 598 2128 618 eo-

1284 634 1376 671 961110
1398 635 1534 670 veritatis;
1556 644 1710 674 congruum
1732 632 1796 670 suit,
1815 639 1842 664 et
1860 635 1917 672 ipsa
1932 636 2019 673 siqua
2033 636 2129 664 salutis

1286 689 1335 718 per
1357 682 1554 712 successionem
1576 687 1732 721 temporum
1755 683 1808 712 alia
1828 685 1889 720 post
1902 683 1955 711 alia
1968 683 2082 717 variari,
2097 685 2128 711 ut

1286 728 1401 766 effectas
1422 730 1524 766 gratiae
1542 731 1651 760 divinae
1672 731 1699 759 in
1721 731 1837 760 salutem
1860 734 2011 764 cresceret,
2033 730 2129 759 simul-

1287 783 1341 812 que
1356 778 1383 804 et
1398 775 1456 812 ipsa
1476 776 1650 813 styriiificaao
1672 778 1699 806 in
1721 777 1786 814 ipsis
1801 777 1885 814 signis
1900 776 2053 806 visibilibus
2073 774 2129 806 evi-

1287 823 1395 851 dentior
1415 824 1582 860 appareret³
1597 836 1623 853 ».
1640 825 1671 853 Et
1693 825 1752 853 idco
1772 836 1785 849 «
1800 824 1923 861 primum
1944 832 1994 861 per
2012 823 2130 852 oblatio-

1287 878 1351 898 nem
1366 872 1393 899 et
1411 872 1505 906 postea
1525 878 1574 907 per
1595 871 1854 906 circumcisionem,
1876 871 1909 900 ad
1931 871 2059 900 ultimum
2080 879 2129 908 per

1288 917 1489 955 baptismalem
1510 917 1682 947 ablutionem
1697 919 1861 956 expiationis
1882 922 1909 948 et
1930 918 2130 947 iustificationis

1287 965 1495 993 Sacramentum
1517 964 1628 993 formari
1660 965 1816 994 institutum
1844 968 1900 1000 est;
1922 965 1988 1002 quia
2007 965 2129 994 eiusdem

1287 1012 1473 1041 mundationis
1494 1011 1583 1040 forma
1603 1014 1630 1041 et
1650 1012 1798 1041 similitudo
1817 1013 1844 1041 in
1866 1012 2006 1041 oblatione
2019 1011 2130 1050 quidem

1287 1060 1393 1088 occulte
1415 1059 1570 1093 invenitur,
1591 1058 1628 1087 in'
1646 1059 1863 1089 circumcisione
1892 1068 1958 1089 vero
1978 1059 2131 1089 evidentius

1287 1106 1472 1143 exprimitur,
1494 1114 1543 1143 per
1571 1106 1748 1144 baptismum
1772 1110 1864 1135 autem
1894 1107 2065 1136 manifestius
2085 1107 2131 1135 de—

1288 1154 1447 1183 claratur».
1470 1154 1502 1182 Et
1530 1153 1593 1182 hinc
1621 1157 1675 1188 est,
1703 1153 1777 1190 quod
1804 1153 1877 1182 «illa
1898 1154 1978 1191 primi
2001 1154 2132 1191 temporis

1288 1202 1478 1235 Sacramenta,
1500 1201 1572 1230 sicut
1592 1200 1665 1230 dicit«
1678 1201 1754 1238 Hugo
1765 1201 1785 1234 4,
1808 1200 1920 1229 suerunt
1941 1201 2012 1230 sicut
2033 1201 2132 1230 verita-

1289 1248 1323 1277 tis
1344 1248 1467 1283 umbra,
1490 1248 1570 1279 medii
1593 1248 1724 1285 temporis
1746 1248 1817 1277 516111
1837 1247 1937 1285 fillum
1958 1256 2007 1277 seu
2035 1249 2131 1285 imago,

1289 1295 1435 1332 postremi,
1457 1295 1559 1324 56111661
1580 1295 1703 1333 gratiae,
1722 1295 1794 1324 sicut
1814 1303 1960 1332 corpas»,
1975 1295 2040 1332 quia
2061 1296 2133 1324 intra

1290 1350 1318 1370 se
1340 1343 1482 1371 veritatem
1504 1346 1531 1371 et
1552 1337 1667 1380 gratiam
1689 1342 1855 1371 curatricem
1877 1341 2029 1376 continent,
2050 1350 2133 1379 quam

1290 1393 1480 1427 praesentant,
1501 1393 1529 1418 et
1549 1390 1768 1427 praesentialiter
1799 1389 1944 1418 conserunt
1971 1388 2045 1426 quod
2070 1397 2134 1426 pro-

1290 1436 1411 1465 mittunt.
2054 1440 2056 1443 ’

1369 1484 1487 1517 Rursus,
1509 1484 1639 1521 quoniam
1654 1484 1808 1521 praesentia
1822 1484 1945 1513 veritatis
1959 1486 1985 1512 et
2000 1482 2103 1521 gratiae
2114 1482 2134 1517 ⁵,
2148 1488 2183 1507 Pro
2197 1488 2245 1507 thesi
2257 1488 2275 1507 2-

1290 1539 1361 1568 quae
1383 1531 1410 1559 in
1432 1531 1489 1568 lege
1510 1531 1613 1568 gratiae
1634 1531 1797 1565 exhibetur,
1820 1531 1925 1560 ratione
1957 1539 2023 1560 suae
2044 1530 2136 1559 excel-

1292 1578 1390 1607 lentiae
1404 1581 1431 1607 et
1444 1578 1671 1607 multisormitatis
1685 1578 1712 1606 in
1727 1586 1810 1615 opere
1825 1581 1852 1607 et
1866 1579 1969 1607 virtute
1983 1587 2033 1616 per
2048 1586 2135 1607 unum

1292 1626 1401 1662 signum
1429 1625 1548 1661 exprimi
1570 1634 1623 1653 non
1645 1628 1767 1662 poterat,
1789 1628 1820 1653 ut
1840 1625 1968 1658 decebat;
1991 1626 2054 1655 hinc
2082 1628 2135 1659 est,

1293 1672 1366 1709 quod
1388 1672 1414 1700 in
1436 1672 1508 1700 omni
1531 1675 1654 1709 tempore
1674 1675 1702 1700 et
1722 1672 1780 1709 lege
1805 1672 1886 1709 plura
1906 1672 2021 1702 suerunt
2042 1673 2136 1701 Sacra-

1293 1721 1385 1748 menta
1405 1719 1468 1747 data
1481 1718 1515 1746 ad
1536 1718 1609 1746 illam
1632 1719 1775 1747 veritatem
1796 1721 1823 1747 et
1843 1719 1958 1756 gratiam
1977 1720 2137 1757 exprimen-

1293 1767 1367 1800 dam;
1390 1766 1437 1795 sed
1458 1765 1606 1803 praecipue
1628 1765 1655 1794 in
1676 1768 1800 1803 tempore
1831 1766 1897 1803 legis
1918 1766 2035 1803 figurae,
2057 1767 2137 1796 cuius

1293 1817 1334 1844 est
1356 1814 1490 1851 figurare,
1505 1813 1592 1841 multa
1606 1813 1683 1850 signa
1697 1816 1724 1842 et
1738 1813 1815 1842 varia
1829 1817 2051 1851 praecesserunt,
2067 1822 2137 1851 quae

1293 1870 1344 1891 sua
1358 1861 1490 1890 varietate
1501 1860 1601 1889 Christi
1617 1860 1732 1897 gratiam
1747 1861 1935 1898 multipliciter
1949 1861 2138 1898 exprimerent

1294 1912 1321 1938 et
1341 1909 1522 1938 excellentius
1552 1908 1787 1943 commendarent,
1809 1912 1836 1937 et
1856 1909 2044 1946 multipliciter
2065 1917 2138 1938 com-
2162 1930 2165 1933 .

1294 1956 1447 1986 mendando
1474 1956 1614 1985 nutrirent
1645 1955 1789 1992 parvulos,
1816 1959 1980 1985 exercerent
2011 1956 2138 1994 imperse-

1294 2004 1374 2033 61056
1396 2006 1423 2033 61
1442 2004 1528 2032 duros
1548 2002 1687 2031 onerando
1701 2002 1858 2039 frangerent
1879 2006 1905 2032 61
1919 2003 1953 2032 a‘d
1967 2003 2063 2041 iugum
2077 2012 2138 2040 gra-

1295 2052 1347 2081 tiae
1367 2052 1512 2080 domarent
1533 2053 1560 2080 et
1580 2049 1699 2087 quodam
1719 2049 1799 2078 modo
1819 2050 1981 2079 emollirent.

1374 2100 1528 2133 Postremo,
1544 2098 1689 2136 quoniam,
1704 2096 1818 2129 veritate
1839 2097 2065 2133 superveniente,
2080 2106 2137 2127 ces·
2152 2102 2187 2121 Pro
2201 2102 2249 2121 thesi
2261 2102 2278 2120 3-

1295 2150 1337 2176 sat
1368 2146 1484 2180 umbra,
1513 2149 1540 2175 et
1570 2146 1661 2183 figura
1690 2143 1887 2182 praenuntians
1912 2144 2027 2173 sortitur
2058 2145 2140 2174 finem

1296 2193 1449 2228 intentum,
1478 2201 1533 2230 quo
1559 2192 1668 2226 habito,
1690 2198 1797 2220 cessare
1824 2190 1904 2219 debet
1934 2191 1994 2219 eius
2025 2199 2092 2220 usus
2113 2194 2140 2220 et

460 2403 467 2416 ¹
487 2404 619 2427 Secundum
637 2403 739 2430 Aristot.,
752 2403 774 2425 ll.
792 2402 927 2430 (16.1111610,
945 2405 995 2425 text.
1014 2402 1051 2425 49.
1063 2402 1093 2432 (c.
1111 2403 1153 2432 4.):
1165 2403 1183 2426 Α
1195 2404 1240 2426 tine

398 2446 514 2474 appellare
530 2444 608 2467 omnia
626 2443 710 2466 iustum
728 2445 768 2465 est.
780 2454 811 2459 --
823 2442 933 2470 Superius
950 2448 992 2470 pro
1010 2448 1069 2465 cura
1084 2442 1156 2465 Duil
1173 2449 1241 2466 cura·

398 2485 437 2514 tio,
447 2487 469 2508 et
480 2486 532 2513 post
543 2483 641 2514 eslii-iem
659 2483 719 2510 Vat.,
734 2483 742 2504 *l
760 2485 781 2504 et
799 2483 811 2504 3
824 2482 933 2510 supplent
944 2481 1169 2510 Sacramentorum,
1181 2488 1241 2510 (111116

399 2525 465 2548 etiam
484 2524 578 2547 inferius
595 2522 692 2546 vocibus
710 2523 788 2545 10111611
806 2521 940 2545 1161161·(111ἀα
958 2521 1094 2543 intorserunt
1116 2520 1242 2544 medicina-

399 2564 443 2592 lia,
460 2565 482 2587 et
498 2563 525 2586 ob
541 2563 591 2586 hoc.

461 2601 470 2614 ²
488 2603 595 2630 August„
613 2602 650 2624 ix.
663 2604 741 2624 contra
758 2601 878 2627 Faustum,
896 2608 915 2622 6.
937 2601 973 2627 13,
986 2600 1025 2623 11111
1043 2606 1086 2628 pro
1102 2601 1192 2623 statuta
1204 2606 1242 2628 po-

400 2643 460 2665 nitur
478 2641 597 2669 instituta,
618 2641 681 2669 quod
698 2640 805 2662 exhibent
822 2640 890 2663 etiam
908 2640 959 2662 DE.
976 2640 1093 2668 Csr.11ug.
1111 2646 1124 2662 a
1142 2640 1164 2662 S.
1176 2639 1243 2667 Vici„

401 2683 414 2704 l.
432 2682 461 2704 ‹lc
479 2682 580 2702 Sacram.
597 2686 621 2708 p.
638 2680 692 2701 Vlll.
713 2686 732 2701 6.
753 2680 787 2702 ¹2.
809 2682 831 2701 et
847 2686 871 2707 p.
889 2680 926 2702 XI.
943 2687 963 2702 6.
985 2680 1006 2702 6.
1025 2693 1056 2697 -
1076 2680 1108 2702 De
1131 2681 1174 2702 hoc
1192 2685 1244 2708 cap.

400 2721 454 2743 ride
471 2721 507 2742 lV.
526 2720 586 2741 Sent.
604 2719 627 2741 d.
645 2719 666 2741 l.
683 2725 705 2747 p.
724 2719 747 2741 ΙΙ.
764 2725 805 2747 1161·
823 2721 892 2741 totam
910 2721 932 2741 et
953 2719 976 2741 d.
993 2720 1014 2741 2.
1032 2726 1053 2741 a.
1071 2719 1092 2742 11.
1109 2726 1132 2748 q.
1151 2719 1172 2741 t.
1193 2725 1242 2748 seq.

399 2772 430 2776 —
443 2759 560 2787 Superius,
573 2758 785 2780 conmmnissimam
798 2757 918 2779 lectionem
930 2758 998 2780 codd.
1010 2761 1032 2781 et
1045 2760 1058 2781 2
1071 2758 1150 2785 secuti,
1161 2757 1242 2781 substi-

401 2799 485 2821 tuimus
502 2797 545 2821 sub
562 2796 641 2827 qratia
659 2796 701 2825 (ita
719 2796 786 2819 etiam
809 2796 869 2824 llug.
886 2803 898 2818 a
917 2797 939 2818 S.
958 2797 1026 2823 vict„
1044 2798 1099 2820 locis
1119 2798 1174 2827 citt.)
1200 2803 1242 2825 pro

400 2838 443 2861 sub
461 2838 508 2867 leffe
525 2837 624 2867 911111416-
643 2836 737 2859 interius
754 2843 796 2864 pro
808 2835 914 2859 omnium
928 2836 1106 2865 praedit-torma
1123 2838 1158 2860 114
1169 2838 1242 2860 LUV

401 2876 507 2900 omnium
516 2876 711 2906 praeteritorum.

463 2914 472 2926 ⁸
490 2916 550 2943 llug.
566 2921 578 2937 a
596 2915 619 2937 S.
636 2915 702 2941 viee,
719 2915 734 2937 Ι,
752 2914 781 2937 de
798 2915 898 2936 Sacram.
916 2920 939 2942 p.
952 2914 988 2936 Xl.
1006 2921 1025 2936 6,
1043 2915 1068 2942 6,
1086 2916 1201 2938 nonnullis
1213 2918 1242 2938 10-

402 2961 453 2977 men
472 2955 570 2977 mutatis.
588 2955 630 2976 Pro
656 2954 707 2984 ipsa
731 2953 870 2984 siquificatt'o
888 2953 957 2976 editio
978 2954 1095 2981 originalis
1117 2954 1168 2984 ipsa
1189 2961 1242 2978 saa-

402 2994 524 3024 ctificatio;
550 3000 609 3023 quae
635 2994 699 3017 let-tio
726 2995 801 3022 potius
827 2994 917 3016 11116161·
942 2999 992 3015 esse
1014 2994 1094 3016 xitium
1124 2994 1242 3023 editionis,

1296 2410 1380 2433 quam,
1397 2404 1480 2426 relictis
1497 2403 1629 2431 codicibus,
1647 2409 1692 2425 non
1710 2402 1764 2425 satis
1781 2401 1883 2423 consulte
1900 2400 1943 2428 ipsi
1959 2400 2030 2422 secuti
2048 2407 2140 2428 sumus,

1296 2444 1420 2466 reserentes
1443 2443 1543 2466 eundem
1561 2443 1637 2465 locum
1649 2444 1704 2464 tom.
1717 2441 1754 2463 lV.
1770 2446 1823 2469 pag.
1842 2439 1879 2467 50,
1896 2439 1938 2461 col.
1952 2439 1979 2466 ll;
1992 2440 2032 2462 cl‘r.
2055 2442 2106 2462 nota
2119 2440 2141 2463 6.

1297 2482 1355 2504 lbid.
1370 2485 1393 2504 et
1409 2488 1457 2511 seq.
1475 2482 1585 2504 sententia
1597 2481 1724 2508 invenitur,
1741 2480 1764 2503 in
1781 2485 1827 2509 qua
1844 2485 1886 2507 pro
1897 2478 2001 2508 formari
2018 2479 2076 2505 Vat„
2097 2479 2102 2501 1
2120 2482 2141 2502 61

1299 2522 1312 2544 3
1329 2528 1452 2550 perperam
1469 2521 1609 2551 soimtiter.

1361 2560 1370 2573 ¹
1387 2561 1440 2583 Loc.
1458 2561 1480 2583 in
1494 2561 1599 2589 praeced.
1621 2563 1673 2582 nota
1690 2560 1727 2582 eit.
1747 2559 1792 2582 Csr.
1810 2558 1877 2581 etiam
1894 2557 1964 2585 ipsius
1982 2556 2038 2578 liber
2056 2556 2085 2579 de
2105 2557 2142 2579 Sa-

1299 2606 1369 2623 cram.
1387 2600 1444 2629 legis
1462 2601 1570 2623 naturalis
1587 2602 1609 2623 et
1625 2593 1731 2628 scriptae.

1311 2667 1312 2670 Ἴ
1353 2638 1371 2662 ‚⁶
1388 2640 1448 2662 loun.
1468 2640 1491 2667 1,
1512 2640 1549 2662 17:
1568 2640 1625 2669 Quia
1647 2640 1692 2662 Lex
1709 2645 1751 2667 per
1772 2639 1866 2666 Moysen
1888 2636 1940 2659 data
1963 2638 2008 2662 est,
2026 2635 2097 2663 gratia
2121 2638 2142 2657 et

1301 2679 1383 2701 veritas
1401 2685 1442 2707 per
1459 2679 1533 2701 lesum
1551 2678 1666 2702 Christum
1685 2679 1742 2700 sacta
1760 2679 1843 2699 est.—
1855 2675 1948 2698 inferius
1965 2681 2008 2703 pro
2026 2675 2141 2704 operell(

1299 2718 1315 2740 L
1333 2718 1478 2747 operatione,
1495 2721 1517 2740 et
1534 2724 1576 2746 pro
1594 2723 1642 2741 nou
1650 2718 1754 2747 poterat,
1774 2717 1801 2739 ut
1816 2714 1908 2738 decebat
1919 2714 1935 2736 Ρ
1952 2719 1999 2737 uon
2013 2715 2091 2743 potest
2101 2720 2142 2737 nec

1300 2756 1328 2786 (F
1338 2758 1354 2779 L
1364 2757 1382 2779 T
1393 2758 1408 2779 Z
1426 2757 1494 2780 etiam
1511 2759 1564 2785 nec)
1581 2757 1651 2781 decet.

1361 2794 1371 2808 θ
1387 2796 1479 2819 Plurimi
1497 2797 1565 2820 codd.
1578 2799 1600 2819 61
1616 2797 1629 2819 2
1648 2801 1771 2825 perperam
1779 2794 1903 2824 perfectos.
1918 2793 2046 2821 Respicitur
2058 2794 2116 2821 llug.
2129 2800 2142 2815 a

1300 2837 1322 2859 S.
1335 2836 1400 2863 Vici„
1413 2837 1426 2858 1.
1440 2837 1469 2859 de
1487 2837 1588 2859 Sacram.
1605 2842 1628 2864 p.
1646 2836 1682 2858 xl.
1701 2842 1721 2858 6,
1739 2835 1765 2857 4:
1782 2834 1884 2856 Primum
1902 2832 1971 2861 igitur
1988 2836 2039 2855 ante
2056 2834 2142 2861 Legem

1299 2876 1409 2904 parvulos
1420 2875 1514 2898 consilio
1532 2875 1638 2902 nun-ivit,
1650 2877 1729 2903 postea
1747 2872 1790 2896 sub
1802 2873 1863 2900 Lege
1874 2872 2007 2894 exercitatos
2019 2875 2142 2900 praecepto

1299 2914 1404 2941 tentavit,
1418 2914 1542 2937 novissime
1558 2914 1603 2937 sub
1615 2913 1687 2942 gratia
1704 2914 1818 2942 perfectos
1830 2911 1850 2934 in
1869 2910 1971 2934 libertate
1988 2911 2081 2939 spiritus
2097 2917 2143 2933 am-

1299 2953 1379 2977 bulare
1397 2954 1513 2982 permittit.
