2285 3398
328 102 381 137 ¹62

320 179 437 207 stultum
458 178 642 215 esset‚>quod
667 186 718 214 pro
747 185 777 206 re
798 178 921 207 modicae
949 178 1076 207 utilitatis
1097 186 1171 206 com-

322 233 406 254 mune
428 226 530 254 bonum
553 232 686 261 magnum
708 224 865 254 incurreret
885 225 1098 259 detrimentum;
1121 233 1171 253 nec

321 274 373 302 hoc
393 272 531 301 ordinavit
552 272 626 300 Deus
647 279 697 301 nec
719 272 779 300 eius
805 272 965 309 Apostolus,
987 272 1059 301 sicut
1081 272 1107 300 in
1130 279 1172 300 se-

321 320 472 358 quentibus
493 319 634 348 evidenter
655 319 825 348 ostendetur.
1163 352 1165 354 ,

399 367 478 403 Quod
498 369 591 395 autem
612 366 646 395 de
668 366 826 395 huiusmodi
849 367 980 403 operibus
1007 368 1034 395 et
1056 364 1173 393 homini-

182 421 313 441 confirmatur.
322 415 375 444 bus
396 413 575 443 diversificari
590 413 689 442 debeat
703 413 836 442 iudicium
858 413 1010 442 secundum
1029 411 1173 441 diversita—

321 466 375 490 tem
396 461 551 495 donorum,
573 461 729 490 officiorum
751 463 778 489 et
791 460 946 498 gratiarum
968 460 1019 488 sibi
1040 458 1174 487 divinitus

321 509 499 542 collatarum;
521 508 642 537 ostendit
661 507 757 537 Glossa
777 515 862 544 super
878 507 945 536 illud
966 504 1172 535 Deuteronomii

321 556 454 593 vigesimo
474 556 609 584 octavo¹:
633 555 806 584 Benedictus
820 554 939 592 fruetus
960 552 1068 581 ventris
1090 552 1135 580 taz'
1148 555 1174 580 et

319 601 439 640 fruetus
454 606 551 631 terrae
565 606 633 631 tuae
647 605 672 630 et
691 601 811 639 (ructas
827 601 1024 629 &immentorum
1039 602 1173 632 tuorum,

320 650 358 678 ita
378 649 486 678 dicens:
514 661 527 674 «
542 649 672 678 Diversos
692 648 804 677 ordines
826 650 902 676 notat
924 646 1107 675 subditorum.
1124 645 1172 674 Alii

320 696 394 725 enim
415 696 575 725 doctoribus
590 695 744 732 corporalia
765 695 899 732 praebent
913 694 1054 727 alimenta;
1076 693 1120 721 alii
1137 693 1174 721 la-

320 744 421 773 borare
448 747 564 781 possunt
594 742 670 780 quod
696 742 751 771 ‘sibi
786 742 871 771 suerit
902 744 1100 778 praeceptum3
1129 741 1173 769 alii

321 790 495 828 simplicitate
523 790 643 819 contenti
672 798 722 827 per
752 789 937 817 innocentiam
966 788 1037 817 vitae
1064 788 1176 816 student

321 838 378 867 Deo
399 838 524 875 placere;
553 838 755 875 uuusquisque
773 836 934 874 propriam
963 835 1073 864 donum
1094 834 1175 863 habet

321 894 356 913 ew
372 885 428 913 Deo
440 897 467 913 ».
480 901 517 906 —-
532 884 743 913 Concedendum
758 886 800 913 est
815 884 909 920 igitur,
921 882 996 920 quod
1011 891 1065 911 non
1080 890 1176 912 omnes

322 932 404 961 validi
433 939 585 969 pauperes,
613 931 696 960 etiam
728 939 782 960 non
815 930 920 965 curati,
951 930 986 959 ad
1017 929 1175 958 huiusmodi

321 987 407 1016 opera
436 978 575 1007 manualia
603 981 669 1007 sunt
699 978 820 1011 astricti;
842 980 870 1007 et
901 976 1091 1006 concedendae
1112 979 1178 1005 sunt

322 1026 404 1055 etiam
424 1025 603 1054 auctoritates
624 1027 651 1054 et
672 1024 793 1053 rationes
815 1025 867 1053 lioc
888 1024 1072 1053 ostendentes.

405 1074 428 1101 1.
451 1074 477 1101 02.
500 1072 538 1101 Ad
563 1072 632 1101 illud
659 1075 753 1101 autem
775 1072 849 1109 quod
876 1072 966 1108 primo
994 1070 1125 1100 obiicitur
1150 1070 1177 1098 in

193 1128 266 1149 soiuuo
278 1134 310 1153 op·
323 1120 494 1149 contrarium
515 1119 549 1148 de
569 1119 736 1156 obligatione
762 1119 829 1156 legis
850 1122 983 1153 naturae;
1012 1117 1177 1151 dicendum,

182 1152 293 1178 'mmmm'
323 1167 398 1205 quod
418 1170 532 1195 viatura
553 1167 587 1195 ad
608 1167 661 1195 hoc
686 1175 741 1195 non
769 1166 899 1203 astringit
924 1166 976 1195 nisi
999 1165 1105 1194 ratione
1131 1173 1177 1202 pe-

324 1214 405 1243 riculi
427 1214 538 1243 vitandi.
562 1214 627 1242 Nam
650 1214 671 1243 si
694 1222 730 1243 ex
760 1214 818 1250 lege
840 1216 956 1242 naturae
984 1213 1053 1242 haec
1084 1220 1178 1241 mana-

326 1261 390 1290 ret²
411 1261 556 1298 obligatio,
578 1261 669 1290 cuncti
692 1263 783 1289 essent
804 1260 999 1290 universaliter
1021 1262 1049 1289 et
1075 1268 1178 1296 aequa-

326 1307 389 1337 liter
410 1307 537 1345 obligati;
552 1307 626 1344 quod
641 1307 874 1336 absurdissimum
890 1310 939 1336 est.
957 1307 1031 1341 Ideo,
1047 1307 1068 1335 si
1084 1307 1148 1344 quis
1162 1315 1179 1335 a

327 1357 428 1383 natura
442 1354 618 1391 astringitur,
634 1354 686 1382 hoc
701 1363 755 1382 non
770 1357 812 1383 est
826 1354 876 1383 nisi
893 1357 1007 1391 propter
1022 1354 1178 1382 vitamtum

192 1411 268 1439 τῄριωι
281 1416 315 1435 pe-
323 1400 508 1438 perieulam;
529 1403 556 1429 et
578 1400 630 1429 hoc
650 1403 740 1437 potest
767 1408 826 1429 esse
856 1400 1016 1438 tripliciter:
1038 1403 1087 1429 aut
1112 1400 1178 1438 quia

207 1435 294 1454 muium.
326 1456 380 1477 non
402 1450 492 1485 potest
513 1448 571 1476 sine
599 1447 693 1476 labore
714 1447 828 1480 vivere,
850 1450 898 1476 aut
919 1448 985 1484 quia
1012 1456 1067 1476 non
1089 1450 1179 1485 potest

326 1494 438 1524 honeste
454 1495 564 1528 vivere,
580 1497 629 1523 aut
643 1494 709 1531 quia
724 1502 777 1522 non
795 1497 883 1530 potest
896 1494 1046 1530 fructuose
1068 1494 1178 1527 vivere,-

326 1543 353 1571 in
375 1542 465 1579 primo
479 1541 654 1579 periclitatur
670 1541 789 1574 entitas,
807 1541 833 1568 in
849 1541 970 1569 secundo
984 1540 1135 1575 honestas,
1151 1541 1178 1569 in

185 1589 408 1627 mpiexaaortertio
428 1588 548 1618 utilitas.
573 1588 618 1617 Est
632 1591 726 1617 autem
748 1587 913 1616 naturaliter
932 1588 1053 1616 insertus
1074 1587 1177 1616 bomini

205 1623 301 1642 mmm*
326 1644 404 1665 amor
425 1636 467 1665 sui
488 1645 547 1664 esse
567 1635 701 1664 continui
708 1658 717 1669 ,
738 1643 817 1663 amor
839 1633 950 1662 honesti
970 1637 997 1663 et
1010 1643 1088 1663 amor
1103 1644 1179 1663 eom-

326 1683 423 1717 moda',·
443 1686 471 1712 et
492 1691 541 1720 per
563 1683 615 1711 hoc
636 1683 695 1719 lege
716 1685 833 1711 naturae
854 1681 1027 1724 astringitun
1050 1682 1132 1710 1101110
1146 1682 1179 1710 ad

327 1730 469 1759 vitandum
492 1730 543 1759 hoc
566 1729 668 1767 triplex
690 1729 856 1766 periculum.
879 1728 922 1757 Sic
944 1728 1028 1765 igitur
1052 1729 1180 1766 astringi-

329 1781 375 1807 tur
397 1777 552 1806 necessario
565 1777 599 1805 ad
620 1776 786 1805 manualiter
799 1775 973 1813 operandum
987 1783 1093 1812 pauper
1116 1776 1181 1804 vali-

328 1825 396 1859 dus,
418 1824 439 1853 si
462 1824 490 1853 in
508 1824 554 1852 tali
576 1824 694 1852 articulo
708 1823 876 1852 constitutus
897 1825 954 1857 est,
969 1822 1044 1860 quod
1064 1831 1118 1851 non
1134 1832 1181 1860 po-

330 1874 383 1900 test
404 1871 483 1899 aliter
497 1870 609 1904 vivere,
632 1871 675 1898 vel
690 1879 744 1899 non
767 1872 857 1907 potest
871 1869 985 1898 honeste
1005 1869 1101 1898 vivere
1112 1870 1123 1886 ³
1139 1870 1181 1898 vel

330 1918 412 1947 etiam
433 1926 488 1946 non
510 1920 599 1954 potest
625 1917 704 1946 aliter
732 1917 827 1946 vivere
850 1917 1010 1955 fructuose.
1033 1917 1059 1945 Si
1088 1920 1180 1945 autem

330 1963 418 1993 aliter*
431 1967 520 2001 potest
548 1965 600 1993 hoc
621 1964 777 2001 periculum
805 1965 893 1993 vitare
917 1972 1006 2002 aeque
1027 1964 1070 1993 vel
1095 1964 1183 2001 magis

330 2012 446 2046 utiliter,
466 2011 581 2049 astringi
602 2011 636 2040 ad
659 2011 711 2040 hoc
732 2019 786 2040 non
809 2011 891 2040 habet
911 2020 947 2041 ex
970 2012 1029 2049 lege
1056 2013 1181 2040 naturae.

330 2075 370 2079 —
393 2058 472 2095 Quod
493 2067 560 2096 ergo
580 2058 719 2092 obiicitur,
740 2058 815 2096 quod
846 2059 929 2087 homo
956 2067 993 2088 ex
1021 2058 1112 2096 prima
1132 2066 1183 2087 sua

331 2105 486 2135 conditione
500 2105 644 2134 ordinatus
658 2108 700 2134 est
720 2105 754 2134 ad
769 2106 848 2135 istam
869 2106 1071 2142 operationem;
1090 2105 1183 2134 dicen-

331 2153 412 2187 dum,
433 2152 507 2190 quod
536 2153 630 2181 nullus
655 2153 738 2181 homo
758 2152 839 2182 debet
860 2160 919 2181 esse
945 2152 1003 2181 sine
1032 2152 1126 2181 labore
1155 2152 1182 2181 in

332 2199 385 2228 hac
406 2199 476 2234 vita,
498 2207 532 2228 ne
554 2199 624 2228 rorte
648 2199 682 2228 de
710 2207 743 2228 eo
763 2198 873 2228 dicatur
898 2199 973 2236 quod
999 2199 1034 2229 de
1055 2199 1183 2237 reprobis

331 2247 434 2276 dicitur
456 2246 483 2275 in
506 2247 626 2275 Psalmo:
649 2247 684 2274 In
705 2246 803 2275 labore
824 2245 976 2275 hommum
989 2255 1048 2275 mm
1068 2250 1139 2275 sant
1158 2250 1183 2276 et

397 2471 405 2484 ¹
424 2473 490 2495 Vei-s.
508 2472 530 2495 4.
547 2473 626 2495 Glossa
639 2475 673 2494 est
684 2471 809 2495 ordinaria
822 2473 884 2500 apud
898 2472 1006 2495 strabum
1019 2476 1042 2494 et
1053 2473 1183 2500 Lyranum,

334 2514 410 2534 sumta
427 2517 454 2534 ex
472 2511 568 2534 Rabano
587 2511 608 2533 in
627 2512 688 2533 liunc
706 2512 749 2533 loc.
767 2511 790 2533 ln
808 2512 853 2533 tine
865 2512 1002 2540 allegaturi.
1014 2511 1068 2534 Cor.
1079 2511 1106 2538 7,
1119 2511 1184 2533 7.—

335 2551 457 2580 Aliquanto
475 2551 569 2574 inferius
586 2554 639 2573 ante
660 2550 805 2574 ostendentes
831 2551 894 2573 solae
919 2552 973 2574 edd.
996 2552 1073 2579 inepte
1096 2550 1185 2573 addunt

332 2589 461 2619 probantes
478 2590 529 2613 ltoe.

397 2627 406 2641 ²
424 2630 494 2657 Edd.,
513 2633 607 2658 excepta
626 2630 652 2657 5,
671 2631 786 2653 maneret.
803 2630 899 2652 lnscrius
916 2638 958 2659 pro
980 2632 1105 2662 [mpliciter
1131 2633 1185 2656 edd.

335 2666 432 2696 triplex.
451 2668 540 2690 Deinde
556 2668 670 2691 antcsine
687 2668 767 2692 labore
785 2669 836 2690 Vat.
853 2671 875 2690 et
892 2669 905 2690 5
923 2670 1033 2693 adiiciunt
1049 2671 1184 2700 fructuose,

335 2706 505 2733 refragantibus
522 2708 591 2730 codd.
603 2710 625 2729 et
639 2708 646 2729 1
659 2725 664 2734 ,
677 2708 690 2729 2
702 2725 707 2734 ,
721 2708 746 2734 3,
759 2707 784 2734 4,
796 2714 808 2728 a
821 2707 907 2736 quibus
920 2709 962 2730 lioc
980 2709 1079 2732 verbum
1091 2712 1185 2732 econtra

335 2747 397 2767 recte
414 2745 509 2767 inferius
526 2747 647 2774 suppletur
664 2748 716 2768 ante
725 2745 892 2769 vivere—De
901 2746 981 2775 triplici
992 2749 1094 2776 appetitu
1107 2750 1149 2771 cfr.
1162 2749 1185 2772 ll.

336 2783 399 2806 Sent.
416 2783 440 2806 d.
456 2784 494 2806 25.
512 2791 535 2812 p.
553 2785 568 2807 l.
579 2792 603 2814 q.
624 2786 645 2807 1.
661 2785 684 2808 111
702 2791 767 2813 corp.
783 2788 806 2807 et
823 2785 853 2807 ibi
871 2788 924 2808 nota
944 2787 965 2809 1,

398 2820 408 2834 ⁸
425 2823 484 2846 Edd.
501 2826 523 2845 et
540 2824 558 2845 M
576 2824 624 2847 slve
641 2824 701 2848 iuste
719 2831 761 2853 pro
787 2824 875 2853 vivere,
894 2828 916 2847 vt
941 2830 993 2853 post
1017 2827 1053 2850 vel
1077 2828 1186 2850 omittunt

336 2860 406 2884 etiam
424 2861 453 2891 [M
471 2862 540 2885 habet
556 2863 629 2893 cumj.
646 2875 677 2880 —
694 2864 789 2886 luserius
806 2865 917 2892 allegatur
934 2865 970 2887 rs.
987 2865 1029 2892 72,
1048 2867 1070 2889 5.

398 2899 408 2912 ⁴
425 2901 483 2924 Edd.
500 2901 548 2930 Ad,
566 2905 588 2924 et
605 2909 658 2925 mox
676 2903 807 2931 praefigunt
823 2909 871 2926 non
888 2895 940 2925 {nite
957 2903 1061 2933 dtetum‚·
1078 2906 1185 2933 superius

977 100 1202 137 QUAESTioNEs
1223 99 1425 127 Dlsl‘UTaTAE

1228 185 1294 205 cam
1317 176 1483 204 hominibus
1498 186 1556 205 non
1577 177 1823 215 flayellabzmtar;
1838 180 1886 209 sed
1907 188 1942 208 ex
1959 181 2010 210 hoc
2028 190 2083 210 non

1229 223 1366 260 sequitur,
1388 223 1463 260 quod
1484 226 1610 260 oporteat
1631 225 1761 261 occupari
1788 226 1861 254 circa
1882 227 2005 256 laborem
2027 236 2084 257 ma-

1230 278 1317 299 nuum
1345 273 1373 299 et
1405 271 1528 300 maxime
1551 271 1727 301 lucrativam.
1748 289 1784 293 —
1808 273 1839 301 Et
1860 281 1909 310 per
1931 275 1982 303 hoc
2011 279 2085 312 patet

1231 317 1373 354 responsio
1388 317 1421 346 ad
1443 326 1563 355 sequens
1577 318 1611 347 de
1633 319 1763 356 exemplo
1778 319 1861 354 Adae,
1877 321 1942 357 quia
1956 326 2084 351 constans

1230 367 1287 398 est,
1308 364 1383 401 quod
1404 373 1458 393 non
1480 373 1577 394 omnes
1598 366 1758 403 obligantur
1779 366 1814 395 ad
1835 375 1905 404 opus
1933 368 2084 405 agricultu-

1231 418 1286 439 rae.
1320 411 1394 439 Nec⁴
1428 411 1495 440 illud
1527 404 1601 449 quod
1632 412 1750 441 dicitur:
1783 414 1818 442 1η
1850 414 1958 443 sudore
1989 415 2085 444 uultus

1231 457 1276 485 tui
1289 460 1354 492 etc,
1369 458 1473 488 dictum
1495 462 1537 488 est
1556 462 1621 488 tunc
1643 460 1670 488 111
1686 464 1867 497 praeceptum
1890 462 1973 496 vitae,
1995 462 2042 491 sed
2057 463 2085 491 in

1230 512 1347 541 poenam
1369 506 1466 542 culpae
1487 510 1678 544 perpetratae,
1700 507 1773 536 sicut
1800 511 1875 545 patet
1897 517 1946 546 per
1976 512 2085 538 textum

1231 555 1404 589 sequentem.

1311 598 1337 628 3.
1360 599 1397 627 Ad
1419 599 1487 629 illud
1501 601 1576 638 quod
1589 601 1733 637 obiicitur,
1756 602 1831 639 quod
1846 603 1905 632 sine
1925 603 2084 632 huiusmodi

1230 653 1315 682 opere
1336 655 1391 675 non
1413 650 1501 684 potest
1521 656 1609 685 genus
1630 650 1785 678 humanum
1807 651 1972 685 sustentari3
1993 651 2086 680 dieen-

1230 692 1311 726 dum,
1333 693 1408 730 quod
1427 693 1533 731 duplex
1553 698 1596 724 est
1616 696 1792 725 mandatum:
1815 705 1920 731 unum,
1942 698 2017 735 quod
2042 706 2085 727 re-
2095 703 2229 746 Dugexman-

1231 740 1312 777 spicit
1326 741 1563 771 conservationem
1574 742 1585 759 ⁵
1601 743 1765 778 individui,
1780 744 1869 779 aliud,
1884 745 1958 782 quod
1974 745 2085 782 respicit
2149 730 2194 746 ‘um'

1231 787 1470 817 conservationem
1491 789 1595 825 speciei
1601 813 1610 824 ‚
1632 790 1703 819 sicut
1717 794 1759 820 est
1779 791 1941 821 mandatum
1959 792 1993 821 de
2007 800 2085 821 man-

1231 833 1358 864 ducando
1373 837 1400 864 et
1414 835 1576 865 mandatum
1590 836 1624 866 de
1645 838 1809 874 generando.
1826 838 1893 868 Illud
1916 847 1995 876 ergo,
2010 839 2085 877 quod

1233 881 1345 918 respicit
1365 882 1603 912 conservationem
1624 884 1742 921 speciei,
1765 893 1819 914 non
1847 886 1950 923 obligat
1976 885 2028 916 nisi
2058 886 2084 914 in

1233 929 1385 963 communi,
1408 929 1489 967 quia,
1511 938 1567 958 uno
1582 930 1728 968 implente,
1750 932 1821 962 alius
1835 933 1998 967 absolvitur,
2014 933 2086 962 sicut

1235 978 1309 1012 patet
1328 976 1361 1005 ile
1382 977 1573 1013 generatione;
1596 980 1623 1007 et
1644 979 1709 1015 quia
1730 987 1800 1015 opus
1820 981 1949 1009 manuale
1970 984 2011 1009 est
2034 981 2085 1009 1111-

1236 1023 1369 1058 iusmodi,
1392 1024 1442 1053 nisi
1465 1024 1491 1053 in
1514 1033 1546 1053 eo
1567 1025 1614 1062 qui
1636 1026 1804 1055 constitutus
1824 1031 1866 1056 est
1887 1028 1914 1056 in
1936 1030 2010 1056 statu
2039 1035 2085 1065 pe-

1235 1070 1329 1104 riculi3
1352 1071 1412 1099 ideo
1434 1072 1594 1109 nonhabet
1614 1071 1666 1101 nisi
1690 1072 1750 1101 talis
1771 1073 1893 1110 astringi.

1313 1118 1339 1146 lt.
1362 1118 1399 1146 Ad
1422 1118 1489 1147 illud
1510 1119 1586 1156 quod
1600 1119 1745 1154 obiicitur,
1768 1120 1843 1157 quod
1860 1121 1931 1150 sicut
1952 1130 1982 1151 os
1996 1125 2038 1151 est
2051 1121 2086 1150 ad

1234 1164 1473 1199 manducamlum,
1496 1166 1533 1195 ita
1554 1168 1582 1196 et
1603 1175 1703 1197 manus
1723 1167 1757 1195 ad
1782 1168 1968 1204 operandum;
1993 1169 2086 1198 dicen-

1235 1211 1315 1244 dum,
1337 1212 1411 1249 quod
1432 1221 1486 1241 non
1508 1216 1550 1242 est
1570 1214 1674 1243 simile:
1696 1215 1777 1251 quia,
1800 1215 1821 1243 si
1837 1215 1920 1243 homo
1941 1218 2031 1252 posset
2047 1216 2086 1244 vi-

1235 1266 1300 1287 vere
1321 1259 1379 1288 sine
1400 1261 1580 1295 comestione,
1609 1261 1681 1290 sicut
1705 1264 1795 1298 potest
1823 1261 1916 1290 vivere
1944 1262 2002 1291 sine
2029 1270 2086 1291 ma-

1236 1306 1310 1334 nuali
1325 1314 1423 1342 opere;
1439 1315 1493 1335 non
1508 1311 1651 1337 teneretur
1666 1308 1842 1337 manducare.
1860 1325 1896 1329 —
1912 1309 2086 1343 Praeterea,
2100 1316 2143 1336 Alia
2155 1316 2210 1336 nuo.

1236 1361 1310 1382 unus
1332 1353 1414 1382 homo
1435 1357 1524 1390 potest
1538 1356 1647 1392 operari
1669 1364 1721 1393 pro
1742 1356 1808 1391 alio,
1830 1356 1877 1385 sed
1896 1364 1950 1384 non
1972 1356 2088 1385 mandu-

1235 1408 1298 1429 care
1319 1408 1371 1437 pro
1391 1401 1459 1435 ali03
1481 1404 1508 1430 et
1528 1402 1589 1431 ideo
1603 1411 1657 1432 non
1680 1406 1789 1440 oportet
1803 1404 1842 1432 sic
1863 1411 1960 1432 omnes
1974 1404 2088 1441 astringi

1235 1446 1430 1475 universaliter
1460 1447 1493 1476 ad
1524 1449 1681 1478 manualem
1712 1450 1920 1486 operationem,
1953 1450 2024 1479 sicut
2054 1449 2089 1478 ad

1235 1494 1484 1524 manducationem.

1317 1542 1342 1569 5.
1366 1543 1392 1569 6.
1415 1543 1441 1569 7.
1458 1543 1483 1570 8.
1500 1542 1537 1570 Ad
1552 1543 1619 1571 illud
1635 1544 1708 1580 quod
1730 1545 1860 1573 obiicitur
1874 1545 1908 1574 de
1920 1549 2088 1582 praecepto,

1237 1587 1381 1625 exemplo,
1397 1588 1487 1617 edieto
1501 1592 1528 1617 et
1543 1589 1626 1618 verbo
1641 1591 1815 1627 apostotieoe
1830 1591 1998 1626 notandum,
2014 1591 2089 1629 quod

1237 1635 1311 1664 circa
1330 1635 1512 1672 apostolicum
1532 1640 1719 1674 praeceptum
1740 1638 1939 1667 consideranda
1963 1641 2004 1668 est
2021 1647 2089 1676 per·
2102 1644 2224 1687 manumm-

1236 1691 1324 1717 sona,
1347 1682 1390 1711 cui
1413 1683 1597 1720 praecipitur,
1619 1692 1726 1718 eausa,
1748 1693 1799 1721 pro
1826 1694 1882 1723 qua
1910 1685 2088 1723 praecipitur,
2158 1673 2175 1686 ἰ

1237 1733 1264 1758 01
1284 1729 1402 1767 forma,
1424 1730 1477 1759 sub
1498 1738 1554 1767 qua
1576 1731 1754 1768 praecipitur.
1770 1732 1795 1760 Si
1817 1733 2007 1762 consideretur
2022 1741 2088 1771 per·
2104 1738 2195 1758 Persona·

1237 1785 1328 1811 sona,
1350 1785 1404 1806 non
1437 1777 1566 1806 omnibus
1598 1777 1732 1815 praecipit
1762 1778 1814 1807 hoc
1842 1780 2019 1820 generaliter,
2041 1779 2089 1809 sed

1237 1823 1419 1853 determinate
1446 1825 1622 1862 quibusdam.
1652 1825 1693 1854 Ait
1724 1825 1798 1854 enim
1826 1827 1873 1867 sic*
1892 1826 2028 1864 secundae
2055 1827 2089 1856 ad

1239 1871 1496 1901 Thessalonicenses
1530 1872 1610 1901 tertio
1624 1872 1651 1901 ⁶:
1681 1873 1715 1901 Et
1746 1873 1917 1902 audivimus
1947 1875 2088 1913 quosdam

1239 1917 1314 1946 inter
1336 1927 1386 1947 vos
1407 1918 1590 1948 ambulantes
1605 1919 1744 1958 inquiete,
1767 1918 1842 1948 nihil
1862 1925 2025 1957 operantes,
2040 1922 2090 1951 sed

1239 1965 1353 1994 euriose
1374 1969 1497 2003 agentes.
1520 1966 1574 1995 His
1595 1970 1709 2001 autem,
1731 1967 1784 2005 qui
1810 1966 1981 1996 huiusmodi
2004 1973 2088 2003 sunt,

1239 2013 1464 2047 (tenuntiamus,
1486 2016 1519 2041 ut
1540 2022 1609 2043 eam
1629 2014 1741 2043 silentio
1763 2018 1916 2052 operantes
1936 2005 2090 2053 811αηῖρο-

1239 2067 1304 2087 nem
1335 2060 1519 2089 manducent.
1554 2061 1687 2098 Praecipit
1716 2069 1783 2099 ergo
1814 2061 1968 2100 inquietes,
1993 2063 2090 2091 eurio-

1239 2106 1281 2134 είς
1301 2109 1328 2135 et
1349 2107 1455 2136 otiosis.
1472 2124 1509 2128 —
1529 2107 1555 2136 Si
1577 2110 1670 2137 autem
1691 2108 1883 2142 consideretur
1903 2117 2014 2143 eausa,
2036 2117 2090 2138 non
2103 2115 2172 2135 Causa.

1240 2155 1282 2181 est
1302 2153 1434 2188 dubium,
1456 2154 1523 2192 quin
1552 2154 1587 2183 sit
1607 2154 1642 2184 ad
1670 2155 1851 2184 remotionem
1874 2156 1976 2184 horum
2004 2155 2089 2184 trium

1241 2199 1381 2229 vitiorum.
1397 2202 1467 2238 Quia
1488 2202 1562 2231 enim
1576 2202 1654 2232 labor
1675 2203 1827 2240 corporalis
1841 2203 1913 2232 valet
1934 2203 1968 2232 ad
1983 2211 2090 2240 eorpus
2102 2209 2227 2252 ngoryvaiet

1239 2247 1436 2282 domandum,
1457 2249 1492 2277 ad
1522 2249 1615 2278 otiam
1637 2249 1810 2284 tollendum,
1841 2250 1876 2279 ad
1903 2250 2011 2279 victum
2042 2248 2091 2278 leo·
2114 2238 2126 2252 ⁸
2152 2235 2195 2252 ‘¹¹³'

1241 2474 1296 2497 edd.
1312 2473 1343 2496 ab
1354 2473 1463 2503 exemplo
1481 2481 1523 2503 pro
1540 2475 1568 2499 de
1584 2475 1701 2506 eoeevnpto,
1716 2478 1738 2498 et
1750 2475 1844 2498 inferius
1857 2477 2011 2505 praeceptum
2030 2475 2091 2499 iuris

1242 2517 1285 2541 pro
1299 2514 1456 2542 praeceptum
1473 2513 1541 2537 vitoe.
1557 2527 1589 2531 —
1607 2515 1693 2538 Textus
1710 2520 1811 2543 sequens
1833 2513 1899 2543 (Gen.
1922 2515 1948 2542 3,
1974 2515 2018 2544 19.)
2041 2517 2090 2537 est:

1241 2553 1320 2575 Donec
1333 2553 1456 2575 revertaris
1469 2553 1490 2575 in
1503 2556 1587 2576 terram
1595 2572 1600 2582 ,
1612 2554 1642 2577 de
1653 2560 1699 2583 qua
1711 2557 1802 2576 sumtus
1813 2559 1846 2581 es,
1857 2553 1910 2582 quia
1923 2554 2000 2581 pulvis
2011 2560 2036 2576 es
2048 2556 2091 2577 ete.

1242 2592 1313 2620 MagIs
1331 2598 1388 2614 vero
1406 2592 1501 2614 assertio
1519 2593 1554 2615 illa
1572 2596 1634 2622 patet
1651 2600 1678 2616 ex
1702 2584 1894 2621 praecedentibus
1917 2592 1950 2620 (v.
1975 2592 2009 2615 ¹7.
2030 2593 2090 2622 118.);

1242 2630 1304 2659 Qum
1320 2630 1410 2654 audisti
1425 2637 1509 2654 vocem
1527 2633 1603 2655 uxoris
1621 2636 1672 2655 tuae
1689 2636 1711 2654 et
1728 2632 1848 2654 comedisti
1865 2629 1895 2654 'de
1912 2632 1974 2659 ligno
1992 2635 2035 2654 etc.

1304 2669 1313 2682 ⁶
1331 2671 1354 2693 ln
1371 2670 1426 2693 solis
1443 2671 1498 2693 edd.
1514 2671 1675 2694 desiderantur
1691 2671 1763 2694 verba
1780 2670 1843 2700 quod
1858 2670 1954 2700 respicit
1965 2676 2090 2694 conservae

1242 2708 1335 2732 tionem.
1353 2710 1442 2732 Deinde
1459 2716 1501 2737 pro
1518 2710 1685 2734 manducando
1703 2711 1723 2733 K
1740 2709 1880 2733 comedendo
1886 2718 1896 2738 ,·
1913 2710 2014 2739 denique
2036 2710 2091 2733 edd.

1243 2749 1351 2771 omittunt
1364 2750 1431 2778 patet
1448 2752 1501 2771 ante
1517 2748 1544 2772 de
1561 2749 1711 2779 generatimze
1732 2749 1785 2778 (cfr.
1800 2749 1838 2771 lv.
1855 2749 1918 2771 sent.
1935 2749 1958 2771 d.
1976 2750 2013 2772 26.
2030 2756 2050 2772 a.
2070 2750 2091 2772 l.

1243 2794 1266 2816 q.
1283 2788 1324 2817 3.).
1341 2788 1400 2811 lnsra
1419 2791 1472 2816 post
1489 2787 1627 2812 huiusmodi
1642 2788 1698 2811 illud
1715 2787 1763 2811 nisi
1779 2789 1822 2810 stat
1839 2793 1882 2815 pro
1901 2789 2090 2818 praeterquam,-

1243 2827 1320 2856 quod,
1338 2830 1394 2850 teste
1411 2827 1543 2855 Fon-enini,
1561 2828 1629 2850 etiam
1647 2828 1710 2856 apud
1727 2825 1834 2850 classicos
1851 2826 1975 2849 invenitur.

1305 2865 1315 2879 ⁶
1334 2867 1398 2889 Vors.
1420 2867 1453 2890 tl.
1472 2868 1513 2889 ⁴2:
1531 2867 1669 2890 Audivimus
1686 2867 1761 2894 enim,
1778 2866 1894 2896 quosdam
1916 2866 1974 2889 111101·
1996 2873 2091 2890 vos....

1243 2906 1270 2928 lis
1287 2909 1364 2928 autem
1382 2909 1425 2929 etc.
