2285 3398
311 172 369 201 234

388 251 508 285 Rursus,
537 250 602 288 quia
634 250 691 285 vir,
724 253 817 288 spreto
848 259 958 280 summo
989 251 1158 285 delectabili,

166 305 194 325 De
208 305 295 339 poeni-2.
309 298 445 336 quaesivit
467 298 493 326 in
516 306 599 327 carne
619 297 766 332 delectari;
789 298 850 327 ideo
881 298 954 327 iusto
985 298 1033 327 Dei
1059 297 1159 326 iudicio

178 330 285 353 mmuphm'
309 345 431 374 intlictus
453 347 494 374 est
514 345 539 373 ei
562 344 645 373 tabor
667 347 695 374 et
709 344 837 383 defectus
851 344 943 382 famis
957 348 982 374 et
995 345 1069 374 sicis.

388 393 541 426 Postremo,
569 392 635 429 quia
663 395 776 429 propter
798 392 901 421 bonum
923 392 1015 421 carnis
1036 390 1158 429 separari

309 440 390 477 elegit
413 449 430 468 a
453 439 526 468 bono
547 439 660 473 mentis,
676 439 737 468 ideo
765 439 838 468 iusto
863 439 911 468 Dei
940 439 1042 468 iudicio
1068 438 1160 467 anima

308 487 394 516 invita
415 490 598 524 separatur-a
619 495 701 516 carne
716 495 766 524 per
781 490 903 515 mortem
924 490 951 516 et
972 486 1159 515 incineratio-

308 543 391 568 πεπυ
405 542 436 563 ac
451 542 501 571 per
523 535 589 569 boc,
611 534 683 563 sicut
704 535 779 564 Deus
800 534 913 563 dederat
934 534 1038 563 homini
1061 541 1159 562 secun-

308 582 375 611 dum
406 582 532 611 ordinem
564 585 680 620 naturae
715 590 817 619 corpus
847 582 1008 611 subiectum
1036 582 1159 615 animae,

305 629 498 667 propayabz'te
519 630 578 659 sine
597 630 723 665 libidine,
745 630 898 667 Γωθιᾳθιαὸίίθ
919 630 978 659 sine
999 629 1160 663 desectione,

308 676 490 705 immutabile
519 676 577 706 sine
609 680 699 706 morte
721 677 937 711 interveniente;
966 676 1021 711 sic,
1048 675 1161 704 homine

309 726 456 760 peccante,
478 724 632 753 secundum
664 724 789 754 ordinem
819 724 940 753 iustitiae
962 724 1066 753 sactum
1087 724 1163 757 est¹‚‘

309 774 340 799 ut
361 771 540 800 subtraberet
555 775 656 800 cuncta
670 772 810 809 praedicta
824 775 852 800 et
866 771 1004 808 infligeret
1018 769 1160 807 opposita3

308 821 340 846 ut
361 817 400 847 sic
421 818 503 855 culpa
524 826 578 846 non
601 820 758 847 remaneret
779 818 917 855 impunita
941 820 969 847 et
989 816 1161 850 inordinata,

308 864 382 902 quod
403 873 581 902 nequaquam
603 864 659 901 pati
680 864 762 894 debet
782 864 875 893 divina
896 863 1077 902 providentia.

386 912 419 940 Et
439 912 571 949 quoniam
592 920 609 940 a
630 911 747 940 muliere
778 913 923 948 peccatum
952 910 1051 939 sumsit
1078 918 1161 939 exor-

192 967 220 986 οε
234 959 400 994 ῃοερειῶυῐω
422 959 483 988 ideo
505 967 592 996 poena
613 958 701 996 ipsius
721 958 899 996 qeinz‘mttur.
926 957 996 994 Quia
1016 957 1090 986 enim
1115 965 1161 986 su-

198 991 290 1010 muneris.
307 1006 438 1044 perbiens
458 1006 510 1035 fuit
531 1006 558 1034 in
578 1008 688 1040 mente,
710 1005 830 1034 incurrit
851 1004 1074 1038 subiectionem,-
1096 1004 1162 1042 quia

308 1054 376 1083 vidit
396 1057 424 1084 et
444 1054 559 1091 appetiit
581 1054 687 1091 lignum
709 1053 744 1082 ad
767 1052 932 1082 vescendum
948 1060 1042 1086 suave,
1066 1052 1161 1081 incur-

309 1102 346 1130 rit
366 1093 523 1135 dotorems
537 1105 695 1138 postremo,
717 1100 784 1138 quia
805 1100 886 1137 fregit
914 1100 1011 1138 iugum
1032 1100 1161 1129 obedien-

309 1149 378 1183 tiae,
399 1148 519 1178 incurrit
551 1148 694 1177 vinculum
727 1150 754 1177 et
782 1147 891 1185 pondus
919 1147 1088 1185 multiplicis
1113 1156 1161 1176 ac-

309 1204 443 1224 ramme.

388 1243 420 1271 Et
440 1243 479 1271 sic
500 1245 591 1279 patet,
613 1245 717 1279 quanto
731 1241 827 1270 ordine
848 1241 957 1271 divinae
972 1242 1160 1279 providentiae

310 1290 430 1319 inflictae
451 1292 517 1318 sunt
535 1288 701 1326 multiplices
726 1297 829 1326 poenae
858 1289 922 1317 viro
948 1292 975 1318 et
1005 1289 1161 1326 duplicatae

309 1336 337 1365 in
358 1336 496 1370 muliere,
522 1338 553 1365 ut
577 1335 615 1365 sic
642 1335 786 1365 «dedecus
806 1336 911 1373 peccati
932 1344 988 1365 non
1009 1338 1081 1364 esset
1102 1335 1161 1365 sine

309 1383 409 1412 decore
430 1383 551 1412 iustitiae
563 1384 573 1399 ²
585 1395 611 1411 ».

673 1478 739 1506 Cap,
763 1478 792 1505 V.

453 1573 492 1601 De
514 1572 669 1610 oriyinitiis
687 1572 801 1610 peccati
822 1571 1016 1609 corruptione.

389 1667 451 1696 Post
472 1667 580 1704 lapsum
601 1667 684 1704 priu‘ii
707 1666 830 1704 parentis
850 1666 965 1695 dicenda
985 1669 1051 1695 sunt
1069 1666 1162 1703 aliqua

309 1714 343 1743 de
365 1714 547 1743 traductione
568 1714 671 1751 peccati
693 1713 843 1751 originalis.
865 1713 944 1743 Circa
971 1713 1046 1751 quod
1071 1713 1162 1750 primo
1185 1735 1191 1739 .

310 1761 526 1791 considerandus
547 1764 589 1791 est
610 1761 709 1791 modus
731 1761 946 1799 corruptionis,
968 1761 1090 1790 secundo
1107 1769 1163 1790 mo-

311 1808 364 1837 dus
385 1809 589 1843 traductionis,
613 1809 694 1837 tertio
715 1808 814 1837 modus
834 1808 999 1837 curationis
1010 1809 1030 1836 ³.

391 1856 486 1885 Modus
507 1859 617 1890 autem,
639 1864 695 1893 quo
716 1864 804 1893 genus
826 1856 980 1885 humanum
1008 1864 1058 1893 per
1079 1855 1162 1892 origi-

312 1903 373 1932 nale
400 1906 545 1940 peccatum
576 1903 790 1940 corrumpitur,
813 1903 857 1932 liic
882 1906 931 1932 est.
954 1903 1021 1931 Nam
1046 1902 1163 1940 quilibet

203 1957 232 1983 υς
244 1957 273 1983 (sul
287 1962 299 1984 a
313 1959 362 1987 per
398 1950 577 1979 concubitum
611 1953 759 1987 generatus
796 1950 919 1978 nascitur
950 1953 1052 1978 natura
1072 1949 1162 1986 fitius

205 1986 299 2004 ‘mmm'
313 1998 376 2027 irae
386 1999 408 2032 ⁴²,
431 1997 497 2035 quia
517 1997 643 2034 privatus
664 1997 829 2026 rectitudine
857 1997 998 2035 originalis
1026 1996 1162 2031 iustitiae;

313 2047 427 2082 propter
449 2044 529 2073 cuius
543 2044 695 2073 absentiam
713 2044 883 2073 incurrimus
897 2047 1034 2082 quantum
1049 2043 1083 2072 ad
1098 2043 1163 2072 cini-

198 2099 227 2118 no
253 2100 394 2125 oen-amam
422 2090 632 2128 quadruplicem
662 2099 793 2127 poenam,
815 2091 919 2120 scilicet
943 2090 1162 2127 infirmitatem,

186 2128 243 2165 2253.
260 2128 532 2176 Πμῖῃηοναηίιάνη,
554 2138 701 2166 malitiam
729 2141 756 2167 et
781 2137 1063 2175 concupi-scentiam,-
1091 2145 1163 2174 quae

314 2188 434 2223 quatuor
449 2185 553 2214 inflicta
567 2188 632 2214 sunt
646 2188 759 2222 propter
774 2185 906 2223 originale
920 2188 1078 2223 peccatum;
1093 2192 1163 2222 quas

183 2240 248 2265 Quoad
262 2240 379 2262 eor-sane
401 2241 502 2270 poenas
523 2232 681 2270 spirituales
703 2233 851 2261 comitatur
873 2233 900 2261 in
921 2241 1043 2270 corpore
1070 2232 1163 2261 multi-

221 2269 262 2288 pm'
314 2280 379 2317 plex
402 2280 567 2317 poenalitas,
589 2280 736 2317 multiplex
751 2280 890 2315 defectus,
912 2280 1060 2317 multiplex
1076 2280 1163 2315 labor,

178 2359 241 2378 Poena
254 2364 302 2378 mor·
314 2327 460 2364 multiplex
484 2327 599 2356 morbus
614 2330 641 2356 et
661 2327 808 2364 multiplex
828 2328 915 2356 dolor.
937 2327 976 2356 Ad
991 2328 1040 2356 lias
1062 2335 1163 2364 poenas

225 2383 254 2401 iis.
314 2375 495 2412 subsequitur
524 2382 611 2412 poena
632 2374 735 2403 morti-›-
763 2377 790 2403 et
818 2374 1054 2409 incinerationis,
1076 2383 1164 2412 poena

951 172 1161 210 BREVlLOQUH
1183 172 1262 200 PARS
1285 171 1323 199 111.
1346 171 1373 199 C.
1397 171 1426 203 V,

1217 250 1366 279 carentiae
1384 249 1507 278 visionis
1524 250 1575 278 Dei
1588 253 1615 281 et
1631 248 1786 280 amissionis
1806 252 1909 289 gloriae
1930 254 2067 288 caelestis,
2080 261 2162 288 Amisia
2173 261 2211 285 210-
2256 273 2257 276 =

1217 305 1272 326 non
1294 297 1384 326 solum
1406 296 1433 325 in
1454 296 1568 331 adultis,
1592 305 1690 326 verum
1711 298 1794 326 etiam
1816 298 1843 327 in
1865 300 1989 336 parvulis
2013 309 2067 330 non
2121 290 2168 304 ’Μ’

1217 344 1377 381 baptizatis;
1399 344 1447 382 qui
1469 344 1581 382 quidem
1604 345 1713 382 parvuli
1740 353 1852 382 «poena
1873 346 2063 376 mitissima⁵»

1217 391 1290 420 inter
1311 394 1418 420 ceteros
1439 391 1610 429 puniuntur,
1632 391 1698 429 quia
1718 392 1805 421 solam
1825 400 1941 429 poenam
1967 393 2070 423 damni

1218 438 1324 471 liabent
1341 438 1400 467 sine
1422 447 1510 476 poena
1523 447 1634 467 semus.

1298 486 1375 515 Ratio
1395 489 1488 515 autem
1504 486 1538 515 ad
1552 486 1761 524 intelligentiam
1779 487 1985 524 praedictorum
2000 488 2068 518 haec
2076 495 2212 522 Devisrecithc»

2089 524 2159 538 minem
2170 520 2210 538 sine
2255 522 2257 527 '

1218 535 1275 562 est:
1298 533 1377 570 quia,
1392 541 1456 562 cum
1475 533 1597 571 primum
1614 533 1781 571 principium
1803 534 1896 563 omnia
1916 538 1979 572 agat
1999 544 2019 563 a
2039 544 2069 564 se
2088 543 2212 569 cuipaetmi-
2255 536 2267 577 ’ᾗ

1217 583 1246 609 et
1259 580 1420 608 secundum
1434 589 1464 608 sc
1478 583 1505 609 et
1515 584 1637 618 propter
1651 589 1698 614 se;
1713 589 1825 610 necesse
1839 584 1890 616 est,
1904 581 1995 619 ipsum
2010 590 2070 612 esse
2092 571 2148 585 ΒΜ

1217 627 1354 663 optimum
1382 629 1410 656 et
1437 627 1636 662 rectissimum,
1658 636 1689 657 ac
1711 637 1761 666 per
1789 628 1841 657 hoc
1866 629 2021 666 piissimum
2043 632 2070 658 et

1219 672 1418 708 iustissimum3
1440 677 1468 703 et
1489 675 1551 704 inde
1571 679 1628 710 est,
1650 676 1724 713 quod
1747 676 1903 704 universae
1922 676 1987 705 victe
2007 676 2070 705 eius

1219 721 1422 750 misericordia
1435 725 1463 750 et
1478 722 1604 751 oeritcts⁶
1620 723 1677 751 sive
1692 722 1834 751 iudicium.
1847 723 1872 752 Si
1888 726 1981 752 autem
1997 723 2070 752 Deus

1219 777 1239 797 (ι
1257 768 1406 806 principio
1428 769 1566 798 bominem
1588 770 1614 798 in
1637 770 1720 803 tantis
1741 769 1861 799 miseriis
1889 770 2070 805 condidisset,

1220 824 1269 844 nec
1291 816 1379 853 pietas
1398 819 1534 845 essetnec
1549 817 1668 852 iustitia,
1684 817 1758 854 quod
1780 817 1884 846 scilicet
1905 820 1980 846 tanta
2000 826 2071 855 opus

1220 872 1303 892 suum
1331 864 1502 901 opprimeret
1530 864 1656 898 miseria,
1679 865 1755 893 nulla
1777 864 1958 901 praecedente
1979 866 2068 903 culpa.

1220 911 1360 945 Similiter,
1382 911 1403 940 si
1426 910 1508 940 tantis
1530 911 1649 940 miseriis
1671 912 1791 949 repleret
1819 920 1872 940 nos
1897 912 1940 940 vel
1969 913 2069 949 repleri

1219 958 1393 995 permitteret
1414 958 1472 987 sine
1494 958 1588 995 culpa,
1603 967 1653 987 nec
1672 958 1716 996 pie
1737 967 1787 988 nec
1809 958 1881 988 iuste
1901 959 2070 996 gubernaret

1219 1014 1269 1034 nos
1290 1005 1383 1034 divina
1404 1005 1584 1042 providentia.
1601 1006 1626 1034 Si
1643 1006 1727 1043 igitur
1742 1005 1929 1035 certissimum
1945 1009 1998 1040 est,
2014 1007 2070 1044 pri-

1219 1061 1296 1081 mum
1312 1053 1480 1090 principium
1502 1053 1570 1082 etin
1588 1053 1777 1090 producendo
1799 1056 1826 1082 et
1845 1053 1872 1082 in
1890 1054 2070 1091 providendo

1219 1100 1405 1129 rectissimum
1433 1103 1460 1129 et
1491 1100 1738 1129 clementissimum
1770 1097 1848 1134 ess'e;
1871 1108 1982 1130 necesse
2013 1104 2069 1136 est,

1218 1147 1293 1184 quod
1314 1147 1405 1176 taliter
1426 1155 1514 1184 genus
1536 1147 1689 1176 humanum
1711 1147 1826 1185 fecerit,
1847 1151 1879 1176 ut
1899 1156 1916 1176 a
1936 1148 2071 1185 principio

1218 1194 1295 1222 nulla
1315 1196 1388 1222 esset
1410 1193 1436 1221 in
1458 1202 1490 1222 eo
1505 1201 1555 1222 nec
1570 1194 1657 1231 culpet
1672 1203 1723 1223 nec
1743 1194 1866 1223 miseria
1873 1203 2015 1228 suecesse
2030 1198 2071 1224 est

1218 1241 1316 1274 etiam,
1338 1240 1413 1277 quod
1429 1241 1518 1270 taliter
1540 1241 1741 1276 actininistret,
1762 1245 1860 1270 utnon
1883 1242 2024 1279 permittat
2043 1242 2069 1270 in

1218 1288 1298 1316 nobis
1327 1296 1387 1317 esse
1419 1288 1557 1317 miseriam
1590 1289 1641 1317 nisi
1663 1293 1777 1326 propter
1808 1289 1929 1327 aliquam
1960 1289 2070 1326 culpam

1204 1335 1435 1371 praeambulam.
1455 1336 1590 1372 Quoniam
1610 1336 1695 1374 igitur
1716 1337 1902 1366 certissimum
1918 1340 1975 1371 est,
1997 1336 2071 1374 quod

1218 1392 1234 1411 a
1255 1386 1350 1411 nostra
1377 1383 1483 1420 origine
1505 1383 1686 1418 multiplicem
1713 1384 1906 1413 contrahimus
1931 1383 2071 1413 miseriam

1216 1438 1325 1467 poenae
1333 1440 1343 1463 ,·
1364 1433 1471 1459 certum
1494 1433 1550 1464 est,
1572 1431 1646 1467 quod
1676 1439 1772 1460 omues
1797 1431 1938 1460 nascimur
1959 1434 2072 1459 natura
2086 1438 2203 1462 originalem.

1218 1477 1274 1514 (itii
1295 1477 1372 1512 irae,
1395 1486 1425 1506 ac
1453 1486 1502 1514 per
1528 1478 1580 1506 lioc
1609 1477 1708 1514 privati
1738 1478 1904 1507 rectitudine
1932 1478 2073 1515 originalis

1220 1524 1356 1559 iustitiae,
1385 1533 1468 1562 quam
1500 1525 1683 1562 privationem
1711 1533 1843 1554 vocamus
1874 1525 1992 1562 culpam
2015 1525 2075 1554 ori-

1218 1571 1346 1607 (Jinatem
1361 1571 1379 1599 ⁷.

1299 1618 1331 1646 Et
1351 1618 1418 1655 quia
1438 1618 1528 1647 omnis
1549 1619 1638 1656 culpa
1658 1619 1724 1648 dicit
1745 1626 1886 1648 recessum
1901 1627 1917 1647 a
1938 1618 2010 1647 bono
2032 1618 2073 1647 in—
2084 1626 2216 1649 Poenaquoati
2262 1635 2263 1639 ,

2104 1650 2193 1669 animam.

1220 1664 1409 1693 commutabili
1434 1668 1461 1693 et
1481 1673 1622 1694 accessum
1644 1666 1677 1694 ad
1699 1666 1803 1695 bonum
1832 1665 2029 1694 commutabile
2044 1664 2072 1698 ε;

1220 1714 1247 1740 θῑ
1267 1712 1398 1740 recedere
1428 1721 1444 1740 a
1470 1712 1541 1741 bono
1573 1712 1791 1742 incommutabili
1823 1717 1865 1742 est
1896 1713 2025 1742 recedere
2057 1720 2070 1740 a

1220 1768 1330 1789 summa
1345 1759 1464 1794 virtute,
1487 1759 1603 1789 veritate
1624 1764 1651 1788 et
1666 1760 1802 1795 bonitate;
1825 1761 1959 1790 accedere
1979 1764 2073 1790 autem

1220 1807 1254 1835 ad
1282 1807 1386 1835 bonum
1408 1806 1604 1835 commutabile
1635 1810 1677 1836 est
1698 1807 1760 1844 plus
1791 1807 1884 1836 debito
1906 1807 2018 1837 tendere
2046 1807 2073 1836 in

1221 1854 1289 1883 illud
1310 1862 1360 1890 per
1381 1861 1520 1882 amorem:
1550 1853 1614 1882 lunc
1636 1856 1690 1888 est,
1713 1853 1786 1891 quod
1815 1854 1934 1890 perdens
1955 1854 2073 1891 origina-

1221 1901 1274 1929 lem
1304 1901 1436 1930 iustitiam
1464 1901 1584 1930 incurrit
1609 1900 1828 1937 infirmitatem,
1854 1901 2072 1938 iquorantiom,

1221 1947 1368 1976 utzetitictm
1389 1951 1416 1977 et
1437 1948 1711 1985 concupiscentiam.

1300 1996 1423 2030 Rursus,
1452 1995 1518 2033 quia
1548 1995 1679 2024 deserens
1709 1995 1814 2024 bonum
1847 1994 2213 2024 incommutabilecoenaeanae.

1221 2045 1335 2080 propter
1357 2043 1461 2071 bonum
1483 2042 1678 2071 coimnutabile
1699 2042 1819 2071 efficitur
1840 2042 1970 2080 indignus
1996 2045 2074 2072 utro-

1221 2095 1290 2128 que:
1308 2090 1371 2119 liinc
1392 2094 1448 2124 est,
1464 2090 1538 2128 quod
1560 2090 1667 2119 ratione
1681 2090 1818 2119 carentiae
1840 2090 1981 2127 originalis
1996 2090 2073 2119 iusti-

1222 2138 1275 2167 tiae
1296 2137 1387 2175 perdit
1407 2138 1521 2166 anima⁹
1543 2137 1665 2174 quietem
1694 2137 1873 2174 temporalem
1898 2137 1925 2165 in
1954 2146 2074 2175 corpore

1221 2193 1271 2222 per
1289 2184 1477 2222 multiplicem
1505 2185 1723 2222 corruptionem
1742 2186 1771 2213 et
1798 2187 1936 2218 mortem,
1966 2187 1993 2213 et
2015 2187 2073 2213 tan-

1220 2233 1282 2261 dem
1315 2235 1461 2269 separatur
1493 2241 1508 2260 a
1529 2232 1633 2261 visione
1655 2232 1725 2261 lucis
1755 2234 1899 2266 aeternae,
1925 2231 2073 2260 amittendo

1220 2279 1385 2317 felicitatem
1405 2279 1519 2316 gloriae
1541 2282 1595 2307 tam
1617 2279 1644 2307 in
1659 2279 1751 2308 anima
1771 2285 1856 2315 quam
1877 2277 1905 2306 in
1927 2285 2051 2314 corpore.

1299 2327 1454 2360 Postremo,
1477 2326 1544 2364 quia
1564 2326 1698 2355 carentia
1718 2325 1803 2355 huius
1831 2324 1951 2353 iustitiae
1972 2325 1999 2353 in
2024 2333 2073 2354 na·
2085 2335 2147 2367 pqenn
2161 2339 2203 2357 par-

1221 2374 1362 2403 scentibus
1383 2382 1438 2402 non
1459 2377 1500 2402 est
1515 2382 1564 2411 per
1587 2376 1693 2402 motum
1709 2372 1859 2402 voluntatis
1880 2372 2008 2409 propriae
2022 2380 2073 2402 nec
2098 2359 2189 2377 'mmm'

378 2583 385 2596 ¹
404 2585 497 2607 Plurimi
515 2585 584 2607 codd.
601 2587 623 2607 ot
640 2586 653 2607 ‘2
672 2585 779 2607 omittunt
795 2584 885 2614 filetum
903 2586 949 2613 est‚
966 2587 1008 2613 ut,
1026 2592 1087 2614 quae
1099 2585 1164 2608 lectio

315 2624 367 2652 eligi
387 2628 475 2652 posset,
493 2625 510 2646 si
529 2624 597 2646 etiam
615 2624 636 2646 in
655 2624 723 2646 codd.
741 2630 795 2646 mox
811 2624 988 2647 substitueretur
1004 2624 1127 2648 subtraxit
1143 2628 1166 2647 et

316 2661 412 2691 [allidit.
437 2663 489 2692 [Pro
507 2662 602 2686 homine
615 2663 728 2692 peccante
745 2663 760 2684 F
772 2662 863 2685 homini
877 2663 986 2692 peccanti
991 2681 996 2691 ,
1014 2664 1060 2686 ΒΜ
1077 2662 1107 2686 ab
1124 2663 1166 2686 lto—

315 2701 379 2724 mine
393 2694 523 2732 pet-cimici
541 2702 636 2725 lnserius
653 2701 752 2724 vocibus
770 2701 850 2724 <lirina
864 2702 1014 2731 providentia
1032 2704 1051 2732 Q
1063 2703 1081 2725 U
1099 2703 1165 2725 intor-

316 2745 395 2763 serunt
412 2742 527 2771 supientia
544 2744 565 2765 et
583 2742 610 2772 [U
628 2741 685 2771 ΝΗ,
697 2744 720 2764 et
731 2748 774 2770 pro
792 2740 866 2770 ipsius
884 2742 1023 2770 aemmalur
1040 2742 1092 2765 cdd.
1111 2748 1164 2764 cum

316 2787 362 2803 uno
380 2781 497 2809 alteroque
515 2782 566 2804 cod.
584 2781 633 2804 eius
650 2780 729 2804 debuit
745 2780 865 2810 duplicari
877 2780 905 2809 [Q
922 2781 986 2803 addit
997 2782 1019 2804 et
1034 2780 1164 2811 (sentiimri,

317 2821 329 2842 2
347 2819 464 2842 substituit
481 2820 655 2850 mztlllplicmv]

379 2857 387 2870 ²
406 2859 537 2881 Sccumlum
561 2860 669 2887 August.;
695 2859 749 2881 vide
771 2865 841 2886 supra
868 2865 921 2886 pag.
945 2859 1002 2886 224,
1020 2862 1073 2882 nota
1096 2860 1118 2882 8.
1134 2871 1165 2876 --

316 2897 374 2920 Εὼί.
399 2899 461 2920 solue
484 2898 591 2920 addunt:
622 2899 696 2921 Tuum
720 2899 753 2921 cst
775 2897 837 2920 cuim
859 2897 975 2920 beatitudo
1002 2898 1116 2926 iustiliae,
1139 2900 1167 2922 ui

316 2943 384 2959 nemo
402 2936 431 2959 αΙι
448 2943 474 2959 mi
494 2936 539 2959 nisi
554 2936 586 2959 ml
602 2936 724 2960 mis-mum
740 2936 817 2966 possit
832 2935 964 2959 ‹ahsa-edere.

379 2975 388 2988 ³
406 2977 438 2998 De
456 2976 490 2998 liis
508 2977 582 3003 agitur
602 2977 637 2998 liic
654 2980 676 2999 et
694 2978 706 2998 2
725 2983 790 3005 seqq.
809 2982 878 3003 capp.

1284 2583 1294 2596 ⁴
1312 2585 1370 2612 Epli.
1387 2585 1414 2611 2,
1433 2585 1458 2606 3:
1477 2585 1574 2606 Eramus
1591 2586 1670 2606 natura
1689 2583 1728 2605 filii
1746 2583 1805 2610 irae,
1822 2582 1880 2604 sicut
1903 2584 1925 2605 et
1949 2581 2026 2604 ceteri.
2042 2594 2073 2598 —

1222 2623 1346 2653 Quomodo
1368 2626 1489 2651 peccatum
1515 2623 1628 2651 originale
1649 2622 1780 2645 secundum
1804 2621 1940 2646 Anselmum
1965 2621 2073 2643 consistat

1223 2663 1245 2685 in
1263 2663 1393 2691 privatione
1409 2662 1528 2690 01·1ginalis
1546 2662 1655 2689 iustitiae,
1673 2662 1800 2690 explicatur
1817 2661 1841 2683 ll.
1859 2660 1920 2682 Sent.
1932 2659 1955 2682 d.
1968 2660 2006 2682 30.
2018 2666 2038 2682 a.
2050 2661 2072 2683 2.

1223 2709 1246 2731 q.
1259 2702 1280 2724 4.
1291 2713 1322 2718 —
1334 2702 1367 2724 De
1379 2701 1525 2730 quadruplici
1538 2707 1613 2729 poena
1625 2700 1755 2723 secundum
1767 2700 1855 2722 Bedam
1866 2698 1921 2721 vide
1932 2697 1988 2720 ibid.
2000 2698 2023 2721 d.
2035 2699 2072 2721 22.

1222 2740 1280 2764 dub.
1297 2742 1319 2763 2.

1285 2778 1294 2792 ⁵
1312 2780 1340 2802 Ut
1364 2780 1419 2802 dicit
1444 2780 1554 2807 August„
1580 2779 1697 2801 Eucliirid.
1719 2785 1739 2801 c.
1757 2779 1794 2801 93.
1812 2784 1835 2800 n.
1852 2778 1890 2800 23.
1906 2776 1953 2800 cfr.
1970 2777 1993 2799 ll.
2011 2778 2072 2800 Sent.

1223 2820 1247 2842 d.
1265 2820 1302 2842 33.
1319 2816 1341 2841 a)
1358 2820 1380 2841 3.
1397 2826 1421 2848 q.
1440 2820 1461 2841 1.
1477 2826 1527 2848 seq.

1285 2857 1295 2870 ‘⁵
1313 2859 1396 2881 Psalm.
1413 2858 1456 2885 ⁴22¹»,
1475 2858 1511 2880 ⁴0.

1286 2895 1294 2908 ⁷
1313 2897 1372 2919 Viilo
1390 2897 1413 2918 ll.
1431 2897 1493 2919 Scnt.
1510 2897 1533 2919 (1.
1551 2897 1588 2919 30.
1606 2903 1627 2918 a.
1646 2897 1666 2918 1,
1683 2903 1707 2925 q.
1725 2896 1746 2918 1.
1763 2902 1812 2924 seq.

1286 2934 1295 2948 ¹³
1313 2936 1359 2959 Csr.
1376 2942 1446 2964 supra
1464 2943 1519 2964 pag.
1536 2937 1595 2963 231,
1612 2938 1666 2958 nota
1684 2935 1705 2958 5.

1286 2974 1296 2988 ⁰
1314 2976 1330 2998 B
1349 2975 1426 2999 homo.
1525 2974 1527 2977 ’

2112 1392 2175 1410 Poena
2188 1390 2216 1409 in-
2257 1384 2264 1418 ¹2,

2085 1415 2216 1438 dicateulpam
2257 1421 2264 1448 'i
