2285 3398
199 1233 272 1258 Quibus
277 1234 330 1260 ¹scri-

231 1259 297 1281 pserit.

341 204 396 231 29ss

340 290 398 310 sua
418 281 449 309 itt
469 281 614 318 sanquine
635 281 730 318 Aym’,
753 285 787 309 itt
806 281 843 309 sit
854 285 981 319 potestas
995 291 1096 311 eorum
1112 282 1142 311 in
1157 282 1190 310 le?-

339 338 396 366 qno
417 329 509 362 vitae,
531 331 555 356 et
577 337 631 365 per
655 332 760 366 porta-s·
789 329 997 367 inyredt'antur
1024 330 1190 362 civitatem:

342 376 420 413 quasi
442 375 529 409 «licat,
558 375 632 412 quod
657 383 707 412 per
728 377 987 413 contemplationem
1008 377 1113 414 ingredi
1136 385 1189 405 non

343 425 431 459 potest
453 422 600 451 Ierusalem
615 423 781 459 supernam,
805 423 855 452 nisi
876 432 926 461 per
948 424 1109 461 sanguinem
1124 422 1190 459 Agni

199 478 331 522 „ssifffflffi
343 469 427 498 intret
449 473 580 506 tanquam
602 477 651 506 per
673 472 789 506 portam.
819 471 877 499 Non
899 470 972 499 enim
986 470 1136 507 dispositus
1150 471 1192 497 est

343 516 435 553 aliquo
462 516 544 544 modo
571 515 605 544 ad
633 517 877 553 contemplationes
904 517 1026 551 divinas,
1059 524 1130 553 quae
1157 514 1191 543 ad

342 563 474 591 mentales
495 562 602 591 ducunt
623 571 772 598 excessus,
798 564 849 592 nisi
871 572 934 593 cum
955 563 1067 592 Daniele
1088 563 1123 591 sit
1143 562 1191 590 vir

342 610 554 638 desideriorum
567 611 585 637 1.
608 610 749 639 Desideria
763 614 856 639 autem
870 611 898 639 in
920 611 998 639 nobis
1020 610 1191 638 inflamman—

343 660 389 685 tur
410 657 572 694 dupliciter,
595 657 698 686 scilicet
712 665 762 694 per
777 658 933 686 clamorem
948 657 1105 690 orationis,
1120 664 1191 693 quae

343 704 439 741 rugire
460 704 524 733 facit
545 713 565 732 ct
584 704 694 742 yemicu
716 705 829 738 cordis,
852 708 879 733 et
900 712 950 741 per
964 704 1109 741 fulgorem
1130 711 1191 740 spe-

343 750 515 784 culutiontx,
537 759 593 788 qua
614 759 691 780 mens
712 751 745 779 ad
768 751 858 780 radios
880 751 949 780 lucis
969 750 1150 780 directissime
1165 752 1192 778 et

344 798 528 827 intensissime
550 806 578 827 se
600 799 744 827 convertit.

421 846 447 873 [ι.
475 845 560 882 Igitur
587 845 621 874 ad
649 845 782 882 gemitum
811 845 943 874 orationis
972 853 1021 882 per
1050 844 1191 874 Christum

206 891 528 929 invitatuoto-crucifixum,
550 899 599 928 per
621 891 701 920 euius
722 892 884 929 sanguinem
912 900 1066 929 purgamur
1094 900 1111 920 a
1136 899 1193 920 sor-

200 925 424 997 ΞΞᾙΞΞΞΞΞῖᾱὼυε
439 939 570 967 vitiorum
583 939 603 973 2,
618 939 740 976 primum
756 939 867 976 quidem
889 939 1020 968 lectorem
1041 939 1142 973 invito,
1158 946 1191 967 ne

227 979 243 992 11*
304 986 309 991 α

343 985 413 1014 sorte
434 986 543 1020 credat,
565 986 639 1023 quod
661 986 712 1015 sibi
734 986 853 1015 sufficiat
875 986 954 1015 lectio
976 986 1034 1015 sine
1049 986 1190 1020 unctione,

342 1033 492 1070 speculatio
520 1034 578 1062 sinc
606 1033 765 1068 devotione,
788 1034 959 1071 investigatio
987 1034 1045 1063 sine
1073 1033 1191 1062 admira-

343 1080 430 1114 tione,
453 1080 665 1118 circumspectio
686 1081 743 1110 sine
765 1081 966 1116 exsultatione,
981 1081 1118 1110 industria
1132 1080 1191 1109 sine

342 1128 457 1164 pietate,
480 1128 593 1157 scientia
621 1129 679 1157 sine
707 1128 836 1163 caritate,
859 1128 1037 1166 intelligentia
1058 1128 1116 1170 sine
1138 1128 1191 1157 liu-

341 1174 470 1209 militate,
486 1175 609 1204 studium
625 1175 730 1213 absque
744 1175 837 1204 divina
850 1176 953 1213 gratia,
969 1171 1113 1213 speculum
1129 1175 1190 1204 abs-

341 1230 396 1259 que
418 1223 550 1260 sapientia
570 1223 703 1252 divinitus
724 1223 865 1260 inspirata.
882 1239 918 1244 —
934 1223 1092 1252 Praeventis
1105 1223 1190 1260 igitur

342 1268 433 1297 divina
454 1270 557 1306 gratia,
573 1270 726 1299 humilibus
746 1273 773 1298 et
794 1269 861 1306 piis,
877 1270 1050 1307 compunctis
1067 1273 1094 1298 et
1108 1269 1190 1298 devo-

932 204 1105 233 ITINERARII
1127 204 1247 232 MENTlS
1268 204 1299 231 IN
1321 203 1413 231 DEUM
1434 203 1462 231 C.
1485 203 1503 231 l.

1248 282 1298 315 tis,
1320 281 1412 310 unctis
1433 281 1491 310 oleo
1513 281 1658 310 laetiticffl
1680 284 1708 310 et
1727 282 1899 311 amatoribus
1924 283 2031 313 divinae
2053 292 2095 313 sa-

1248 329 1365 365 pientiae
1387 331 1414 357 et
1434 329 1494 357 eius
1515 328 1651 357 desiderio
1673 328 1865 363 inflammatis,
1887 337 1984 358 vacare
2004 331 2095 359 volen-

1249 375 1323 404 tibus
1343 375 1377 404 ad
1398 375 1488 404 Deum
1502 375 1750 412 magnificandum,
1765 375 1958 404 admirandum
1973 379 2000 405 et
2014 377 2095 405 etiam

1247 422 1466 460 degustandum,
1489 422 1690 459 speculationes
1710 422 1848 451 subiectas
1869 430 2009 459 propono,
2032 423 2096 451 insi-

1249 478 1352 504 nuans,
1374 469 1450 507 quod
1470 478 1570 506 parum
1591 472 1640 498 aut
1660 469 1729 498 nihil
1750 472 1792 498 est
1812 469 1957 506 speculum
1971 470 2098 498 exterius

1248 517 1437 553 propositum,
1469 517 1521 545 nisi
1552 517 1697 553 speculum
1727 516 1827 545 mentis
1854 519 1966 545 nostrae
1992 519 2097 545 tersum

1249 562 1333 591 suerit
1354 566 1380 591 et
1401 561 1526 600 politum.
1557 563 1662 591 Exerce
1684 563 1768 600 igitur
1785 566 1826 597 te,
1842 563 1925 591 homo
1946 563 2004 597 Dei,
2019 563 2098 600 prius

1249 610 1283 638 ad
1311 610 1454 638 stimulum
1486 610 1668 639 conscientiae
1700 610 1921 643 remordentem,
1949 612 2096 647 antequam

1249 657 1344 685 oculos
1365 656 1455 686 eleves
1479 657 1511 685 ad
1541 657 1633 686 radios
1662 656 1812 694 sapientiae
1841 656 1869 684 in
1897 656 1958 685 eius
1978 657 2098 694 speculis

1250 705 1421 738 relucentes,
1442 712 1476 733 ne
1497 704 1567 733 forte
1588 712 1624 733 ex
1653 704 1711 741 ipsa
1739 703 1883 732 radiorum
1912 704 2098 741 speculatione

1250 753 1277 780 in
1298 752 1454 789 graviorem
1476 751 1578 780 incidas
1599 751 1705 780 foveam
1727 750 1916 779 tenebrarum.

1330 800 1354 827 5.
1377 799 1481 827 Placuit
1502 801 1594 827 autem
1615 798 1785 835 distinguere
1814 798 1986 826 tractatum*
2007 798 2034 826 in
2056 806 2097 826 se-
2110 805 2211 848 3333?

1249 850 1323 884 ptem
1350 846 1491 883 capitula,
1522 845 1723 883 praemittendo
1755 845 1850 874 titulos
1881 845 1915 874 ad
1947 845 2097 874 faciliorem

1249 893 1457 930 intelligentiam
1486 892 1674 921 dicendorum.
1707 893 1781 929 Rogo
1809 892 1909 929 igitur,
1938 892 2012 929 quod
2040 900 2097 921 ma-

1249 941 1290 978 gis
1311 943 1442 977 pensetur
1468 940 1583 969 intentio
1610 940 1756 969 scribentis
1784 947 1869 977 quam
1898 947 1983 976 opus,
2011 940 2098 976 magis

1248 987 1386 1016 dictorum
1408 995 1506 1016 sensus
1526 995 1610 1024 quam
1631 994 1724 1015 sermo
1751 986 1888 1021 incultus,
1917 986 2004 1023 magis
2025 985 2097 1014 veri-

1249 1037 1288 1063 tas
1310 1042 1393 1071 quam
1416 1037 1563 1068 venustas,
1585 1034 1671 1071 magis
1693 1034 1856 1063 exercitatio
1877 1033 1992 1062 affectus
2013 1041 2097 1070 quam

1247 1081 1367 1110 eruditio
1388 1081 1552 1110 intellectus.
1574 1081 1652 1117 Quod
1671 1084 1702 1110 ut
1717 1081 1779 1115 fiat,
1795 1089 1850 1109 non
1864 1083 1906 1110 est
1920 1073 2022 1109 harum
2037 1087 2097 1116 spe-

1247 1127 1416 1156 culationum
1439 1135 1604 1165 progressus
1631 1127 1820 1165 perfunctorie
1847 1126 2097 1161 transcurrendus,

1248 1176 1294 1205 sed
1315 1176 1503 1205 morosissime
1524 1175 1715 1204 ruminandus.

1524 1278 1648 1298 EXPLlCIT
1669 1277 1818 1299 PROLOGUS.

1066 1428 1204 1451 lNCli’lUNT
1222 1427 1370 1450 CAl‘lTULA.

405 1555 507 1578 Primum
526 1555 664 1583 capitulum,
685 1555 714 1577 de
736 1554 849 1583 gradibus
872 1555 1013 1577 ascensionis
1036 1555 1059 1577 in
1076 1555 1150 1577 Deum
1169 1557 1191 1578 ct

342 1601 371 1623 de
388 1601 545 1629 speculatione
563 1602 634 1630 ipsius
652 1608 693 1630 per
711 1601 806 1629 xestigia
824 1602 874 1624 eius
892 1602 914 1624 in
931 1602 1048 1624 universo.

405 1649 538 1672 Secundum
556 1650 696 1678 capitulum,
714 1650 743 1672 de
760 1649 918 1678 speculatione
934 1649 974 1671 Dei
993 1649 1016 1671 in
1028 1648 1131 1677 vestigiis
1143 1649 1191 1681 suis

342 1696 365 1718 in
383 1697 426 1718 lioc
443 1696 544 1719 sensibili
562 1697 659 1719 mundo.

405 1744 508 1767 Tertium
526 1744 666 1772 capitulum,
688 1744 717 1767 de
734 1743 893 1772 speculatione
910 1743 949 1766 Dei
968 1749 1010 1771 per
1027 1749 1093 1765 suam
1113 1742 1191 1771 imagi-

341 1797 395 1814 nem
413 1791 555 1814 naturalibus
572 1791 681 1819 potentiis
698 1791 838 1819 insignitam.

404 1839 516 1868 Quartum
534 1839 674 1867 capitulum,
699 1838 729 1860 de
754 1838 911 1866 speculatione
932 1838 972 1860 Dei
990 1838 1013 1860 in
1031 1844 1072 1861 sua
1090 1838 1191 1866 imagine

342 1885 409 1908 donis
427 1885 531 1913 gratuitis
549 1886 682 1908 reformata.

1310 1554 1421 1583 Quintum
1439 1555 1578 1583 capitulum,
1604 1555 1633 1577 de
1655 1555 1813 1583 speculatione
1831 1554 1924 1577 divinae
1941 1554 2034 1576 unitatis
2056 1560 2098 1582 per

1247 1601 1296 1624 eius
1312 1608 1397 1624 nomeu
1415 1602 1564 1630 primarium,
1581 1602 1646 1631 quod
1663 1604 1697 1624 est
1713 1608 1770 1625 csse.

1312 1650 1406 1671 Sextum
1423 1649 1563 1677 capitulum,
1589 1650 1618 1672 de
1642 1649 1800 1677 speculatione
1817 1648 1964 1672 beatissimae
1981 1649 2098 1671 Trinitatis

1249 1695 1270 1717 in
1288 1695 1337 1718 eius
1354 1696 1461 1723 nomine,
1479 1696 1543 1725 quod
1560 1699 1595 1719 est
1612 1695 1708 1720 bonum.

1312 1743 1441 1771 Septimum
1459 1743 1598 1772 capitulum,
1621 1744 1650 1765 de
1672 1749 1767 1775 excessu
1790 1743 1883 1766 mentali
1901 1746 1924 1765 et
1941 1743 2052 1771 mystico,
2075 1743 2098 1765 in

1248 1797 1295 1819 quo
1312 1791 1405 1820 requies
1422 1791 1490 1814 datur
1507 1791 1643 1817 intellectui,
1666 1791 1748 1812 affectu
1774 1790 1798 1812 in
1820 1791 1895 1818 Deum
1918 1796 1959 1818 per
1976 1796 2097 1812 excessum

1249 1838 1346 1860 totaliter
1363 1840 1504 1860 transeunte.

1534 1889 1660 1907 txrticiuur
1677 1888 1782 1906 caestum
1800 1880 1818 1905 ⁵.

749 2048 891 2082 INCIPIT
916 2047 1172 2082 SPECULATIO
1197 2046 1400 2080 PAUPERIS
1425 2046 1467 2079 IN
1493 2045 1693 2079 DESERTO.

715 2202 779 2230 Cap,
804 2202 820 2230 1.

431 2296 471 2325 De
490 2295 636 2334 yrctdibus
657 2294 835 2324 ascensionis
856 2295 887 2323 in
911 2294 1001 2323 Dewn
1022 2298 1047 2323 et
1067 2295 1101 2323 (le

351 2343 546 2381 specztlaciotw
567 2343 661 2380 ipsius
679 2350 733 2379 per
757 2342 876 2378 veseima
897 2342 959 2370 eius
980 2342 1012 2371 in
1033 2342 1177 2372 uniuerso.

425 2439 448 2465 1.
465 2437 573 2466 Beatus
590 2436 645 2470 uir,
657 2436 743 2464 caius
757 2439 798 2464 est
812 2437 959 2465 aaa-iliam
974 2437 1026 2466 abs
1040 2442 1074 2472 te,
1088 2447 1188 2471 ascen-

342 2485 437 2513 siones
458 2484 490 2512 in
510 2483 596 2512 eorde
609 2491 662 2511 suo
677 2482 821 2520 disposuit
835 2483 866 2511 t'n
881 2484 952 2512 valle
968 2484 1187 2523 lacrymum-um,

407 2649 414 2662 ¹
432 2650 489 2673 Dan.
507 2650 534 2677 9,
552 2650 589 2673 23.
606 2661 637 2667 -ι-
655 2649 750 2671 Inferius
766 2649 886 2677 respicitur
904 2651 939 2673 Ps.
957 2652 999 2679 37,
1016 2653 1045 2674 9:
1058 2652 1188 2680 Rugiebum

343 2696 355 2712 a
374 2690 460 2717 gemitu
478 2689 555 2712 cordis
572 2689 625 2711 mei.
636 2701 667 2707 ψ·
680 2688 790 2716 Superius
804 2695 846 2717 pro
860 2689 912 2712 Non
930 2690 993 2713 enim
1010 2691 1137 2721 dispositus
1155 2693 1189 2714 est

343 2728 379 2758 [k
390 2729 405 2751 L
416 2729 432 2750 N
450 2728 595 2758 disponitur]
613 2729 632 2750 H
649 2727 736 2751 Nullus
753 2727 815 2750 enim
829 2729 906 2757 potest
922 2729 1022 2759 disponi.

406 2767 415 2781 ²
432 2768 501 2791 liebr.
519 2769 540 2796 i,
559 2769 584 2796 3,
601 2768 684 2790 dicitur
703 2776 714 2788 ιι
725 2767 886 2795 purgationem
904 2772 1051 2796 peccatorum
1070 2770 1154 2792 iaciens
1166 2779 1188 2792 u.

343 2808 359 2830 i.
375 2808 438 2830 loan.
455 2809 481 2834 2,
493 2809 531 2830 20.
548 2811 570 2830 et
587 2808 624 2835 27,
642 2807 681 2830 ubi
699 2806 833 2833 insinuatur,
850 2808 914 2836 quod
931 2809 1008 2831 unctio
1025 2809 1103 2831 divina
1121 2809 1188 2831 docet

344 2847 373 2869 de
390 2847 507 2870 omuibus.

406 2884 415 2899 Β
433 2887 514 2909 psalm.
533 2887 573 2914 44,
587 2887 607 2909 8.
619 2899 650 2905 -·-
663 2886 720 2909 Edd.
731 2885 825 2909 divinae
843 2885 955 2913 laetitiae,
972 2893 1033 2915 qtiae
1050 2888 1118 2910 ctiam
1136 2890 1189 2915 post

344 2932 417 2954 pauca
436 2933 478 2954 pro
499 2926 670 2950 admirandum
695 2925 837 2949 substituunt
861 2926 1000 2949 amandum.
1025 2927 1120 2949 iuferius
1145 2933 1189 2954 pro

343 2965 404 2988 vulti(
420 2967 453 2989 esc
470 2966 476 2988 l
495 2966 553 2989 m'ltz'l
568 2966 676 2996 prodest,
694 2968 716 2988 et
734 2971 776 2994 pro
801 2965 974 2989 remordentem
998 2966 1045 2988 GK
1056 2966 1071 2988 L
1082 2967 1099 2988 lii
1112 2967 1127 2988 N
1153 2972 1187 2989 re-

344 3004 482 3028 vim-denus.

1248 2200 1278 2229 in
1299 2200 1375 2235 loco,
1391 2209 1474 2239 quem
1485 2201 1586 2238 posuit
1596 2200 1615 2229 ⁶.
1632 2200 1701 2230 Cum
1717 2199 1857 2229 beatitudo
1872 2199 1941 2228 nihil
1955 2199 2030 2229 aliud
2045 2199 2095 2234 sit,

1247 2256 1330 2285 quam
1353 2248 1453 2277 summi
1482 2248 1546 2277 boni
1574 2248 1687 2282 fruitio;
1709 2250 1736 2277 et
1757 2255 1899 2277 summum
1928 2246 2032 2275 bonum
2061 2246 2096 2274 sit

1247 2303 1332 2332 supra
1352 2303 1420 2324 nos:
1440 2295 1535 2324 nullus
1556 2298 1645 2332 potest
1667 2295 1737 2324 effici
1759 2295 1871 2327 beatus,
1886 2292 1938 2321 nisi
1954 2301 2039 2329 supra
2054 2300 2096 2321 se—

1246 2343 1394 2381 metipsum
1415 2343 1560 2377 ascendat,
1582 2351 1637 2371 non
1659 2350 1776 2371 ascensu
1797 2340 1949 2377 corporali,
1972 2339 2019 2368 sed
2034 2345 2095 2368 cor-

1245 2391 1317 2420 diali.
1340 2391 1391 2420 Sed
1413 2399 1499 2428 supra
1526 2399 1576 2419 nos
1604 2390 1688 2419 levari
1717 2397 1771 2418 non
1798 2396 1945 2426 possumus
1966 2387 2017 2416 nisi
2046 2395 2096 2424 per

1246 2438 1379 2466 virtutem
1394 2437 1567 2474 superiorem
1584 2445 1633 2465 nos
1648 2436 1810 2465 elevantem.
1830 2435 2094 2471 Quantumcumque

1245 2485 1318 2514 enim
1344 2484 1447 2522 gradus
1474 2483 1620 2512 interiores
1647 2483 1844 2520 disponantur,
1873 2481 1941 2511 nihil
1968 2481 2015 2516 fit,
2043 2481 2095 2510 nisi

1309 2650 1319 2663 ⁴
1337 2651 1378 2673 Ei)
1395 2650 1560 2674 tractandum.
1577 2650 1673 2672 inferius
1691 2649 1743 2672 voci
1760 2650 1872 2672 venustas
1889 2648 1943 2670 edd.
1963 2647 2095 2675 praefigunt

1246 2696 1394 2714 sermonum.

1309 2729 1318 2742 ⁵
1336 2730 1396 2752 llaec
1413 2730 1512 2758 capitula
1530 2736 1583 2751 cum
1601 2728 1742 2758 quibusdam
1760 2729 1843 2751 nullius
1861 2727 1972 2750 momenti
1989 2726 2095 2748 varianti-

1247 2769 1290 2792 bus
1308 2769 1445 2792 lectionibus
1462 2770 1498 2792 hic
1516 2772 1635 2798 ponuntur
1653 2769 1676 2791 iu
1693 2768 1762 2791 codd.
1779 2770 1801 2790 ct
1819 2768 1840 2795 t,
1854 2768 1881 2794 2,
1894 2767 1920 2794 3,
1933 2766 1960 2793 4;
1975 2766 1992 2787 B
2010 2766 2095 2794 aliique

1247 2809 1316 2832 codd.
1333 2815 1380 2831 non
1398 2809 1446 2836 liic,
1463 2809 1505 2831 sed
1528 2809 1549 2831 in
1572 2809 1621 2836 ipso
1645 2810 1704 2830 textu
1728 2807 1758 2830 ad
1781 2813 1814 2829 cc.
1832 2808 1853 2829 3.
1874 2806 1892 2829 i.
1910 2806 1924 2828 5
1942 2808 1995 2833 post
2011 2811 2093 2827 xorem

1246 2848 1377 2879 capitulum
1400 2849 1509 2872 adiiciunt
1532 2850 1554 2871 ec
1575 2847 1659 2871 tertius
1684 2848 1833 2877 (qum-cas...
1857 2845 1962 2876 qm'ucus)
1986 2844 2093 2874 modus,-

1246 2888 1323 2911 Verba
1342 2888 1425 2918 Incipit
1440 2887 1569 2918 speculatio
1585 2887 1698 2917 pauperis
1721 2887 1746 2910 ίη
1767 2886 1858 2910 deserto
1875 2884 1992 2908 habentur
2010 2885 2032 2906 in
2050 2885 2066 2906 B
2078 2885 2094 2906 E

1246 2928 1344 2956 FKPQ
1361 2930 1384 2949 et
1402 2928 1422 2955 rt,
1440 2928 1468 2954 2,
1486 2928 1514 2954 3,
1532 2927 1552 2949 4.

1308 2965 1318 2978 ⁵
1336 2967 1419 2989 Psalm.
1437 2967 1479 2993 83,
1497 2966 1518 2988 6.
1539 2971 1589 2993 seq.

2115 2216 2216 2235 Beatitudo

2110 2245 2167 2264 supra
2180 2245 2220 2258 noS.

2109 2405 2174 2423 Virtus
2187 2404 2225 2422 ele-

2140 2433 2190 2446 vans.
