<?xml version="1.0" encoding="UTF-8"?>
<!DOCTYPE html PUBLIC "-//W3C//DTD XHTML 1.0 Transitional//EN"
    "http://www.w3.org/TR/xhtml1/DTD/xhtml1-transitional.dtd">
<html xmlns="http://www.w3.org/1999/xhtml" xml:lang="en" lang="en">
 <head>
  <title>
</title>
<meta http-equiv="Content-Type" content="text/html;charset=utf-8" />
  <meta name='ocr-system' content='tesseract 3.04.00' />
  <meta name='ocr-capabilities' content='ocr_page ocr_carea ocr_par ocr_line ocrx_word'/>
</head>
<body>
  <div class='ocr_page' id='page_1' title='image "./doctorisseraphic05bona/doctorisseraphic05bona_0541.png"; bbox 0 0 2285 3398; ppageno 0'>
   <div class='ocr_carea' id='block_1_1' title="bbox 17 644 149 709">
    <p class='ocr_par' dir='ltr' id='par_1_1' title="bbox 17 644 149 709">
     <span class='ocr_line' id='line_1_1' title="bbox 17 644 149 667; baseline 0 -5"><span class='ocrx_word' id='word_1_1' title='bbox 17 644 95 667; x_wconf 79' lang='lat' dir='ltr'>Septem</span> <span class='ocrx_word' id='word_1_2' title='bbox 106 649 149 667; x_wconf 79' lang='lat' dir='ltr'>pee—</span> 
     </span>
     <span class='ocr_line' id='line_1_2' title="bbox 30 668 148 691; baseline 0.008 -6"><span class='ocrx_word' id='word_1_3' title='bbox 30 669 71 685; x_wconf 75' lang='lat' dir='ltr'>cata</span> <span class='ocrx_word' id='word_1_4' title='bbox 86 668 148 691; x_wconf 65' lang='lat' dir='ltr'>expel-</span> 
     </span>
     <span class='ocr_line' id='line_1_3' title="bbox 29 690 92 709; baseline -0.016 0"><span class='ocrx_word' id='word_1_5' title='bbox 29 690 92 709; x_wconf 78' lang='lat' dir='ltr'>lenda.</span> 
     </span>
    </p>
   </div>
   <div class='ocr_carea' id='block_1_2' title="bbox 18 967 150 1033">
    <p class='ocr_par' dir='ltr' id='par_1_2' title="bbox 18 967 150 1033">
     <span class='ocr_line' id='line_1_4' title="bbox 18 967 150 995; baseline -0.008 -8"><span class='ocrx_word' id='word_1_6' title='bbox 18 968 98 995; x_wconf 67' lang='lat' dir='ltr'>Septem</span> <span class='ocrx_word' id='word_1_7' title='bbox 114 967 150 986; x_wconf 77' lang='lat' dir='ltr'>vir-</span> 
     </span>
     <span class='ocr_line' id='line_1_5' title="bbox 31 993 150 1010; baseline 0.008 -1"><span class='ocrx_word' id='word_1_8' title='bbox 31 993 81 1010; x_wconf 76' lang='lat' dir='ltr'>tutes</span> <span class='ocrx_word' id='word_1_9' title='bbox 94 993 150 1010; x_wconf 81' lang='lat' dir='ltr'>intro-</span> 
     </span>
     <span class='ocr_line' id='line_1_6' title="bbox 31 1013 135 1033; baseline 0 0"><span class='ocrx_word' id='word_1_10' title='bbox 31 1013 135 1033; x_wconf 77' lang='lat' dir='ltr'>ducendae.</span> 
     </span>
    </p>
   </div>
   <div class='ocr_carea' id='block_1_3' title="bbox 31 1525 145 1550">
    <p class='ocr_par' dir='ltr' id='par_1_3' title="bbox 31 1525 145 1550">
     <span class='ocr_line' id='line_1_7' title="bbox 31 1525 145 1550; baseline 0 -6"><span class='ocrx_word' id='word_1_11' title='bbox 31 1525 145 1550; x_wconf 75' lang='lat' dir='ltr'>Explicatur.</span> 
     </span>
    </p>
   </div>
   <div class='ocr_carea' id='block_1_4' title="bbox 3 2315 148 2404">
    <p class='ocr_par' dir='ltr' id='par_1_4' title="bbox 3 2315 148 2404">
     <span class='ocr_line' id='line_1_8' title="bbox 3 2315 148 2339; baseline 0 -5"><span class='ocrx_word' id='word_1_12' title='bbox 3 2315 6 2333; x_wconf 77' lang='lat' dir='ltr'>l</span> <span class='ocrx_word' id='word_1_13' title='bbox 18 2315 71 2334; x_wconf 78' lang='lat' dir='ltr'>Dona</span> <span class='ocrx_word' id='word_1_14' title='bbox 81 2317 148 2339; x_wconf 80' lang='lat' dir='ltr'>petun-</span> 
     </span>
     <span class='ocr_line' id='line_1_9' title="bbox 31 2339 148 2357; baseline 0 0"><span class='ocrx_word' id='word_1_15' title='bbox 31 2341 61 2357; x_wconf 84' lang='lat' dir='ltr'>tur</span> <span class='ocrx_word' id='word_1_16' title='bbox 73 2339 92 2357; x_wconf 86' lang='lat' dir='ltr'>in</span> <span class='ocrx_word' id='word_1_17' title='bbox 106 2344 148 2357; x_wconf 81' lang='lat' dir='ltr'>ora-</span> 
     </span>
     <span class='ocr_line' id='line_1_10' title="bbox 31 2362 148 2381; baseline 0.009 -1"><span class='ocrx_word' id='word_1_18' title='bbox 31 2362 81 2381; x_wconf 79' lang='lat' dir='ltr'>tioue</span> <span class='ocrx_word' id='word_1_19' title='bbox 90 2362 148 2381; x_wconf 86' lang='lat' dir='ltr'>domi-</span> 
     </span>
     <span class='ocr_line' id='line_1_11' title="bbox 30 2385 80 2404; baseline 0.02 -1"><span class='ocrx_word' id='word_1_20' title='bbox 30 2385 80 2404; x_wconf 83' lang='lat' dir='ltr'>nica.</span> 
     </span>
    </p>
   </div>
   <div class='ocr_carea' id='block_1_5' title="bbox 734 188 1344 218">
    <p class='ocr_par' dir='ltr' id='par_1_5' title="bbox 734 188 1344 218">
     <span class='ocr_line' id='line_1_12' title="bbox 734 188 1344 218; baseline 0 0"><span class='ocrx_word' id='word_1_21' title='bbox 734 190 777 218; x_wconf 89' lang='lat' dir='ltr'>DE</span> <span class='ocrx_word' id='word_1_22' title='bbox 800 189 899 218; x_wconf 88' lang='lat' dir='ltr'>DONlS</span> <span class='ocrx_word' id='word_1_23' title='bbox 919 189 1063 218; x_wconf 82' lang='lat' dir='ltr'>SPlRlTUS</span> <span class='ocrx_word' id='word_1_24' title='bbox 1084 189 1109 217; x_wconf 89' lang='lat' dir='ltr'>S.</span> <span class='ocrx_word' id='word_1_25' title='bbox 1132 188 1295 217; x_wconf 71' lang='lat' dir='ltr'>COLLATlO</span> <span class='ocrx_word' id='word_1_26' title='bbox 1317 190 1344 218; x_wconf 92' lang='lat' dir='ltr'>ll.</span> 
     </span>
    </p>
   </div>
   <div class='ocr_carea' id='block_1_6' title="bbox 161 267 1007 305">
    <p class='ocr_par' dir='ltr' id='par_1_6' title="bbox 161 267 1007 305">
     <span class='ocr_line' id='line_1_13' title="bbox 161 267 1007 305; baseline -0.002 -9"><span class='ocrx_word' id='word_1_27' title='bbox 161 268 244 296; x_wconf 73' lang='lat' dir='ltr'>Vocat</span> <span class='ocrx_word' id='word_1_28' title='bbox 274 268 345 296; x_wconf 87' lang='lat' dir='ltr'>dona</span> <span class='ocrx_word' id='word_1_29' title='bbox 377 268 496 305; x_wconf 77' lang='lat' dir='ltr'>Spiritus</span> <span class='ocrx_word' id='word_1_30' title='bbox 526 268 611 296; x_wconf 86' lang='lat' dir='ltr'>sancti</span> <span class='ocrx_word' id='word_1_31' title='bbox 637 276 751 296; x_wconf 80' lang='lat' dir='ltr'>cornua</span> <span class='ocrx_word' id='word_1_32' title='bbox 781 271 808 296; x_wconf 85' lang='lat' dir='ltr'>et</span> <span class='ocrx_word' id='word_1_33' title='bbox 839 267 943 295; x_wconf 78' lang='lat' dir='ltr'>oculos.</span> <span class='ocrx_word' id='word_1_34' title='bbox 977 267 1007 294; x_wconf 88' lang='lat' dir='ltr'>Et</span> 
     </span>
    </p>
   </div>
   <div class='ocr_carea' id='block_1_7' title="bbox 21 313 1007 350">
    <p class='ocr_par' dir='ltr' id='par_1_7' title="bbox 21 313 1007 350">
     <span class='ocr_line' id='line_1_14' title="bbox 21 313 1007 350; baseline -0.003 -6"><span class='ocrx_word' id='word_1_35' title='bbox 21 320 92 344; x_wconf 66' lang='lat' dir='ltr'>numu</span> <span class='ocrx_word' id='word_1_36' title='bbox 110 320 150 339; x_wconf 77' lang='lat' dir='ltr'>effl-</span> <span class='ocrx_word' id='word_1_37' title='bbox 161 316 272 350; x_wconf 76' lang='lat' dir='ltr'>quare?</span> <span class='ocrx_word' id='word_1_38' title='bbox 292 314 403 343; x_wconf 86' lang='lat' dir='ltr'>Debetis</span> <span class='ocrx_word' id='word_1_39' title='bbox 433 313 600 350; x_wconf 83' lang='lat' dir='ltr'>intelligere,</span> <span class='ocrx_word' id='word_1_40' title='bbox 631 313 704 350; x_wconf 89' lang='lat' dir='ltr'>quod</span> <span class='ocrx_word' id='word_1_41' title='bbox 725 314 861 342; x_wconf 88' lang='lat' dir='ltr'>donorum</span> <span class='ocrx_word' id='word_1_42' title='bbox 889 313 1007 350; x_wconf 80' lang='lat' dir='ltr'><strong>Spiritus</strong></span> 
     </span>
    </p>
   </div>
   <div class='ocr_carea' id='block_1_8' title="bbox 54 343 112 362">
    <p class='ocr_par' dir='ltr' id='par_1_8' title="bbox 54 343 112 362">
     <span class='ocr_line' id='line_1_15' title="bbox 54 343 112 362; baseline 0 0"><span class='ocrx_word' id='word_1_43' title='bbox 54 343 112 362; x_wconf 76' lang='lat' dir='ltr'>caela.</span> 
     </span>
    </p>
   </div>
   <div class='ocr_carea' id='block_1_9' title="bbox 158 360 1008 2581">
    <p class='ocr_par' dir='ltr' id='par_1_9' title="bbox 160 360 1007 898">
     <span class='ocr_line' id='line_1_16' title="bbox 162 360 1007 397; baseline -0.001 -8"><span class='ocrx_word' id='word_1_44' title='bbox 162 360 247 389; x_wconf 85' lang='lat' dir='ltr'>sancti</span> <span class='ocrx_word' id='word_1_45' title='bbox 269 363 310 389; x_wconf 87' lang='lat' dir='ltr'>est</span> <span class='ocrx_word' id='word_1_46' title='bbox 327 360 462 397; x_wconf 81' lang='lat' dir='ltr'>quaedam</span> <span class='ocrx_word' id='word_1_47' title='bbox 478 360 614 394; x_wconf 82' lang='lat' dir='ltr'>efficacia,</span> <span class='ocrx_word' id='word_1_48' title='bbox 630 368 679 396; x_wconf 88' lang='lat' dir='ltr'>per</span> <span class='ocrx_word' id='word_1_49' title='bbox 694 368 777 397; x_wconf 86' lang='lat' dir='ltr'>quam</span> <span class='ocrx_word' id='word_1_50' title='bbox 792 360 1007 397; x_wconf 66' lang='lat' dir='ltr'>impugnantur</span> 
     </span>
     <span class='ocr_line' id='line_1_17' title="bbox 161 406 1005 443; baseline -0.001 -8"><span class='ocrx_word' id='word_1_51' title='bbox 161 407 261 435; x_wconf 88' lang='lat' dir='ltr'>omnia</span> <span class='ocrx_word' id='word_1_52' title='bbox 281 407 380 440; x_wconf 47' lang='grc' dir='ltr'><em>Μαίας</em></span> <span class='ocrx_word' id='word_1_53' title='bbox 401 409 443 435; x_wconf 88' lang='lat' dir='ltr'>est</span> <span class='ocrx_word' id='word_1_54' title='bbox 463 406 515 435; x_wconf 86' lang='lat' dir='ltr'>alia</span> <span class='ocrx_word' id='word_1_55' title='bbox 536 406 657 435; x_wconf 83' lang='lat' dir='ltr'>efficacia</span> <span class='ocrx_word' id='word_1_56' title='bbox 677 406 830 441; x_wconf 84' lang='lat' dir='ltr'>donorum,</span> <span class='ocrx_word' id='word_1_57' title='bbox 852 414 902 443; x_wconf 89' lang='lat' dir='ltr'>per</span> <span class='ocrx_word' id='word_1_58' title='bbox 923 413 1005 443; x_wconf 85' lang='lat' dir='ltr'>quam</span> 
     </span>
     <span class='ocr_line' id='line_1_18' title="bbox 161 452 1006 490; baseline -0.001 -9"><span class='ocrx_word' id='word_1_59' title='bbox 161 454 244 481; x_wconf 90' lang='lat' dir='ltr'>homo</span> <span class='ocrx_word' id='word_1_60' title='bbox 264 453 416 490; x_wconf 73' lang='lat' dir='ltr'><em>expeditur</em></span> <span class='ocrx_word' id='word_1_61' title='bbox 436 453 476 481; x_wconf 75' lang='lat' dir='ltr'>ad</span> <span class='ocrx_word' id='word_1_62' title='bbox 497 453 597 480; x_wconf 83' lang='lat' dir='ltr'>omnia</span> <span class='ocrx_word' id='word_1_63' title='bbox 618 452 700 480; x_wconf 85' lang='lat' dir='ltr'>bona.</span> <span class='ocrx_word' id='word_1_64' title='bbox 726 453 755 480; x_wconf 86' lang='lat' dir='ltr'>Et</span> <span class='ocrx_word' id='word_1_65' title='bbox 776 453 842 489; x_wconf 83' lang='lat' dir='ltr'>quia</span> <span class='ocrx_word' id='word_1_66' title='bbox 863 453 889 480; x_wconf 94' lang='lat' dir='ltr'>in</span> <span class='ocrx_word' id='word_1_67' title='bbox 916 452 1006 481; x_wconf 91' lang='lat' dir='ltr'>corni-</span> 
     </span>
     <span class='ocr_line' id='line_1_19' title="bbox 161 498 1006 536; baseline -0.002 -8"><span class='ocrx_word' id='word_1_68' title='bbox 161 500 213 528; x_wconf 85' lang='lat' dir='ltr'>bus</span> <span class='ocrx_word' id='word_1_69' title='bbox 233 503 275 528; x_wconf 88' lang='lat' dir='ltr'>est</span> <span class='ocrx_word' id='word_1_70' title='bbox 296 499 443 533; x_wconf 80' lang='lat' dir='ltr'>fortitudo,</span> <span class='ocrx_word' id='word_1_71' title='bbox 465 499 526 527; x_wconf 90' lang='lat' dir='ltr'>ideo</span> <span class='ocrx_word' id='word_1_72' title='bbox 546 498 632 532; x_wconf 89' lang='lat' dir='ltr'>dona,</span> <span class='ocrx_word' id='word_1_73' title='bbox 654 507 703 535; x_wconf 84' lang='lat' dir='ltr'>per</span> <span class='ocrx_word' id='word_1_74' title='bbox 721 507 792 536; x_wconf 87' lang='lat' dir='ltr'>quae</span> <span class='ocrx_word' id='word_1_75' title='bbox 807 499 1006 536; x_wconf 83' lang='lat' dir='ltr'>impugnantur</span> 
     </span>
     <span class='ocr_line' id='line_1_20' title="bbox 160 544 1006 582; baseline -0.001 -8"><span class='ocrx_word' id='word_1_76' title='bbox 160 546 244 580; x_wconf 85' lang='lat' dir='ltr'>mala,</span> <span class='ocrx_word' id='word_1_77' title='bbox 265 549 344 574; x_wconf 89' lang='lat' dir='ltr'>vocat</span> <span class='ocrx_word' id='word_1_78' title='bbox 365 554 486 574; x_wconf 83' lang='lat' dir='ltr'>cornua.</span> <span class='ocrx_word' id='word_1_79' title='bbox 502 546 534 573; x_wconf 87' lang='lat' dir='ltr'>Et</span> <span class='ocrx_word' id='word_1_80' title='bbox 554 545 620 582; x_wconf 85' lang='lat' dir='ltr'>quia</span> <span class='ocrx_word' id='word_1_81' title='bbox 641 545 730 574; x_wconf 85' lang='lat' dir='ltr'>virtus</span> <span class='ocrx_word' id='word_1_82' title='bbox 744 546 901 582; x_wconf 83' lang='lat' dir='ltr'>expeditiva</span> <span class='ocrx_word' id='word_1_83' title='bbox 923 544 1006 574; x_wconf 87' lang='lat' dir='ltr'>estin</span> 
     </span>
     <span class='ocr_line' id='line_1_21' title="bbox 161 591 1007 628; baseline 0 -9"><span class='ocrx_word' id='word_1_84' title='bbox 161 592 268 626; x_wconf 83' lang='lat' dir='ltr'>oculis,</span> <span class='ocrx_word' id='word_1_85' title='bbox 284 592 344 621; x_wconf 87' lang='lat' dir='ltr'>ideo</span> <span class='ocrx_word' id='word_1_86' title='bbox 358 592 444 626; x_wconf 88' lang='lat' dir='ltr'>dona,</span> <span class='ocrx_word' id='word_1_87' title='bbox 460 599 509 628; x_wconf 90' lang='lat' dir='ltr'>per</span> <span class='ocrx_word' id='word_1_88' title='bbox 523 599 595 628; x_wconf 87' lang='lat' dir='ltr'>quae</span> <span class='ocrx_word' id='word_1_89' title='bbox 610 591 692 620; x_wconf 91' lang='lat' dir='ltr'>homo</span> <span class='ocrx_word' id='word_1_90' title='bbox 707 592 855 628; x_wconf 85' lang='lat' dir='ltr'>expeditur</span> <span class='ocrx_word' id='word_1_91' title='bbox 869 592 902 620; x_wconf 82' lang='lat' dir='ltr'>ad</span> <span class='ocrx_word' id='word_1_92' title='bbox 914 591 1007 620; x_wconf 92' lang='lat' dir='ltr'>omnia</span> 
     </span>
     <span class='ocr_line' id='line_1_22' title="bbox 162 638 1006 679; baseline -0.001 -12"><span class='ocrx_word' id='word_1_93' title='bbox 162 638 247 673; x_wconf 85' lang='lat' dir='ltr'>bona,</span> <span class='ocrx_word' id='word_1_94' title='bbox 270 641 348 667; x_wconf 86' lang='lat' dir='ltr'>vocat</span> <span class='ocrx_word' id='word_1_95' title='bbox 369 639 473 667; x_wconf 82' lang='lat' dir='ltr'>oculos.</span> <span class='ocrx_word' id='word_1_96' title='bbox 500 654 536 659; x_wconf 91' lang='lat'>—</span> <span class='ocrx_word' id='word_1_97' title='bbox 562 639 671 675; x_wconf 81' lang='lat' dir='ltr'>Septem</span> <span class='ocrx_word' id='word_1_98' title='bbox 693 642 758 667; x_wconf 90' lang='lat' dir='ltr'>sunt</span> <span class='ocrx_word' id='word_1_99' title='bbox 787 641 912 679; x_wconf 84' lang='lat' dir='ltr'>peccata,</span> <span class='ocrx_word' id='word_1_100' title='bbox 935 646 1006 675; x_wconf 85' lang='lat' dir='ltr'>quae</span> 
     </span>
     <span class='ocr_line' id='line_1_23' title="bbox 160 684 1006 722; baseline 0 -9"><span class='ocrx_word' id='word_1_101' title='bbox 160 685 358 722; x_wconf 77' lang='lat' dir='ltr'>impugnantur</span> <span class='ocrx_word' id='word_1_102' title='bbox 386 693 435 722; x_wconf 90' lang='lat' dir='ltr'>per</span> <span class='ocrx_word' id='word_1_103' title='bbox 463 688 566 721; x_wconf 87' lang='lat' dir='ltr'>septem</span> <span class='ocrx_word' id='word_1_104' title='bbox 595 685 666 713; x_wconf 86' lang='lat' dir='ltr'>dona</span> <span class='ocrx_word' id='word_1_105' title='bbox 687 685 805 721; x_wconf 76' lang='lat' dir='ltr'>Spiritus</span> <span class='ocrx_word' id='word_1_106' title='bbox 832 685 927 714; x_wconf 87' lang='lat' dir='ltr'>sancti.</span> <span class='ocrx_word' id='word_1_107' title='bbox 950 684 1006 713; x_wconf 85' lang='lat' dir='ltr'>Pri-</span> 
     </span>
     <span class='ocr_line' id='line_1_24' title="bbox 161 730 1005 768; baseline 0 -9"><span class='ocrx_word' id='word_1_108' title='bbox 161 739 236 759; x_wconf 93' lang='lat' dir='ltr'>mum</span> <span class='ocrx_word' id='word_1_109' title='bbox 258 735 300 760; x_wconf 89' lang='lat' dir='ltr'>est</span> <span class='ocrx_word' id='word_1_110' title='bbox 321 734 463 768; x_wconf 84' lang='lat' dir='ltr'>peccatum</span> <span class='ocrx_word' id='word_1_111' title='bbox 484 730 654 768; x_wconf 83' lang='lat' dir='ltr'>superbiae,</span> <span class='ocrx_word' id='word_1_112' title='bbox 683 732 835 760; x_wconf 82' lang='lat' dir='ltr'>secundum</span> <span class='ocrx_word' id='word_1_113' title='bbox 863 734 1005 768; x_wconf 87' lang='lat' dir='ltr'>peccatum</span> 
     </span>
     <span class='ocr_line' id='line_1_25' title="bbox 161 777 1006 814; baseline 0.004 -11"><span class='ocrx_word' id='word_1_114' title='bbox 161 780 202 805; x_wconf 69' lang='lat' dir='ltr'>est</span> <span class='ocrx_word' id='word_1_115' title='bbox 224 777 350 811; x_wconf 81' lang='lat' dir='ltr'>inuidia,</span> <span class='ocrx_word' id='word_1_116' title='bbox 381 777 494 806; x_wconf 89' lang='lat' dir='ltr'>tertium</span> <span class='ocrx_word' id='word_1_117' title='bbox 519 777 585 810; x_wconf 79' lang='lat' dir='ltr'>ira,</span> <span class='ocrx_word' id='word_1_118' title='bbox 608 780 740 813; x_wconf 83' lang='lat' dir='ltr'>quartum</span> <span class='ocrx_word' id='word_1_119' title='bbox 769 778 902 811; x_wconf 78' lang='lat' dir='ltr'><em>accidia,</em></span> <span class='ocrx_word' id='word_1_120' title='bbox 925 777 1006 814; x_wconf 87' lang='lat' dir='ltr'>quin-</span> 
     </span>
     <span class='ocr_line' id='line_1_26' title="bbox 162 824 1007 861; baseline 0 -9"><span class='ocrx_word' id='word_1_121' title='bbox 162 828 220 852; x_wconf 85' lang='lat' dir='ltr'>tum</span> <span class='ocrx_word' id='word_1_122' title='bbox 241 824 390 858; x_wconf 83' lang='lat' dir='ltr'>avaritia,</span> <span class='ocrx_word' id='word_1_123' title='bbox 420 826 531 853; x_wconf 87' lang='lat' dir='ltr'>sextum</span> <span class='ocrx_word' id='word_1_124' title='bbox 563 826 604 852; x_wconf 86' lang='lat' dir='ltr'>est</span> <span class='ocrx_word' id='word_1_125' title='bbox 633 824 706 860; x_wconf 64' lang='lat' dir='ltr'>puta</span> <span class='ocrx_word' id='word_1_126' title='bbox 737 827 763 853; x_wconf 93' lang='lat' dir='ltr'>et</span> <span class='ocrx_word' id='word_1_127' title='bbox 794 825 941 861; x_wconf 87' lang='lat' dir='ltr'>septimum</span> <span class='ocrx_word' id='word_1_128' title='bbox 966 827 1007 852; x_wconf 91' lang='lat' dir='ltr'>est</span> 
     </span>
     <span class='ocr_line' id='line_1_27' title="bbox 162 870 292 898; baseline 0 0"><span class='ocrx_word' id='word_1_129' title='bbox 162 870 292 898; x_wconf 62' lang='lat' dir='ltr'>luxui-ia.</span> 
     </span>
    </p>

    <p class='ocr_par' dir='ltr' id='par_1_10' title="bbox 158 916 1008 2246">
     <span class='ocr_line' id='line_1_28' title="bbox 239 916 1007 953; baseline -0.001 -8"><span class='ocrx_word' id='word_1_130' title='bbox 239 918 265 945; x_wconf 81' lang='lat'>3.</span> <span class='ocrx_word' id='word_1_131' title='bbox 289 917 347 945; x_wconf 81' lang='lat' dir='ltr'>Ista·</span> <span class='ocrx_word' id='word_1_132' title='bbox 361 917 427 945; x_wconf 83' lang='lat' dir='ltr'>vitia</span> <span class='ocrx_word' id='word_1_133' title='bbox 447 916 628 953; x_wconf 87' lang='lat' dir='ltr'>expelluntur</span> <span class='ocrx_word' id='word_1_134' title='bbox 650 925 699 953; x_wconf 86' lang='lat' dir='ltr'>per</span> <span class='ocrx_word' id='word_1_135' title='bbox 727 920 832 953; x_wconf 86' lang='lat' dir='ltr'>septem</span> <span class='ocrx_word' id='word_1_136' title='bbox 852 917 924 945; x_wconf 86' lang='lat' dir='ltr'>dona</span> <span class='ocrx_word' id='word_1_137' title='bbox 949 916 1007 953; x_wconf 83' lang='lat' dir='ltr'>Spi-</span> 
     </span>
     <span class='ocr_line' id='line_1_29' title="bbox 163 963 1008 1004; baseline 0.001 -13"><span class='ocrx_word' id='word_1_138' title='bbox 163 963 234 992; x_wconf 90' lang='lat' dir='ltr'>ritus</span> <span class='ocrx_word' id='word_1_139' title='bbox 254 964 356 997; x_wconf 85' lang='lat' dir='ltr'>sancti,</span> <span class='ocrx_word' id='word_1_140' title='bbox 376 966 404 1004; x_wconf 79' lang='lat' dir='ltr'>ct</span> <span class='ocrx_word' id='word_1_141' title='bbox 425 966 528 1000; x_wconf 79' lang='lat' dir='ltr'>septem</span> <span class='ocrx_word' id='word_1_142' title='bbox 544 963 665 991; x_wconf 79' lang='lat' dir='ltr'>virtutes</span> <span class='ocrx_word' id='word_1_143' title='bbox 686 964 916 997; x_wconf 85' lang='lat' dir='ltr'>introducuntur,</span> <span class='ocrx_word' id='word_1_144' title='bbox 938 971 1008 1000; x_wconf 83' lang='lat' dir='ltr'>quas</span> 
     </span>
     <span class='ocr_line' id='line_1_30' title="bbox 162 999 1008 1046; baseline 0 -8"><span class='ocrx_word' id='word_1_145' title='bbox 162 1010 289 1038; x_wconf 87' lang='lat' dir='ltr'>Christus</span> <span class='ocrx_word' id='word_1_146' title='bbox 302 999 410 1043; x_wconf 58' lang='lat' dir='ltr'>dociiit,</span> <span class='ocrx_word' id='word_1_147' title='bbox 425 1009 535 1046; x_wconf 80' lang='lat' dir='ltr'>quando</span> <span class='ocrx_word' id='word_1_148' title='bbox 556 1009 733 1038; x_wconf 79' lang='lat' dir='ltr'>fundamenta</span> <span class='ocrx_word' id='word_1_149' title='bbox 747 1010 843 1038; x_wconf 88' lang='lat' dir='ltr'>salutis</span> <span class='ocrx_word' id='word_1_150' title='bbox 864 1010 1008 1045; x_wconf 76' lang='lat' dir='ltr'>proposuit</span> 
     </span>
     <span class='ocr_line' id='line_1_31' title="bbox 161 1055 1006 1093; baseline 0 -9"><span class='ocrx_word' id='word_1_151' title='bbox 161 1056 189 1085; x_wconf 87' lang='lat' dir='ltr'>in</span> <span class='ocrx_word' id='word_1_152' title='bbox 208 1059 309 1085; x_wconf 86' lang='lat' dir='ltr'>monte.</span> <span class='ocrx_word' id='word_1_153' title='bbox 333 1057 424 1085; x_wconf 81' lang='lat' dir='ltr'>Prima</span> <span class='ocrx_word' id='word_1_154' title='bbox 452 1056 541 1085; x_wconf 92' lang='lat' dir='ltr'>virtus</span> <span class='ocrx_word' id='word_1_155' title='bbox 569 1059 610 1084; x_wconf 85' lang='lat' dir='ltr'>est</span> <span class='ocrx_word' id='word_1_156' title='bbox 629 1060 792 1093; x_wconf 72' lang='lat' dir='ltr'>paupertas</span> <span class='ocrx_word' id='word_1_157' title='bbox 818 1055 1006 1089; x_wconf 78' lang='lat' dir='ltr'>voluntaria,</span> 
     </span>
     <span class='ocr_line' id='line_1_32' title="bbox 160 1102 1006 1140; baseline 0 -9"><span class='ocrx_word' id='word_1_158' title='bbox 160 1103 194 1131; x_wconf 89' lang='lat' dir='ltr'>de</span> <span class='ocrx_word' id='word_1_159' title='bbox 215 1111 269 1139; x_wconf 89' lang='lat' dir='ltr'>qua</span> <span class='ocrx_word' id='word_1_160' title='bbox 291 1103 319 1131; x_wconf 94' lang='lat' dir='ltr'>in</span> <span class='ocrx_word' id='word_1_161' title='bbox 342 1103 523 1140; x_wconf 82' lang='lat' dir='ltr'>Evangeli01:</span> <span class='ocrx_word' id='word_1_162' title='bbox 548 1103 631 1131; x_wconf 84' lang='lat' dir='ltr'>Beati</span> <span class='ocrx_word' id='word_1_163' title='bbox 648 1111 794 1140; x_wconf 76' lang='lat' dir='ltr'>pauperes</span> <span class='ocrx_word' id='word_1_164' title='bbox 820 1102 937 1138; x_wconf 78' lang='lat' dir='ltr'>spiritu.</span> <span class='ocrx_word' id='word_1_165' title='bbox 960 1103 1006 1131; x_wconf 89' lang='lat' dir='ltr'>Se-</span> 
     </span>
     <span class='ocr_line' id='line_1_33' title="bbox 161 1149 1006 1186; baseline -0.002 -8"><span class='ocrx_word' id='word_1_166' title='bbox 161 1149 251 1178; x_wconf 89' lang='lat' dir='ltr'>cunda</span> <span class='ocrx_word' id='word_1_167' title='bbox 271 1153 312 1178; x_wconf 89' lang='lat' dir='ltr'>est</span> <span class='ocrx_word' id='word_1_168' title='bbox 333 1150 525 1178; x_wconf 81' lang='lat' dir='ltr'>mansuetudo</span> <span class='ocrx_word' id='word_1_169' title='bbox 540 1150 597 1178; x_wconf 87' lang='lat' dir='ltr'>sive</span> <span class='ocrx_word' id='word_1_170' title='bbox 618 1150 732 1183; x_wconf 72' lang='lat' dir='ltr'>mimas,</span> <span class='ocrx_word' id='word_1_171' title='bbox 747 1149 780 1178; x_wconf 88' lang='lat' dir='ltr'>de</span> <span class='ocrx_word' id='word_1_172' title='bbox 800 1157 855 1186; x_wconf 86' lang='lat' dir='ltr'>qua</span> <span class='ocrx_word' id='word_1_173' title='bbox 869 1149 897 1177; x_wconf 93' lang='lat' dir='ltr'>in</span> <span class='ocrx_word' id='word_1_174' title='bbox 920 1149 1006 1176; x_wconf 89' lang='lat' dir='ltr'>Evan-</span> 
     </span>
     <span class='ocr_line' id='line_1_34' title="bbox 161 1195 1007 1232; baseline -0.001 -8"><span class='ocrx_word' id='word_1_175' title='bbox 161 1196 245 1231; x_wconf 69' lang='lat' dir='ltr'>gelio:</span> <span class='ocrx_word' id='word_1_176' title='bbox 269 1196 352 1224; x_wconf 87' lang='lat' dir='ltr'>Beati</span> <span class='ocrx_word' id='word_1_177' title='bbox 371 1196 453 1224; x_wconf 83' lang='lat' dir='ltr'>mites</span> <span class='ocrx_word' id='word_1_178' title='bbox 476 1199 527 1224; x_wconf 92' lang='lat' dir='ltr'>etc.</span> <span class='ocrx_word' id='word_1_179' title='bbox 560 1196 652 1224; x_wconf 84' lang='lat' dir='ltr'>Tertia</span> <span class='ocrx_word' id='word_1_180' title='bbox 682 1199 724 1225; x_wconf 87' lang='lat' dir='ltr'>est</span> <span class='ocrx_word' id='word_1_181' title='bbox 754 1195 864 1229; x_wconf 81' lang='lat' dir='ltr'>luctus,</span> <span class='ocrx_word' id='word_1_182' title='bbox 896 1195 930 1223; x_wconf 88' lang='lat' dir='ltr'>de</span> <span class='ocrx_word' id='word_1_183' title='bbox 951 1203 1007 1232; x_wconf 87' lang='lat' dir='ltr'>qua</span> 
     </span>
     <span class='ocr_line' id='line_1_35' title="bbox 161 1241 1006 1280; baseline 0 -11"><span class='ocrx_word' id='word_1_184' title='bbox 161 1242 188 1270; x_wconf 90' lang='lat' dir='ltr'>in</span> <span class='ocrx_word' id='word_1_185' title='bbox 209 1242 368 1279; x_wconf 87' lang='lat' dir='ltr'>Evangelio:</span> <span class='ocrx_word' id='word_1_186' title='bbox 392 1242 490 1277; x_wconf 89' lang='lat' dir='ltr'>Beati,</span> <span class='ocrx_word' id='word_1_187' title='bbox 511 1243 564 1280; x_wconf 79' lang='lat' dir='ltr'>qui</span> <span class='ocrx_word' id='word_1_188' title='bbox 584 1242 688 1279; x_wconf 72' lang='lat' dir='ltr'>iuyent.</span> <span class='ocrx_word' id='word_1_189' title='bbox 710 1243 814 1279; x_wconf 82' lang='lat' dir='ltr'>Quarta</span> <span class='ocrx_word' id='word_1_190' title='bbox 834 1244 875 1270; x_wconf 90' lang='lat' dir='ltr'>est</span> <span class='ocrx_word' id='word_1_191' title='bbox 896 1241 1006 1269; x_wconf 75' lang='lat' dir='ltr'>esuries</span> 
     </span>
     <span class='ocr_line' id='line_1_36' title="bbox 161 1287 1006 1325; baseline -0.002 -9"><span class='ocrx_word' id='word_1_192' title='bbox 161 1288 305 1322; x_wconf 86' lang='lat' dir='ltr'>iustitiae,</span> <span class='ocrx_word' id='word_1_193' title='bbox 326 1288 360 1317; x_wconf 90' lang='lat' dir='ltr'>de</span> <span class='ocrx_word' id='word_1_194' title='bbox 381 1297 437 1325; x_wconf 84' lang='lat' dir='ltr'>qua</span> <span class='ocrx_word' id='word_1_195' title='bbox 458 1288 485 1317; x_wconf 91' lang='lat' dir='ltr'>in</span> <span class='ocrx_word' id='word_1_196' title='bbox 506 1288 665 1325; x_wconf 82' lang='lat' dir='ltr'>Evangelio:</span> <span class='ocrx_word' id='word_1_197' title='bbox 682 1288 778 1321; x_wconf 88' lang='lat' dir='ltr'>Beati,</span> <span class='ocrx_word' id='word_1_198' title='bbox 800 1287 851 1325; x_wconf 88' lang='lat' dir='ltr'>qui</span> <span class='ocrx_word' id='word_1_199' title='bbox 871 1287 1006 1315; x_wconf 84' lang='lat' dir='ltr'>esuriunt</span> 
     </span>
     <span class='ocr_line' id='line_1_37' title="bbox 160 1333 1006 1372; baseline -0.002 -9"><span class='ocrx_word' id='word_1_200' title='bbox 160 1338 186 1363; x_wconf 86' lang='lat' dir='ltr'>et</span> <span class='ocrx_word' id='word_1_201' title='bbox 207 1335 310 1364; x_wconf 84' lang='lat' dir='ltr'>sitiunt</span> <span class='ocrx_word' id='word_1_202' title='bbox 342 1335 494 1364; x_wconf 80' lang='lat' dir='ltr'>iustitiam.</span> <span class='ocrx_word' id='word_1_203' title='bbox 520 1335 622 1372; x_wconf 81' lang='lat' dir='ltr'>Quinta</span> <span class='ocrx_word' id='word_1_204' title='bbox 653 1338 694 1364; x_wconf 91' lang='lat' dir='ltr'>est</span> <span class='ocrx_word' id='word_1_205' title='bbox 725 1334 944 1368; x_wconf 76' lang='lat' dir='ltr'>misericordia,</span> <span class='ocrx_word' id='word_1_206' title='bbox 972 1333 1006 1362; x_wconf 88' lang='lat' dir='ltr'>de</span> 
     </span>
     <span class='ocr_line' id='line_1_38' title="bbox 160 1381 1006 1419; baseline -0.001 -9"><span class='ocrx_word' id='word_1_207' title='bbox 160 1389 216 1418; x_wconf 86' lang='lat' dir='ltr'>qua</span> <span class='ocrx_word' id='word_1_208' title='bbox 236 1382 271 1410; x_wconf 63' lang='lat' dir='ltr'>in‘</span> <span class='ocrx_word' id='word_1_209' title='bbox 286 1382 442 1419; x_wconf 84' lang='lat' dir='ltr'>Evangelio:</span> <span class='ocrx_word' id='word_1_210' title='bbox 466 1382 549 1410; x_wconf 80' lang='lat' dir='ltr'>Beati</span> <span class='ocrx_word' id='word_1_211' title='bbox 568 1381 778 1410; x_wconf 80' lang='lat' dir='ltr'>misericordes.</span> <span class='ocrx_word' id='word_1_212' title='bbox 808 1381 892 1409; x_wconf 81' lang='lat' dir='ltr'>Sexta</span> <span class='ocrx_word' id='word_1_213' title='bbox 917 1381 1006 1409; x_wconf 86' lang='lat' dir='ltr'>virtus</span> 
     </span>
     <span class='ocr_line' id='line_1_39' title="bbox 160 1427 1008 1465; baseline -0.002 -8"><span class='ocrx_word' id='word_1_214' title='bbox 160 1431 201 1457; x_wconf 84' lang='lat' dir='ltr'>cst</span> <span class='ocrx_word' id='word_1_215' title='bbox 222 1429 369 1458; x_wconf 74' lang='lat' dir='ltr'>munditia</span> <span class='ocrx_word' id='word_1_216' title='bbox 396 1429 510 1463; x_wconf 83' lang='lat' dir='ltr'>cordis,</span> <span class='ocrx_word' id='word_1_217' title='bbox 538 1428 572 1457; x_wconf 88' lang='lat' dir='ltr'>de</span> <span class='ocrx_word' id='word_1_218' title='bbox 593 1436 648 1465; x_wconf 88' lang='lat' dir='ltr'>qua</span> <span class='ocrx_word' id='word_1_219' title='bbox 675 1427 702 1455; x_wconf 93' lang='lat' dir='ltr'>in</span> <span class='ocrx_word' id='word_1_220' title='bbox 729 1427 893 1464; x_wconf 85' lang='lat' dir='ltr'>Evangelio:</span> <span class='ocrx_word' id='word_1_221' title='bbox 924 1427 1008 1455; x_wconf 86' lang='lat' dir='ltr'>Beati</span> 
     </span>
     <span class='ocr_line' id='line_1_40' title="bbox 159 1473 1006 1511; baseline 0 -9"><span class='ocrx_word' id='word_1_222' title='bbox 159 1476 269 1503; x_wconf 83' lang='lat' dir='ltr'>mundo</span> <span class='ocrx_word' id='word_1_223' title='bbox 291 1475 383 1504; x_wconf 83' lang='lat' dir='ltr'>corde.</span> <span class='ocrx_word' id='word_1_224' title='bbox 408 1476 437 1504; x_wconf 89' lang='lat' dir='ltr'>Et</span> <span class='ocrx_word' id='word_1_225' title='bbox 458 1475 573 1511; x_wconf 86' lang='lat' dir='ltr'>septima</span> <span class='ocrx_word' id='word_1_226' title='bbox 593 1477 635 1502; x_wconf 87' lang='lat' dir='ltr'>est</span> <span class='ocrx_word' id='word_1_227' title='bbox 651 1482 729 1510; x_wconf 70' lang='lat' dir='ltr'>pax,</span> <span class='ocrx_word' id='word_1_228' title='bbox 751 1473 784 1502; x_wconf 89' lang='lat' dir='ltr'>de</span> <span class='ocrx_word' id='word_1_229' title='bbox 799 1482 855 1510; x_wconf 84' lang='lat' dir='ltr'>qua</span> <span class='ocrx_word' id='word_1_230' title='bbox 876 1474 903 1502; x_wconf 91' lang='lat' dir='ltr'>in</span> <span class='ocrx_word' id='word_1_231' title='bbox 920 1474 1006 1502; x_wconf 88' lang='lat' dir='ltr'>Evan-</span> 
     </span>
     <span class='ocr_line' id='line_1_41' title="bbox 159 1520 1006 1558; baseline -0.002 -8"><span class='ocrx_word' id='word_1_232' title='bbox 159 1521 245 1558; x_wconf 86' lang='lat' dir='ltr'>gelio:</span> <span class='ocrx_word' id='word_1_233' title='bbox 268 1522 351 1550; x_wconf 84' lang='lat' dir='ltr'>Beati</span> <span class='ocrx_word' id='word_1_234' title='bbox 366 1521 494 1558; x_wconf 76' lang='lat' dir='ltr'>pacifici.</span> <span class='ocrx_word' id='word_1_235' title='bbox 507 1537 543 1541; x_wconf 97' lang='lat'><strong>—</strong></span> <span class='ocrx_word' id='word_1_236' title='bbox 560 1521 609 1549; x_wconf 86' lang='lat' dir='ltr'>Per</span> <span class='ocrx_word' id='word_1_237' title='bbox 630 1520 682 1548; x_wconf 88' lang='lat' dir='ltr'>ista</span> <span class='ocrx_word' id='word_1_238' title='bbox 702 1522 807 1557; x_wconf 78' lang='lat' dir='ltr'>septem</span> <span class='ocrx_word' id='word_1_239' title='bbox 828 1520 900 1548; x_wconf 92' lang='lat' dir='ltr'>dona</span> <span class='ocrx_word' id='word_1_240' title='bbox 921 1520 1006 1557; x_wconf 90' lang='lat' dir='ltr'>Spiri-</span> 
     </span>
     <span class='ocr_line' id='line_1_42' title="bbox 158 1567 1006 1604; baseline -0.001 -8"><span class='ocrx_word' id='word_1_241' title='bbox 158 1570 204 1596; x_wconf 88' lang='lat' dir='ltr'>tus</span> <span class='ocrx_word' id='word_1_242' title='bbox 225 1568 327 1602; x_wconf 88' lang='lat' dir='ltr'>sancti,</span> <span class='ocrx_word' id='word_1_243' title='bbox 341 1568 481 1604; x_wconf 86' lang='lat' dir='ltr'>designata</span> <span class='ocrx_word' id='word_1_244' title='bbox 495 1575 544 1603; x_wconf 89' lang='lat' dir='ltr'>per</span> <span class='ocrx_word' id='word_1_245' title='bbox 558 1570 662 1604; x_wconf 84' lang='lat' dir='ltr'>septem</span> <span class='ocrx_word' id='word_1_246' title='bbox 677 1575 805 1601; x_wconf 83' lang='lat' dir='ltr'>cornua,</span> <span class='ocrx_word' id='word_1_247' title='bbox 821 1567 1006 1602; x_wconf 87' lang='lat' dir='ltr'>destruuntur</span> 
     </span>
     <span class='ocr_line' id='line_1_43' title="bbox 159 1613 1006 1651; baseline -0.001 -8"><span class='ocrx_word' id='word_1_248' title='bbox 159 1617 263 1651; x_wconf 83' lang='lat' dir='ltr'>septem</span> <span class='ocrx_word' id='word_1_249' title='bbox 278 1617 389 1651; x_wconf 87' lang='lat' dir='ltr'>peccata</span> <span class='ocrx_word' id='word_1_250' title='bbox 402 1614 541 1647; x_wconf 81' lang='lat' dir='ltr'>mortalia,</span> <span class='ocrx_word' id='word_1_251' title='bbox 556 1617 584 1642; x_wconf 87' lang='lat' dir='ltr'>et</span> <span class='ocrx_word' id='word_1_252' title='bbox 598 1613 815 1642; x_wconf 82' lang='lat' dir='ltr'>introducuntur</span> <span class='ocrx_word' id='word_1_253' title='bbox 830 1618 936 1650; x_wconf 82' lang='lat' dir='ltr'>septem</span> <span class='ocrx_word' id='word_1_254' title='bbox 950 1614 1006 1642; x_wconf 85' lang='lat' dir='ltr'>vir-</span> 
     </span>
     <span class='ocr_line' id='line_1_44' title="bbox 159 1660 1006 1697; baseline -0.002 -7"><span class='ocrx_word' id='word_1_255' title='bbox 159 1663 240 1690; x_wconf 86' lang='lat' dir='ltr'>tutes.</span> <span class='ocrx_word' id='word_1_256' title='bbox 262 1661 370 1689; x_wconf 92' lang='lat' dir='ltr'>Donum</span> <span class='ocrx_word' id='word_1_257' title='bbox 393 1660 506 1689; x_wconf 85' lang='lat' dir='ltr'>timoris</span> <span class='ocrx_word' id='word_1_258' title='bbox 526 1660 645 1689; x_wconf 87' lang='lat' dir='ltr'>destruit</span> <span class='ocrx_word' id='word_1_259' title='bbox 673 1661 831 1697; x_wconf 84' lang='lat' dir='ltr'>superbiam</span> <span class='ocrx_word' id='word_1_260' title='bbox 853 1664 880 1689; x_wconf 87' lang='lat' dir='ltr'>et</span> <span class='ocrx_word' id='word_1_261' title='bbox 901 1660 1006 1689; x_wconf 85' lang='lat' dir='ltr'>inducit</span> 
     </span>
     <span class='ocr_line' id='line_1_45' title="bbox 159 1706 1005 1744; baseline -0.001 -8"><span class='ocrx_word' id='word_1_262' title='bbox 159 1708 260 1736; x_wconf 88' lang='lat' dir='ltr'>bonum</span> <span class='ocrx_word' id='word_1_263' title='bbox 282 1707 467 1744; x_wconf 87' lang='lat' dir='ltr'>paupertatis;</span> <span class='ocrx_word' id='word_1_264' title='bbox 482 1706 586 1735; x_wconf 89' lang='lat' dir='ltr'>donum</span> <span class='ocrx_word' id='word_1_265' title='bbox 604 1706 722 1743; x_wconf 80' lang='lat' dir='ltr'>pietatis</span> <span class='ocrx_word' id='word_1_266' title='bbox 736 1707 855 1735; x_wconf 85' lang='lat' dir='ltr'>destruit</span> <span class='ocrx_word' id='word_1_267' title='bbox 876 1707 1005 1735; x_wconf 89' lang='lat' dir='ltr'>invidiam</span> 
     </span>
     <span class='ocr_line' id='line_1_46' title="bbox 159 1753 1005 1786; baseline -0.001 -4"><span class='ocrx_word' id='word_1_268' title='bbox 159 1756 186 1782; x_wconf 89' lang='lat' dir='ltr'>et</span> <span class='ocrx_word' id='word_1_269' title='bbox 205 1754 355 1782; x_wconf 80' lang='lat' dir='ltr'>introducit</span> <span class='ocrx_word' id='word_1_270' title='bbox 383 1753 623 1782; x_wconf 86' lang='lat' dir='ltr'>mansuetudinem</span> <span class='ocrx_word' id='word_1_271' title='bbox 646 1753 703 1782; x_wconf 89' lang='lat' dir='ltr'>sive</span> <span class='ocrx_word' id='word_1_272' title='bbox 730 1753 876 1781; x_wconf 83' lang='lat' dir='ltr'>mititatem</span> <span class='ocrx_word' id='word_1_273' title='bbox 904 1753 1005 1786; x_wconf 88' lang='lat' dir='ltr'>animi;</span> 
     </span>
     <span class='ocr_line' id='line_1_47' title="bbox 158 1799 1006 1829; baseline -0.002 0"><span class='ocrx_word' id='word_1_274' title='bbox 158 1800 261 1829; x_wconf 88' lang='lat' dir='ltr'>donum</span> <span class='ocrx_word' id='word_1_275' title='bbox 288 1800 424 1828; x_wconf 83' lang='lat' dir='ltr'>scientiae</span> <span class='ocrx_word' id='word_1_276' title='bbox 454 1799 573 1828; x_wconf 88' lang='lat' dir='ltr'>destruit</span> <span class='ocrx_word' id='word_1_277' title='bbox 599 1799 770 1827; x_wconf 81' lang='lat' dir='ltr'>iracundiam</span> <span class='ocrx_word' id='word_1_278' title='bbox 798 1802 825 1827; x_wconf 89' lang='lat' dir='ltr'>et</span> <span class='ocrx_word' id='word_1_279' title='bbox 856 1799 1006 1827; x_wconf 87' lang='lat' dir='ltr'>introducit</span> 
     </span>
     <span class='ocr_line' id='line_1_48' title="bbox 159 1845 1006 1875; baseline -0.002 0"><span class='ocrx_word' id='word_1_280' title='bbox 159 1847 261 1875; x_wconf 90' lang='lat' dir='ltr'>donum</span> <span class='ocrx_word' id='word_1_281' title='bbox 285 1847 377 1875; x_wconf 90' lang='lat' dir='ltr'>luctus</span> <span class='ocrx_word' id='word_1_282' title='bbox 395 1862 435 1866; x_wconf 90' lang='lat'><strong>—</strong></span> <span class='ocrx_word' id='word_1_283' title='bbox 448 1846 517 1874; x_wconf 88' lang='lat' dir='ltr'>nihil</span> <span class='ocrx_word' id='word_1_284' title='bbox 538 1846 576 1874; x_wconf 86' lang='lat' dir='ltr'>ita</span> <span class='ocrx_word' id='word_1_285' title='bbox 596 1845 765 1874; x_wconf 90' lang='lat' dir='ltr'>contrarium</span> <span class='ocrx_word' id='word_1_286' title='bbox 787 1848 828 1874; x_wconf 87' lang='lat' dir='ltr'>est</span> <span class='ocrx_word' id='word_1_287' title='bbox 850 1845 1006 1874; x_wconf 77' lang='lat' dir='ltr'>iracundiae</span> 
     </span>
     <span class='ocr_line' id='line_1_49' title="bbox 160 1891 1007 1930; baseline -0.002 -8"><span class='ocrx_word' id='word_1_288' title='bbox 160 1901 243 1930; x_wconf 87' lang='lat' dir='ltr'>quam</span> <span class='ocrx_word' id='word_1_289' title='bbox 258 1893 395 1924; x_wconf 87' lang='lat' dir='ltr'>serenatio</span> <span class='ocrx_word' id='word_1_290' title='bbox 409 1892 509 1921; x_wconf 87' lang='lat' dir='ltr'>mentis</span> <span class='ocrx_word' id='word_1_291' title='bbox 522 1909 556 1912; x_wconf 87' lang='lat'>—</span> <span class='ocrx_word' id='word_1_292' title='bbox 572 1892 675 1920; x_wconf 90' lang='lat' dir='ltr'>donum</span> <span class='ocrx_word' id='word_1_293' title='bbox 689 1891 874 1929; x_wconf 81' lang='lat' dir='ltr'>fortitudinis</span> <span class='ocrx_word' id='word_1_294' title='bbox 888 1892 1007 1920; x_wconf 82' lang='lat' dir='ltr'>destruit</span> 
     </span>
     <span class='ocr_line' id='line_1_50' title="bbox 159 1938 1007 1973; baseline -0.001 -5"><span class='ocrx_word' id='word_1_295' title='bbox 159 1940 291 1969; x_wconf 84' lang='lat' dir='ltr'>accidiam</span> <span class='ocrx_word' id='word_1_296' title='bbox 311 1942 338 1969; x_wconf 89' lang='lat' dir='ltr'>et</span> <span class='ocrx_word' id='word_1_297' title='bbox 359 1939 509 1968; x_wconf 85' lang='lat' dir='ltr'>introducit</span> <span class='ocrx_word' id='word_1_298' title='bbox 523 1938 644 1968; x_wconf 85' lang='lat' dir='ltr'>esuriem</span> <span class='ocrx_word' id='word_1_299' title='bbox 665 1938 797 1973; x_wconf 88' lang='lat' dir='ltr'>iustitiae;</span> <span class='ocrx_word' id='word_1_300' title='bbox 815 1938 919 1967; x_wconf 89' lang='lat' dir='ltr'>donum</span> <span class='ocrx_word' id='word_1_301' title='bbox 940 1947 1007 1967; x_wconf 88' lang='lat' dir='ltr'>con-</span> 
     </span>
     <span class='ocr_line' id='line_1_51' title="bbox 159 1985 1006 2019; baseline -0.002 -4"><span class='ocrx_word' id='word_1_302' title='bbox 159 1986 220 2015; x_wconf 82' lang='lat' dir='ltr'>silii</span> <span class='ocrx_word' id='word_1_303' title='bbox 239 1987 358 2015; x_wconf 85' lang='lat' dir='ltr'>destruit</span> <span class='ocrx_word' id='word_1_304' title='bbox 382 1986 526 2015; x_wconf 86' lang='lat' dir='ltr'>avaritiam</span> <span class='ocrx_word' id='word_1_305' title='bbox 548 1989 575 2014; x_wconf 91' lang='lat' dir='ltr'>et</span> <span class='ocrx_word' id='word_1_306' title='bbox 596 1985 746 2014; x_wconf 87' lang='lat' dir='ltr'>introducit</span> <span class='ocrx_word' id='word_1_307' title='bbox 774 1985 1006 2019; x_wconf 86' lang='lat' dir='ltr'>misericordiam;</span> 
     </span>
     <span class='ocr_line' id='line_1_52' title="bbox 159 2032 1008 2069; baseline 0 -8"><span class='ocrx_word' id='word_1_308' title='bbox 159 2033 263 2062; x_wconf 90' lang='lat' dir='ltr'>donum</span> <span class='ocrx_word' id='word_1_309' title='bbox 285 2033 442 2061; x_wconf 83' lang='lat' dir='ltr'>inteliectus</span> <span class='ocrx_word' id='word_1_310' title='bbox 462 2032 580 2061; x_wconf 90' lang='lat' dir='ltr'>destruit</span> <span class='ocrx_word' id='word_1_311' title='bbox 604 2032 778 2069; x_wconf 82' lang='lat' dir='ltr'>gulositatem</span> <span class='ocrx_word' id='word_1_312' title='bbox 799 2035 827 2061; x_wconf 88' lang='lat' dir='ltr'>et</span> <span class='ocrx_word' id='word_1_313' title='bbox 857 2032 1008 2061; x_wconf 87' lang='lat' dir='ltr'>introducit</span> 
     </span>
     <span class='ocr_line' id='line_1_53' title="bbox 160 2078 1007 2114; baseline -0.001 -6"><span class='ocrx_word' id='word_1_314' title='bbox 160 2079 323 2108; x_wconf 88' lang='lat' dir='ltr'>munditiam</span> <span class='ocrx_word' id='word_1_315' title='bbox 349 2079 454 2113; x_wconf 87' lang='lat' dir='ltr'>cordis;</span> <span class='ocrx_word' id='word_1_316' title='bbox 476 2079 580 2107; x_wconf 89' lang='lat' dir='ltr'>donum</span> <span class='ocrx_word' id='word_1_317' title='bbox 600 2078 761 2114; x_wconf 75' lang='lat' dir='ltr'>sapientiae</span> <span class='ocrx_word' id='word_1_318' title='bbox 781 2078 901 2108; x_wconf 86' lang='lat' dir='ltr'>destruit</span> <span class='ocrx_word' id='word_1_319' title='bbox 922 2079 1007 2107; x_wconf 90' lang='lat' dir='ltr'>luxu-</span> 
     </span>
     <span class='ocr_line' id='line_1_54' title="bbox 161 2125 1007 2162; baseline -0.001 -7"><span class='ocrx_word' id='word_1_320' title='bbox 161 2126 231 2155; x_wconf 85' lang='lat' dir='ltr'>riam</span> <span class='ocrx_word' id='word_1_321' title='bbox 252 2129 280 2155; x_wconf 90' lang='lat' dir='ltr'>et</span> <span class='ocrx_word' id='word_1_322' title='bbox 300 2126 451 2155; x_wconf 83' lang='lat' dir='ltr'>introducit</span> <span class='ocrx_word' id='word_1_323' title='bbox 471 2133 575 2162; x_wconf 83' lang='lat' dir='ltr'>pacem.</span> <span class='ocrx_word' id='word_1_324' title='bbox 592 2141 628 2145; x_wconf 93' lang='lat'>—-</span> <span class='ocrx_word' id='word_1_325' title='bbox 643 2125 719 2153; x_wconf 89' lang='lat' dir='ltr'>Unde</span> <span class='ocrx_word' id='word_1_326' title='bbox 738 2133 789 2161; x_wconf 87' lang='lat' dir='ltr'>per</span> <span class='ocrx_word' id='word_1_327' title='bbox 810 2129 914 2162; x_wconf 88' lang='lat' dir='ltr'>septem</span> <span class='ocrx_word' id='word_1_328' title='bbox 935 2125 1007 2154; x_wconf 90' lang='lat' dir='ltr'>dona</span> 
     </span>
     <span class='ocr_line' id='line_1_55' title="bbox 161 2170 1007 2209; baseline -0.001 -9"><span class='ocrx_word' id='word_1_329' title='bbox 161 2172 280 2209; x_wconf 86' lang='lat' dir='ltr'>Spiritus</span> <span class='ocrx_word' id='word_1_330' title='bbox 311 2172 397 2201; x_wconf 82' lang='lat' dir='ltr'>sancti</span> <span class='ocrx_word' id='word_1_331' title='bbox 428 2171 520 2200; x_wconf 89' lang='lat' dir='ltr'>omnia</span> <span class='ocrx_word' id='word_1_332' title='bbox 540 2171 612 2199; x_wconf 89' lang='lat' dir='ltr'>mala</span> <span class='ocrx_word' id='word_1_333' title='bbox 642 2170 837 2205; x_wconf 88' lang='lat' dir='ltr'>destruuntur,</span> <span class='ocrx_word' id='word_1_334' title='bbox 858 2174 885 2200; x_wconf 93' lang='lat' dir='ltr'>et</span> <span class='ocrx_word' id='word_1_335' title='bbox 915 2171 1007 2199; x_wconf 85' lang='lat' dir='ltr'>omnia</span> 
     </span>
     <span class='ocr_line' id='line_1_56' title="bbox 160 2217 477 2246; baseline 0.003 -2"><span class='ocrx_word' id='word_1_336' title='bbox 160 2217 231 2245; x_wconf 88' lang='lat' dir='ltr'>bona</span> <span class='ocrx_word' id='word_1_337' title='bbox 252 2218 477 2246; x_wconf 89' lang='lat' dir='ltr'>introducuntur.</span> 
     </span>
    </p>

    <p class='ocr_par' dir='ltr' id='par_1_11' title="bbox 160 2262 1007 2581">
     <span class='ocr_line' id='line_1_57' title="bbox 238 2262 1006 2301; baseline 0.001 -10"><span class='ocrx_word' id='word_1_338' title='bbox 238 2264 265 2291; x_wconf 78' lang='grc' dir='ltr'>Ιι.</span> <span class='ocrx_word' id='word_1_339' title='bbox 288 2263 340 2292; x_wconf 88' lang='lat' dir='ltr'>Ista</span> <span class='ocrx_word' id='word_1_340' title='bbox 369 2266 474 2300; x_wconf 89' lang='lat' dir='ltr'>septem</span> <span class='ocrx_word' id='word_1_341' title='bbox 501 2262 573 2291; x_wconf 83' lang='lat' dir='ltr'>dona</span> <span class='ocrx_word' id='word_1_342' title='bbox 600 2263 719 2299; x_wconf 79' lang='lat' dir='ltr'>Spiritus</span> <span class='ocrx_word' id='word_1_343' title='bbox 739 2263 824 2292; x_wconf 87' lang='lat' dir='ltr'>sancti</span> <span class='ocrx_word' id='word_1_344' title='bbox 853 2266 1006 2301; x_wconf 86' lang='lat' dir='ltr'>tanguntur</span> 
     </span>
     <span class='ocr_line' id='line_1_58' title="bbox 160 2309 1006 2342; baseline 0 -3"><span class='ocrx_word' id='word_1_345' title='bbox 160 2310 188 2338; x_wconf 90' lang='lat' dir='ltr'>in</span> <span class='ocrx_word' id='word_1_346' title='bbox 209 2310 333 2339; x_wconf 88' lang='lat' dir='ltr'>oratione</span> <span class='ocrx_word' id='word_1_347' title='bbox 353 2310 497 2339; x_wconf 88' lang='lat' dir='ltr'>dominica.</span> <span class='ocrx_word' id='word_1_348' title='bbox 521 2310 573 2338; x_wconf 84' lang='lat' dir='ltr'>Ista</span> <span class='ocrx_word' id='word_1_349' title='bbox 592 2309 663 2338; x_wconf 89' lang='lat' dir='ltr'>dona</span> <span class='ocrx_word' id='word_1_350' title='bbox 683 2318 737 2338; x_wconf 93' lang='lat' dir='ltr'>non</span> <span class='ocrx_word' id='word_1_351' title='bbox 758 2310 896 2342; x_wconf 85' lang='lat' dir='ltr'>habentur</span> <span class='ocrx_word' id='word_1_352' title='bbox 917 2310 968 2340; x_wconf 90' lang='lat' dir='ltr'>nisi</span> <span class='ocrx_word' id='word_1_353' title='bbox 990 2319 1006 2339; x_wconf 89' lang='lat' dir='ltr'>a</span> 
     </span>
     <span class='ocr_line' id='line_1_59' title="bbox 161 2356 1007 2395; baseline 0 -9"><span class='ocrx_word' id='word_1_354' title='bbox 161 2357 240 2387; x_wconf 86' lang='lat' dir='ltr'>Patre</span> <span class='ocrx_word' id='word_1_355' title='bbox 255 2357 408 2391; x_wconf 86' lang='lat' dir='ltr'>luminum;</span> <span class='ocrx_word' id='word_1_356' title='bbox 423 2357 484 2386; x_wconf 86' lang='lat' dir='ltr'>ideo</span> <span class='ocrx_word' id='word_1_357' title='bbox 498 2356 626 2385; x_wconf 85' lang='lat' dir='ltr'>Christus</span> <span class='ocrx_word' id='word_1_358' title='bbox 640 2356 734 2385; x_wconf 89' lang='lat' dir='ltr'>volens</span> <span class='ocrx_word' id='word_1_359' title='bbox 748 2365 798 2386; x_wconf 92' lang='lat' dir='ltr'>nos</span> <span class='ocrx_word' id='word_1_360' title='bbox 811 2357 922 2392; x_wconf 89' lang='lat' dir='ltr'>docere,</span> <span class='ocrx_word' id='word_1_361' title='bbox 937 2365 1007 2395; x_wconf 85' lang='lat' dir='ltr'>quo-</span> 
     </span>
     <span class='ocr_line' id='line_1_60' title="bbox 160 2403 1006 2441; baseline -0.001 -7"><span class='ocrx_word' id='word_1_362' title='bbox 160 2405 242 2434; x_wconf 89' lang='lat' dir='ltr'>modo</span> <span class='ocrx_word' id='word_1_363' title='bbox 262 2412 412 2441; x_wconf 87' lang='lat' dir='ltr'>possumus</span> <span class='ocrx_word' id='word_1_364' title='bbox 432 2412 464 2432; x_wconf 90' lang='lat' dir='ltr'>ea</span> <span class='ocrx_word' id='word_1_365' title='bbox 478 2403 616 2437; x_wconf 88' lang='lat' dir='ltr'>obtinere,</span> <span class='ocrx_word' id='word_1_366' title='bbox 637 2403 716 2432; x_wconf 89' lang='lat' dir='ltr'>docet</span> <span class='ocrx_word' id='word_1_367' title='bbox 729 2412 779 2433; x_wconf 91' lang='lat' dir='ltr'>nos</span> <span class='ocrx_word' id='word_1_368' title='bbox 799 2404 851 2433; x_wconf 85' lang='lat' dir='ltr'>ista</span> <span class='ocrx_word' id='word_1_369' title='bbox 870 2408 964 2441; x_wconf 86' lang='lat' dir='ltr'>petere</span> <span class='ocrx_word' id='word_1_370' title='bbox 978 2405 1006 2433; x_wconf 89' lang='lat' dir='ltr'>in</span> 
     </span>
     <span class='ocr_line' id='line_1_61' title="bbox 160 2449 1007 2487; baseline 0.001 -8"><span class='ocrx_word' id='word_1_371' title='bbox 160 2450 284 2479; x_wconf 89' lang='lat' dir='ltr'>oratione</span> <span class='ocrx_word' id='word_1_372' title='bbox 304 2450 441 2478; x_wconf 85' lang='lat' dir='ltr'>dominica</span> <span class='ocrx_word' id='word_1_373' title='bbox 453 2450 472 2477; x_wconf 64' lang='grc' dir='ltr'>Β.</span> <span class='ocrx_word' id='word_1_374' title='bbox 496 2450 523 2478; x_wconf 90' lang='lat' dir='ltr'>ln</span> <span class='ocrx_word' id='word_1_375' title='bbox 552 2449 641 2486; x_wconf 87' lang='lat' dir='ltr'>prima</span> <span class='ocrx_word' id='word_1_376' title='bbox 661 2453 739 2487; x_wconf 85' lang='lat' dir='ltr'>parte</span> <span class='ocrx_word' id='word_1_377' title='bbox 770 2450 873 2487; x_wconf 91' lang='lat' dir='ltr'>petitur</span> <span class='ocrx_word' id='word_1_378' title='bbox 903 2451 1007 2480; x_wconf 89' lang='lat' dir='ltr'>donum</span> 
     </span>
     <span class='ocr_line' id='line_1_62' title="bbox 162 2496 1007 2535; baseline 0.001 -11"><span class='ocrx_word' id='word_1_379' title='bbox 162 2497 292 2530; x_wconf 71' lang='lat' dir='ltr'>timoris,</span> <span class='ocrx_word' id='word_1_380' title='bbox 313 2504 377 2525; x_wconf 91' lang='lat' dir='ltr'>cum</span> <span class='ocrx_word' id='word_1_381' title='bbox 397 2496 478 2524; x_wconf 90' lang='lat' dir='ltr'>dicit:</span> <span class='ocrx_word' id='word_1_382' title='bbox 500 2496 718 2530; x_wconf 63' lang='lat' dir='ltr'>Patefnoster,</span> <span class='ocrx_word' id='word_1_383' title='bbox 739 2497 791 2535; x_wconf 83' lang='lat' dir='ltr'>qui</span> <span class='ocrx_word' id='word_1_384' title='bbox 810 2506 839 2525; x_wconf 89' lang='lat' dir='ltr'>es</span> <span class='ocrx_word' id='word_1_385' title='bbox 860 2497 891 2525; x_wconf 91' lang='lat' dir='ltr'>in</span> <span class='ocrx_word' id='word_1_386' title='bbox 905 2497 1007 2531; x_wconf 84' lang='lat' dir='ltr'>caelis;</span> 
     </span>
     <span class='ocr_line' id='line_1_63' title="bbox 161 2542 1006 2581; baseline 0.004 -12"><span class='ocrx_word' id='word_1_387' title='bbox 161 2543 359 2580; x_wconf 71' lang='lat' dir='ltr'>sanctificetur</span> <span class='ocrx_word' id='word_1_388' title='bbox 379 2551 481 2571; x_wconf 70' lang='lat' dir='ltr'>nomen</span> <span class='ocrx_word' id='word_1_389' title='bbox 503 2545 594 2570; x_wconf 82' lang='lat' dir='ltr'>tuum.</span> <span class='ocrx_word' id='word_1_390' title='bbox 618 2542 742 2571; x_wconf 75' lang='lat' dir='ltr'>secundo</span> <span class='ocrx_word' id='word_1_391' title='bbox 770 2543 873 2580; x_wconf 91' lang='lat' dir='ltr'>petitur</span> <span class='ocrx_word' id='word_1_392' title='bbox 896 2544 1006 2581; x_wconf 83' lang='lat' dir='ltr'>pietas,</span> 
     </span>
    </p>
   </div>
   <div class='ocr_carea' id='block_1_10' title="bbox 162 2729 1008 2992">
    <p class='ocr_par' dir='ltr' id='par_1_12' title="bbox 162 2729 1007 2836">
     <span class='ocr_line' id='line_1_64' title="bbox 226 2729 1006 2762; baseline 0.005 -10"><span class='ocrx_word' id='word_1_393' title='bbox 226 2730 233 2742; x_wconf 86' lang='lat'><strong>¹</strong></span> <span class='ocrx_word' id='word_1_394' title='bbox 251 2731 328 2752; x_wconf 81' lang='lat' dir='ltr'>Matih.</span> <span class='ocrx_word' id='word_1_395' title='bbox 344 2731 370 2758; x_wconf 84' lang='lat'>5,</span> <span class='ocrx_word' id='word_1_396' title='bbox 384 2731 405 2753; x_wconf 86' lang='lat'>3.</span> <span class='ocrx_word' id='word_1_397' title='bbox 422 2737 488 2759; x_wconf 79' lang='lat' dir='ltr'>seqq.</span> <span class='ocrx_word' id='word_1_398' title='bbox 504 2743 534 2747; x_wconf 92' lang='lat'><strong>—</strong></span> <span class='ocrx_word' id='word_1_399' title='bbox 551 2729 597 2753; x_wconf 82' lang='lat' dir='ltr'>Ctr.</span> <span class='ocrx_word' id='word_1_400' title='bbox 613 2731 646 2752; x_wconf 84' lang='grc' dir='ltr'>ΙΙΙ.</span> <span class='ocrx_word' id='word_1_401' title='bbox 663 2731 725 2753; x_wconf 86' lang='lat' dir='ltr'>Sent.</span> <span class='ocrx_word' id='word_1_402' title='bbox 737 2731 760 2754; x_wconf 85' lang='lat' dir='ltr'>d.</span> <span class='ocrx_word' id='word_1_403' title='bbox 772 2732 809 2754; x_wconf 89' lang='lat'>36.</span> <span class='ocrx_word' id='word_1_404' title='bbox 822 2739 845 2761; x_wconf 87' lang='lat' dir='ltr'>q.</span> <span class='ocrx_word' id='word_1_405' title='bbox 858 2733 879 2755; x_wconf 77' lang='lat' dir='ltr'>l.</span> <span class='ocrx_word' id='word_1_406' title='bbox 891 2733 1006 2762; x_wconf 78' lang='lat' dir='ltr'>scholion,</span> 
     </span>
     <span class='ocr_line' id='line_1_65' title="bbox 162 2769 1007 2801; baseline 0.004 -9"><span class='ocrx_word' id='word_1_407' title='bbox 162 2770 186 2792; x_wconf 93' lang='lat' dir='ltr'>in</span> <span class='ocrx_word' id='word_1_408' title='bbox 202 2775 249 2798; x_wconf 88' lang='lat' dir='ltr'>quo</span> <span class='ocrx_word' id='word_1_409' title='bbox 265 2769 323 2790; x_wconf 85' lang='lat' dir='ltr'>ratio</span> <span class='ocrx_word' id='word_1_410' title='bbox 339 2770 433 2791; x_wconf 78' lang='lat' dir='ltr'>affertur</span> <span class='ocrx_word' id='word_1_411' title='bbox 449 2776 491 2797; x_wconf 92' lang='lat' dir='ltr'>pro</span> <span class='ocrx_word' id='word_1_412' title='bbox 503 2775 542 2797; x_wconf 81' lang='lat' dir='ltr'>eo,</span> <span class='ocrx_word' id='word_1_413' title='bbox 554 2769 617 2798; x_wconf 87' lang='lat' dir='ltr'>quod</span> <span class='ocrx_word' id='word_1_414' title='bbox 629 2775 674 2791; x_wconf 91' lang='lat' dir='ltr'>non</span> <span class='ocrx_word' id='word_1_415' title='bbox 686 2771 750 2798; x_wconf 86' lang='lat' dir='ltr'>octo,</span> <span class='ocrx_word' id='word_1_416' title='bbox 764 2771 804 2793; x_wconf 88' lang='lat' dir='ltr'>sed</span> <span class='ocrx_word' id='word_1_417' title='bbox 816 2773 904 2794; x_wconf 87' lang='lat' dir='ltr'>tantum</span> <span class='ocrx_word' id='word_1_418' title='bbox 919 2773 1007 2801; x_wconf 70' lang='lat' dir='ltr'>septem</span> 
     </span>
     <span class='ocr_line' id='line_1_66' title="bbox 162 2807 705 2836; baseline 0 -6"><span class='ocrx_word' id='word_1_419' title='bbox 162 2807 315 2831; x_wconf 82' lang='lat' dir='ltr'>beatitudines</span> <span class='ocrx_word' id='word_1_420' title='bbox 331 2813 343 2829; x_wconf 84' lang='lat' dir='ltr'>a</span> <span class='ocrx_word' id='word_1_421' title='bbox 362 2808 426 2830; x_wconf 86' lang='lat' dir='ltr'>Doct.</span> <span class='ocrx_word' id='word_1_422' title='bbox 442 2809 534 2836; x_wconf 83' lang='lat' dir='ltr'>seraph.</span> <span class='ocrx_word' id='word_1_423' title='bbox 550 2810 705 2830; x_wconf 82' lang='lat' dir='ltr'>recensentur.</span> 
     </span>
    </p>

    <p class='ocr_par' dir='ltr' id='par_1_13' title="bbox 225 2845 710 2874">
     <span class='ocr_line' id='line_1_67' title="bbox 225 2845 710 2874; baseline 0 -6"><span class='ocrx_word' id='word_1_424' title='bbox 225 2845 234 2859; x_wconf 77' lang='lat'>²</span> <span class='ocrx_word' id='word_1_425' title='bbox 252 2847 328 2868; x_wconf 83' lang='lat' dir='ltr'>Matth.</span> <span class='ocrx_word' id='word_1_426' title='bbox 345 2846 371 2874; x_wconf 85' lang='lat'>6,</span> <span class='ocrx_word' id='word_1_427' title='bbox 388 2846 453 2868; x_wconf 76' lang='grc'>9-13.</span> <span class='ocrx_word' id='word_1_428' title='bbox 470 2846 515 2869; x_wconf 80' lang='lat' dir='ltr'>Crr.</span> <span class='ocrx_word' id='word_1_429' title='bbox 532 2847 587 2869; x_wconf 80' lang='lat' dir='ltr'>Luc.</span> <span class='ocrx_word' id='word_1_430' title='bbox 604 2846 645 2874; x_wconf 77' lang='lat' dir='ltr'>tt,</span> <span class='ocrx_word' id='word_1_431' title='bbox 663 2846 710 2869; x_wconf 72' lang='lat'>2-4.</span> 
     </span>
    </p>

    <p class='ocr_par' dir='ltr' id='par_1_14' title="bbox 225 2884 465 2912">
     <span class='ocr_line' id='line_1_68' title="bbox 225 2884 465 2912; baseline 0 -5"><span class='ocrx_word' id='word_1_432' title='bbox 225 2884 235 2898; x_wconf 80' lang='lat'>⁸</span> <span class='ocrx_word' id='word_1_433' title='bbox 252 2885 334 2908; x_wconf 79' lang='lat' dir='ltr'>Psalm.</span> <span class='ocrx_word' id='word_1_434' title='bbox 352 2885 409 2912; x_wconf 73' lang='lat'>403,</span> <span class='ocrx_word' id='word_1_435' title='bbox 427 2885 465 2907; x_wconf 75' lang='lat'>45.</span> 
     </span>
    </p>

    <p class='ocr_par' dir='ltr' id='par_1_15' title="bbox 163 2923 1008 2992">
     <span class='ocr_line' id='line_1_69' title="bbox 225 2923 1008 2955; baseline 0.004 -8"><span class='ocrx_word' id='word_1_436' title='bbox 225 2923 235 2937; x_wconf 85' lang='lat'><strong>⁴</strong></span> <span class='ocrx_word' id='word_1_437' title='bbox 251 2924 306 2952; x_wconf 90' lang='lat' dir='ltr'>Cap.</span> <span class='ocrx_word' id='word_1_438' title='bbox 324 2924 350 2952; x_wconf 82' lang='lat'>8,</span> <span class='ocrx_word' id='word_1_439' title='bbox 363 2924 391 2946; x_wconf 68' lang='lat'>⁴3</span> <span class='ocrx_word' id='word_1_440' title='bbox 401 2932 405 2946; x_wconf 93' lang='lat'>:</span> <span class='ocrx_word' id='word_1_441' title='bbox 417 2924 542 2946; x_wconf 89' lang='lat' dir='ltr'>Dominum</span> <span class='ocrx_word' id='word_1_442' title='bbox 550 2925 691 2947; x_wconf 84' lang='lat' dir='ltr'>exercituum</span> <span class='ocrx_word' id='word_1_443' title='bbox 703 2925 779 2953; x_wconf 88' lang='lat' dir='ltr'>ipsum</span> <span class='ocrx_word' id='word_1_444' title='bbox 794 2927 945 2954; x_wconf 79' lang='lat' dir='ltr'>sanctificate3</span> <span class='ocrx_word' id='word_1_445' title='bbox 958 2927 1008 2955; x_wconf 85' lang='lat' dir='ltr'>ipse</span> 
     </span>
     <span class='ocr_line' id='line_1_70' title="bbox 163 2962 627 2992; baseline 0 -7"><span class='ocrx_word' id='word_1_446' title='bbox 163 2970 237 2992; x_wconf 82' lang='lat' dir='ltr'>pavor</span> <span class='ocrx_word' id='word_1_447' title='bbox 254 2966 330 2985; x_wconf 77' lang='lat' dir='ltr'>vester</span> <span class='ocrx_word' id='word_1_448' title='bbox 347 2965 369 2985; x_wconf 87' lang='lat' dir='ltr'>et</span> <span class='ocrx_word' id='word_1_449' title='bbox 385 2962 435 2990; x_wconf 82' lang='lat' dir='ltr'>ipse</span> <span class='ocrx_word' id='word_1_450' title='bbox 452 2965 525 2985; x_wconf 87' lang='lat' dir='ltr'>terror</span> <span class='ocrx_word' id='word_1_451' title='bbox 542 2965 627 2985; x_wconf 73' lang='lat' dir='ltr'>vester.</span> 
     </span>
    </p>
   </div>
   <div class='ocr_carea' id='block_1_11' title="bbox 1035 275 1039 2479">
    <p class='ocr_par' dir='ltr' id='par_1_16' title="bbox 1035 275 1039 2479">
     <span class='ocr_line' id='line_1_71' title="bbox 1035 275 1039 2479; baseline 0 0"><span class='ocrx_word' id='word_1_452' title='bbox 1035 275 1039 2479; x_wconf 95' lang='lat' dir='ltr'> </span> 
     </span>
    </p>
   </div>
   <div class='ocr_carea' id='block_1_12' title="bbox 1034 2901 1037 2993">
    <p class='ocr_par' dir='ltr' id='par_1_17' title="bbox 1034 2901 1037 2993">
     <span class='ocr_line' id='line_1_72' title="bbox 1034 2901 1037 2993; baseline 0 405"><span class='ocrx_word' id='word_1_453' title='bbox 1034 2901 1037 2993; x_wconf 95' lang='lat' dir='ltr'> </span> 
     </span>
    </p>
   </div>
   <div class='ocr_carea' id='block_1_13' title="bbox 1849 189 1905 218">
    <p class='ocr_par' dir='ltr' id='par_1_18' title="bbox 1849 189 1905 218">
     <span class='ocr_line' id='line_1_73' title="bbox 1849 189 1905 218; baseline 0.018 -1"><span class='ocrx_word' id='word_1_454' title='bbox 1849 189 1905 218; x_wconf 68' lang='lat'>[⁴63</span> 
     </span>
    </p>
   </div>
   <div class='ocr_carea' id='block_1_14' title="bbox 1062 266 1910 758">
    <p class='ocr_par' dir='ltr' id='par_1_19' title="bbox 1062 266 1910 758">
     <span class='ocr_line' id='line_1_74' title="bbox 1063 266 1906 305; baseline 0.001 -11"><span class='ocrx_word' id='word_1_455' title='bbox 1063 274 1127 294; x_wconf 90' lang='lat' dir='ltr'>cum</span> <span class='ocrx_word' id='word_1_456' title='bbox 1149 266 1229 294; x_wconf 90' lang='lat' dir='ltr'>dicit:</span> <span class='ocrx_word' id='word_1_457' title='bbox 1253 268 1396 296; x_wconf 76' lang='lat' dir='ltr'>Adveniet</span> <span class='ocrx_word' id='word_1_458' title='bbox 1416 276 1539 305; x_wconf 74' lang='lat' dir='ltr'>reqnum</span> <span class='ocrx_word' id='word_1_459' title='bbox 1564 271 1655 296; x_wconf 83' lang='lat' dir='ltr'>tuum.</span> <span class='ocrx_word' id='word_1_460' title='bbox 1684 268 1776 297; x_wconf 84' lang='lat' dir='ltr'>Tertio</span> <span class='ocrx_word' id='word_1_461' title='bbox 1803 267 1906 304; x_wconf 86' lang='lat' dir='ltr'>petitur</span> 
     </span>
     <span class='ocr_line' id='line_1_75' title="bbox 1062 311 1906 347; baseline 0.001 -7"><span class='ocrx_word' id='word_1_462' title='bbox 1062 311 1166 340; x_wconf 90' lang='lat' dir='ltr'>donum</span> <span class='ocrx_word' id='word_1_463' title='bbox 1188 313 1339 347; x_wconf 70' lang='lat' dir='ltr'>scientiae,</span> <span class='ocrx_word' id='word_1_464' title='bbox 1360 322 1423 343; x_wconf 92' lang='lat' dir='ltr'>cum</span> <span class='ocrx_word' id='word_1_465' title='bbox 1438 314 1517 342; x_wconf 86' lang='lat' dir='ltr'>dicit:</span> <span class='ocrx_word' id='word_1_466' title='bbox 1535 314 1602 342; x_wconf 83' lang='lat' dir='ltr'>Fiat</span> <span class='ocrx_word' id='word_1_467' title='bbox 1616 314 1750 342; x_wconf 78' lang='lat' dir='ltr'>voluntas</span> <span class='ocrx_word' id='word_1_468' title='bbox 1765 316 1816 341; x_wconf 85' lang='lat' dir='ltr'>tua</span> <span class='ocrx_word' id='word_1_469' title='bbox 1830 313 1906 341; x_wconf 80' lang='lat' dir='ltr'>sicut</span> 
     </span>
     <span class='ocr_line' id='line_1_76' title="bbox 1063 358 1907 397; baseline 0.001 -11"><span class='ocrx_word' id='word_1_470' title='bbox 1063 358 1095 386; x_wconf 86' lang='lat' dir='ltr'>in</span> <span class='ocrx_word' id='word_1_471' title='bbox 1115 359 1193 387; x_wconf 81' lang='lat' dir='ltr'>caeto</span> <span class='ocrx_word' id='word_1_472' title='bbox 1214 363 1238 388; x_wconf 83' lang='lat' dir='ltr'>et</span> <span class='ocrx_word' id='word_1_473' title='bbox 1259 360 1291 388; x_wconf 85' lang='lat' dir='ltr'>in</span> <span class='ocrx_word' id='word_1_474' title='bbox 1311 364 1400 388; x_wconf 86' lang='lat' dir='ltr'>terra.</span> <span class='ocrx_word' id='word_1_475' title='bbox 1422 360 1526 396; x_wconf 86' lang='lat' dir='ltr'>Quarto</span> <span class='ocrx_word' id='word_1_476' title='bbox 1548 361 1650 397; x_wconf 84' lang='lat' dir='ltr'>petitur</span> <span class='ocrx_word' id='word_1_477' title='bbox 1665 360 1767 389; x_wconf 86' lang='lat' dir='ltr'>donum</span> <span class='ocrx_word' id='word_1_478' title='bbox 1789 359 1907 397; x_wconf 79' lang='lat' dir='ltr'>fortitu-</span> 
     </span>
     <span class='ocr_line' id='line_1_77' title="bbox 1063 405 1907 444; baseline 0 -11"><span class='ocrx_word' id='word_1_479' title='bbox 1063 405 1158 439; x_wconf 68' lang='lat' dir='ltr'>dinis,</span> <span class='ocrx_word' id='word_1_480' title='bbox 1180 414 1243 434; x_wconf 87' lang='lat' dir='ltr'>cum</span> <span class='ocrx_word' id='word_1_481' title='bbox 1265 406 1346 434; x_wconf 89' lang='lat' dir='ltr'>dicit:</span> <span class='ocrx_word' id='word_1_482' title='bbox 1369 407 1481 435; x_wconf 81' lang='lat' dir='ltr'>Panem</span> <span class='ocrx_word' id='word_1_483' title='bbox 1501 411 1634 435; x_wconf 79' lang='lat' dir='ltr'>nostrum</span> <span class='ocrx_word' id='word_1_484' title='bbox 1649 406 1853 444; x_wconf 64' lang='lat' dir='ltr'>quotidianum</span> <span class='ocrx_word' id='word_1_485' title='bbox 1868 405 1907 433; x_wconf 89' lang='lat' dir='ltr'>da</span> 
     </span>
     <span class='ocr_line' id='line_1_78' title="bbox 1063 451 1908 489; baseline 0.001 -9"><span class='ocrx_word' id='word_1_486' title='bbox 1063 451 1145 480; x_wconf 85' lang='lat' dir='ltr'>nobis</span> <span class='ocrx_word' id='word_1_487' title='bbox 1166 451 1255 481; x_wconf 74' lang='lat' dir='ltr'>hodie.</span> <span class='ocrx_word' id='word_1_488' title='bbox 1278 453 1373 481; x_wconf 87' lang='lat' dir='ltr'>Panis</span> <span class='ocrx_word' id='word_1_489' title='bbox 1394 462 1443 481; x_wconf 82' lang='lat' dir='ltr'>cor</span> <span class='ocrx_word' id='word_1_490' title='bbox 1464 452 1590 481; x_wconf 79' lang='lat' dir='ltr'>hominis</span> <span class='ocrx_word' id='word_1_491' title='bbox 1605 452 1789 489; x_wconf 73' lang='lat' dir='ltr'>eonfirmat⁸.</span> <span class='ocrx_word' id='word_1_492' title='bbox 1807 451 1908 488; x_wconf 80' lang='lat' dir='ltr'>Quinto</span> 
     </span>
     <span class='ocr_line' id='line_1_79' title="bbox 1063 497 1908 534; baseline 0.001 -8"><span class='ocrx_word' id='word_1_493' title='bbox 1063 498 1167 534; x_wconf 86' lang='lat' dir='ltr'>petitur</span> <span class='ocrx_word' id='word_1_494' title='bbox 1188 498 1291 527; x_wconf 90' lang='lat' dir='ltr'>donum</span> <span class='ocrx_word' id='word_1_495' title='bbox 1312 499 1442 533; x_wconf 85' lang='lat' dir='ltr'>consilii,</span> <span class='ocrx_word' id='word_1_496' title='bbox 1465 507 1528 527; x_wconf 88' lang='lat' dir='ltr'>cum</span> <span class='ocrx_word' id='word_1_497' title='bbox 1551 499 1630 527; x_wconf 87' lang='lat' dir='ltr'>dicit:</span> <span class='ocrx_word' id='word_1_498' title='bbox 1655 500 1688 527; x_wconf 85' lang='lat' dir='ltr'>Et</span> <span class='ocrx_word' id='word_1_499' title='bbox 1702 499 1812 527; x_wconf 83' lang='lat' dir='ltr'>dimitte</span> <span class='ocrx_word' id='word_1_500' title='bbox 1825 497 1908 526; x_wconf 71' lang='lat' dir='ltr'>nobis</span> 
     </span>
     <span class='ocr_line' id='line_1_80' title="bbox 1063 543 1909 579; baseline 0.001 -7"><span class='ocrx_word' id='word_1_501' title='bbox 1063 543 1158 572; x_wconf 84' lang='lat' dir='ltr'>debita</span> <span class='ocrx_word' id='word_1_502' title='bbox 1178 548 1298 579; x_wconf 87' lang='lat' dir='ltr'>nostra,</span> <span class='ocrx_word' id='word_1_503' title='bbox 1319 545 1396 573; x_wconf 81' lang='lat' dir='ltr'>sicut</span> <span class='ocrx_word' id='word_1_504' title='bbox 1416 549 1441 573; x_wconf 86' lang='lat' dir='ltr'>et</span> <span class='ocrx_word' id='word_1_505' title='bbox 1461 554 1514 573; x_wconf 81' lang='lat' dir='ltr'>nos</span> <span class='ocrx_word' id='word_1_506' title='bbox 1535 545 1708 573; x_wconf 80' lang='lat' dir='ltr'>dimittimus</span> <span class='ocrx_word' id='word_1_507' title='bbox 1733 544 1909 573; x_wconf 81' lang='lat' dir='ltr'>debitoribus</span> 
     </span>
     <span class='ocr_line' id='line_1_81' title="bbox 1063 590 1907 628; baseline 0 -10"><span class='ocrx_word' id='word_1_508' title='bbox 1063 591 1179 619; x_wconf 79' lang='lat' dir='ltr'>nostris.</span> <span class='ocrx_word' id='word_1_509' title='bbox 1203 592 1286 619; x_wconf 88' lang='lat' dir='ltr'>Sexto</span> <span class='ocrx_word' id='word_1_510' title='bbox 1307 591 1411 628; x_wconf 88' lang='lat' dir='ltr'>petitur</span> <span class='ocrx_word' id='word_1_511' title='bbox 1432 591 1535 619; x_wconf 90' lang='lat' dir='ltr'>donum</span> <span class='ocrx_word' id='word_1_512' title='bbox 1552 591 1721 625; x_wconf 83' lang='lat' dir='ltr'>intellectus,</span> <span class='ocrx_word' id='word_1_513' title='bbox 1744 599 1807 620; x_wconf 91' lang='lat' dir='ltr'>cum</span> <span class='ocrx_word' id='word_1_514' title='bbox 1828 590 1907 619; x_wconf 90' lang='lat' dir='ltr'>dicit:</span> 
     </span>
     <span class='ocr_line' id='line_1_82' title="bbox 1065 637 1909 674; baseline 0 -9"><span class='ocrx_word' id='word_1_515' title='bbox 1065 638 1100 665; x_wconf 87' lang='lat' dir='ltr'>Et</span> <span class='ocrx_word' id='word_1_516' title='bbox 1119 646 1154 665; x_wconf 87' lang='lat' dir='ltr'>ne</span> <span class='ocrx_word' id='word_1_517' title='bbox 1173 646 1226 665; x_wconf 86' lang='lat' dir='ltr'>nos</span> <span class='ocrx_word' id='word_1_518' title='bbox 1247 638 1373 666; x_wconf 86' lang='lat' dir='ltr'>inducas</span> <span class='ocrx_word' id='word_1_519' title='bbox 1394 638 1426 666; x_wconf 89' lang='lat' dir='ltr'>in</span> <span class='ocrx_word' id='word_1_520' title='bbox 1447 637 1637 665; x_wconf 81' lang='lat' dir='ltr'>tentationem.</span> <span class='ocrx_word' id='word_1_521' title='bbox 1661 638 1781 674; x_wconf 79' lang='lat' dir='ltr'>Septimo</span> <span class='ocrx_word' id='word_1_522' title='bbox 1806 637 1909 674; x_wconf 82' lang='lat' dir='ltr'>petitur</span> 
     </span>
     <span class='ocr_line' id='line_1_83' title="bbox 1063 683 1910 721; baseline 0 -9"><span class='ocrx_word' id='word_1_523' title='bbox 1063 683 1166 712; x_wconf 92' lang='lat' dir='ltr'>donum</span> <span class='ocrx_word' id='word_1_524' title='bbox 1186 683 1363 721; x_wconf 77' lang='lat' dir='ltr'>sapientiae,</span> <span class='ocrx_word' id='word_1_525' title='bbox 1396 692 1459 712; x_wconf 90' lang='lat' dir='ltr'>cum</span> <span class='ocrx_word' id='word_1_526' title='bbox 1491 684 1571 712; x_wconf 86' lang='lat' dir='ltr'>dicit:</span> <span class='ocrx_word' id='word_1_527' title='bbox 1604 684 1659 712; x_wconf 81' lang='lat' dir='ltr'>Sed</span> <span class='ocrx_word' id='word_1_528' title='bbox 1690 684 1781 712; x_wconf 81' lang='lat' dir='ltr'>libera</span> <span class='ocrx_word' id='word_1_529' title='bbox 1810 692 1863 712; x_wconf 87' lang='lat' dir='ltr'>nos</span> <span class='ocrx_word' id='word_1_530' title='bbox 1891 692 1910 712; x_wconf 88' lang='lat' dir='ltr'>a</span> 
     </span>
     <span class='ocr_line' id='line_1_84' title="bbox 1063 730 1273 758; baseline 0 0"><span class='ocrx_word' id='word_1_531' title='bbox 1063 730 1149 758; x_wconf 83' lang='lat' dir='ltr'>malo.</span> <span class='ocrx_word' id='word_1_532' title='bbox 1173 732 1273 758; x_wconf 82' lang='lat' dir='ltr'>Amen.</span> 
     </span>
    </p>
   </div>
   <div class='ocr_carea' id='block_1_15' title="bbox 1144 777 2056 825">
    <p class='ocr_par' dir='ltr' id='par_1_20' title="bbox 1144 777 2056 825">
     <span class='ocr_line' id='line_1_85' title="bbox 1144 777 2056 825; baseline -0.001 -20"><span class='ocrx_word' id='word_1_533' title='bbox 1144 778 1168 805; x_wconf 75' lang='lat'>5.</span> <span class='ocrx_word' id='word_1_534' title='bbox 1192 777 1219 805; x_wconf 94' lang='lat' dir='ltr'>ln</span> <span class='ocrx_word' id='word_1_535' title='bbox 1241 777 1331 814; x_wconf 90' lang='lat' dir='ltr'>prima</span> <span class='ocrx_word' id='word_1_536' title='bbox 1352 777 1455 814; x_wconf 90' lang='lat' dir='ltr'>petitur</span> <span class='ocrx_word' id='word_1_537' title='bbox 1476 777 1655 805; x_wconf 81' lang='lat' dir='ltr'>sanctificatio</span> <span class='ocrx_word' id='word_1_538' title='bbox 1676 780 1785 811; x_wconf 87' lang='lat' dir='ltr'>nostra,</span> <span class='ocrx_word' id='word_1_539' title='bbox 1811 779 1838 805; x_wconf 91' lang='lat' dir='ltr'>et</span> <span class='ocrx_word' id='word_1_540' title='bbox 1859 777 1910 805; x_wconf 91' lang='lat' dir='ltr'>hoc</span> <span class='ocrx_word' id='word_1_541' title='bbox 1923 782 2056 825; x_wconf 52' lang='lat' dir='ltr'>efssssffii&#39;r&#39;rffl&#39;-</span> 
     </span>
    </p>
   </div>
   <div class='ocr_carea' id='block_1_16' title="bbox 1064 823 1961 862">
    <p class='ocr_par' dir='ltr' id='par_1_21' title="bbox 1064 823 1961 862">
     <span class='ocr_line' id='line_1_86' title="bbox 1064 823 1961 862; baseline 0 -10"><span class='ocrx_word' id='word_1_542' title='bbox 1064 832 1114 860; x_wconf 89' lang='lat' dir='ltr'>per</span> <span class='ocrx_word' id='word_1_543' title='bbox 1134 823 1237 852; x_wconf 91' lang='lat' dir='ltr'>donum</span> <span class='ocrx_word' id='word_1_544' title='bbox 1259 824 1390 857; x_wconf 85' lang='lat' dir='ltr'>timoris,</span> <span class='ocrx_word' id='word_1_545' title='bbox 1412 831 1475 852; x_wconf 85' lang='lat' dir='ltr'>cum</span> <span class='ocrx_word' id='word_1_546' title='bbox 1491 823 1571 852; x_wconf 86' lang='lat' dir='ltr'>dicit:</span> <span class='ocrx_word' id='word_1_547' title='bbox 1593 824 1682 852; x_wconf 84' lang='lat' dir='ltr'>Pater</span> <span class='ocrx_word' id='word_1_548' title='bbox 1697 827 1801 858; x_wconf 83' lang='lat' dir='ltr'>noster,</span> <span class='ocrx_word' id='word_1_549' title='bbox 1817 824 1869 862; x_wconf 86' lang='lat' dir='ltr'>qui</span> <span class='ocrx_word' id='word_1_550' title='bbox 1882 832 1911 852; x_wconf 82' lang='lat' dir='ltr'>es</span> <span class='ocrx_word' id='word_1_551' title='bbox 1923 831 1961 848; x_wconf 71' lang='lat' dir='ltr'>tur-</span> 
     </span>
    </p>
   </div>
   <div class='ocr_carea' id='block_1_17' title="bbox 1063 870 1915 1929">
    <p class='ocr_par' dir='ltr' id='par_1_22' title="bbox 1063 870 1915 1929">
     <span class='ocr_line' id='line_1_87' title="bbox 1065 870 1910 908; baseline 0 -9"><span class='ocrx_word' id='word_1_552' title='bbox 1065 871 1096 899; x_wconf 87' lang='lat' dir='ltr'>in</span> <span class='ocrx_word' id='word_1_553' title='bbox 1110 870 1213 905; x_wconf 78' lang='lat' dir='ltr'>caelis,·</span> <span class='ocrx_word' id='word_1_554' title='bbox 1227 870 1426 908; x_wconf 72' lang='lat' dir='ltr'>sanctificetur</span> <span class='ocrx_word' id='word_1_555' title='bbox 1439 879 1541 899; x_wconf 83' lang='lat' dir='ltr'>nomen</span> <span class='ocrx_word' id='word_1_556' title='bbox 1557 874 1648 899; x_wconf 89' lang='lat' dir='ltr'>tuum.</span> <span class='ocrx_word' id='word_1_557' title='bbox 1672 871 1752 899; x_wconf 83' lang='lat' dir='ltr'>lsaias</span> <span class='ocrx_word' id='word_1_558' title='bbox 1763 871 1789 898; x_wconf 70' lang='lat'>¹²:</span> <span class='ocrx_word' id='word_1_559' title='bbox 1813 870 1910 899; x_wconf 89' lang='lat' dir='ltr'>Domi-</span> 
     </span>
     <span class='ocr_line' id='line_1_88' title="bbox 1064 916 1911 954; baseline 0 -9"><span class='ocrx_word' id='word_1_560' title='bbox 1064 926 1137 945; x_wconf 88' lang='lat' dir='ltr'>num</span> <span class='ocrx_word' id='word_1_561' title='bbox 1158 917 1338 946; x_wconf 63' lang='lat' dir='ltr'>excercituum</span> <span class='ocrx_word' id='word_1_562' title='bbox 1358 916 1553 954; x_wconf 84' lang='lat' dir='ltr'>sanctificate,</span> <span class='ocrx_word' id='word_1_563' title='bbox 1575 920 1599 945; x_wconf 90' lang='lat' dir='ltr'>et</span> <span class='ocrx_word' id='word_1_564' title='bbox 1624 917 1684 954; x_wconf 88' lang='lat' dir='ltr'>ipsc</span> <span class='ocrx_word' id='word_1_565' title='bbox 1711 921 1752 945; x_wconf 83' lang='lat' dir='ltr'>est</span> <span class='ocrx_word' id='word_1_566' title='bbox 1769 926 1866 954; x_wconf 84' lang='lat' dir='ltr'>pavor</span> <span class='ocrx_word' id='word_1_567' title='bbox 1886 920 1911 945; x_wconf 87' lang='lat' dir='ltr'>et</span> 
     </span>
     <span class='ocr_line' id='line_1_89' title="bbox 1066 964 1911 1000; baseline 0 -8"><span class='ocrx_word' id='word_1_568' title='bbox 1066 964 1153 992; x_wconf 85' lang='lat' dir='ltr'>timor</span> <span class='ocrx_word' id='word_1_569' title='bbox 1174 967 1272 992; x_wconf 84' lang='lat' dir='ltr'>vester.</span> <span class='ocrx_word' id='word_1_570' title='bbox 1295 964 1322 992; x_wconf 91' lang='lat' dir='ltr'>ln</span> <span class='ocrx_word' id='word_1_571' title='bbox 1338 964 1458 992; x_wconf 89' lang='lat' dir='ltr'>secunda</span> <span class='ocrx_word' id='word_1_572' title='bbox 1472 964 1576 1000; x_wconf 87' lang='lat' dir='ltr'>petitur</span> <span class='ocrx_word' id='word_1_573' title='bbox 1591 964 1791 992; x_wconf 85' lang='lat' dir='ltr'>consummatio</span> <span class='ocrx_word' id='word_1_574' title='bbox 1813 964 1911 992; x_wconf 85' lang='lat' dir='ltr'>huma-</span> 
     </span>
     <span class='ocr_line' id='line_1_90' title="bbox 1065 1010 1911 1047; baseline 0 -9"><span class='ocrx_word' id='word_1_575' title='bbox 1065 1018 1115 1039; x_wconf 85' lang='lat' dir='ltr'>nae</span> <span class='ocrx_word' id='word_1_576' title='bbox 1137 1010 1248 1045; x_wconf 86' lang='lat' dir='ltr'>salutis‚</span> <span class='ocrx_word' id='word_1_577' title='bbox 1271 1018 1342 1047; x_wconf 87' lang='lat' dir='ltr'>quae</span> <span class='ocrx_word' id='word_1_578' title='bbox 1363 1018 1417 1039; x_wconf 91' lang='lat' dir='ltr'>non</span> <span class='ocrx_word' id='word_1_579' title='bbox 1439 1010 1558 1039; x_wconf 83' lang='lat' dir='ltr'>habetur</span> <span class='ocrx_word' id='word_1_580' title='bbox 1580 1010 1631 1038; x_wconf 90' lang='lat' dir='ltr'>nisi</span> <span class='ocrx_word' id='word_1_581' title='bbox 1652 1018 1701 1046; x_wconf 86' lang='lat' dir='ltr'>per</span> <span class='ocrx_word' id='word_1_582' title='bbox 1728 1010 1832 1038; x_wconf 91' lang='lat' dir='ltr'>donum</span> <span class='ocrx_word' id='word_1_583' title='bbox 1850 1010 1911 1047; x_wconf 85' lang='lat' dir='ltr'>pie-</span> 
     </span>
     <span class='ocr_line' id='line_1_91' title="bbox 1065 1055 1912 1094; baseline 0 -10"><span class='ocrx_word' id='word_1_584' title='bbox 1065 1056 1151 1089; x_wconf 86' lang='lat' dir='ltr'>tatis;</span> <span class='ocrx_word' id='word_1_585' title='bbox 1172 1056 1317 1084; x_wconf 84' lang='lat' dir='ltr'>iudicium</span> <span class='ocrx_word' id='word_1_586' title='bbox 1336 1057 1399 1084; x_wconf 86' lang='lat' dir='ltr'>sine</span> <span class='ocrx_word' id='word_1_587' title='bbox 1426 1056 1631 1084; x_wconf 77' lang='lat' dir='ltr'>misericordia</span> <span class='ocrx_word' id='word_1_588' title='bbox 1657 1055 1711 1092; x_wconf 80' lang='lat' dir='ltr'>fiat</span> <span class='ocrx_word' id='word_1_589' title='bbox 1730 1056 1757 1084; x_wconf 88' lang='lat' dir='ltr'>ei</span> <span class='ocrx_word' id='word_1_590' title='bbox 1783 1056 1834 1094; x_wconf 81' lang='lat' dir='ltr'>qui</span> <span class='ocrx_word' id='word_1_591' title='bbox 1854 1064 1912 1084; x_wconf 88' lang='lat' dir='ltr'>non</span> 
     </span>
     <span class='ocr_line' id='line_1_92' title="bbox 1063 1101 1912 1138; baseline 0 -8"><span class='ocrx_word' id='word_1_592' title='bbox 1063 1101 1163 1138; x_wconf 82' lang='lat' dir='ltr'>feeerit</span> <span class='ocrx_word' id='word_1_593' title='bbox 1183 1102 1419 1131; x_wconf 77' lang='lat' dir='ltr'>misericordiam</span> <span class='ocrx_word' id='word_1_594' title='bbox 1429 1102 1449 1130; x_wconf 79' lang='lat'>⁵.</span> <span class='ocrx_word' id='word_1_595' title='bbox 1470 1102 1544 1130; x_wconf 80' lang='lat' dir='ltr'>Istud</span> <span class='ocrx_word' id='word_1_596' title='bbox 1566 1102 1669 1130; x_wconf 91' lang='lat' dir='ltr'>donum</span> <span class='ocrx_word' id='word_1_597' title='bbox 1691 1102 1826 1138; x_wconf 83' lang='lat' dir='ltr'>tangitur,</span> <span class='ocrx_word' id='word_1_598' title='bbox 1848 1109 1912 1130; x_wconf 88' lang='lat' dir='ltr'>cum</span> 
     </span>
     <span class='ocr_line' id='line_1_93' title="bbox 1063 1147 1912 1185; baseline 0 -10"><span class='ocrx_word' id='word_1_599' title='bbox 1063 1147 1144 1175; x_wconf 90' lang='lat' dir='ltr'>dicit:</span> <span class='ocrx_word' id='word_1_600' title='bbox 1167 1148 1312 1176; x_wconf 86' lang='lat' dir='ltr'>Adveniat</span> <span class='ocrx_word' id='word_1_601' title='bbox 1329 1157 1453 1185; x_wconf 72' lang='lat' dir='ltr'>reynum</span> <span class='ocrx_word' id='word_1_602' title='bbox 1468 1151 1560 1176; x_wconf 87' lang='lat' dir='ltr'>tuum.</span> <span class='ocrx_word' id='word_1_603' title='bbox 1577 1148 1604 1175; x_wconf 90' lang='lat' dir='ltr'>[n</span> <span class='ocrx_word' id='word_1_604' title='bbox 1620 1147 1701 1175; x_wconf 87' lang='lat' dir='ltr'>tertia</span> <span class='ocrx_word' id='word_1_605' title='bbox 1716 1151 1794 1184; x_wconf 88' lang='lat' dir='ltr'>parte</span> <span class='ocrx_word' id='word_1_606' title='bbox 1809 1148 1912 1184; x_wconf 86' lang='lat' dir='ltr'>petitur</span> 
     </span>
     <span class='ocr_line' id='line_1_94' title="bbox 1063 1193 1913 1230; baseline 0 -8"><span class='ocrx_word' id='word_1_607' title='bbox 1063 1193 1221 1230; x_wconf 84' lang='lat' dir='ltr'>adimpletio</span> <span class='ocrx_word' id='word_1_608' title='bbox 1241 1194 1349 1222; x_wconf 86' lang='lat' dir='ltr'>divinae</span> <span class='ocrx_word' id='word_1_609' title='bbox 1371 1193 1438 1230; x_wconf 89' lang='lat' dir='ltr'>legis</span> <span class='ocrx_word' id='word_1_610' title='bbox 1458 1201 1508 1230; x_wconf 90' lang='lat' dir='ltr'>per</span> <span class='ocrx_word' id='word_1_611' title='bbox 1529 1193 1633 1221; x_wconf 90' lang='lat' dir='ltr'>donum</span> <span class='ocrx_word' id='word_1_612' title='bbox 1660 1193 1813 1227; x_wconf 80' lang='lat' dir='ltr'>scientiae,</span> <span class='ocrx_word' id='word_1_613' title='bbox 1839 1193 1913 1230; x_wconf 90' lang='lat' dir='ltr'>quod</span> 
     </span>
     <span class='ocr_line' id='line_1_95' title="bbox 1063 1239 1913 1277; baseline 0.001 -10"><span class='ocrx_word' id='word_1_614' title='bbox 1063 1239 1143 1268; x_wconf 86' lang='lat' dir='ltr'>docet</span> <span class='ocrx_word' id='word_1_615' title='bbox 1163 1240 1232 1269; x_wconf 89' lang='lat' dir='ltr'>bene</span> <span class='ocrx_word' id='word_1_616' title='bbox 1253 1248 1335 1276; x_wconf 85' lang='lat' dir='ltr'>agere</span> <span class='ocrx_word' id='word_1_617' title='bbox 1356 1242 1383 1268; x_wconf 89' lang='lat' dir='ltr'>et</span> <span class='ocrx_word' id='word_1_618' title='bbox 1404 1240 1476 1267; x_wconf 90' lang='lat' dir='ltr'>mala</span> <span class='ocrx_word' id='word_1_619' title='bbox 1497 1240 1592 1268; x_wconf 88' lang='lat' dir='ltr'>vitare.</span> <span class='ocrx_word' id='word_1_620' title='bbox 1619 1240 1686 1275; x_wconf 24' lang='lat' dir='ltr'>Hoc,</span> <span class='ocrx_word' id='word_1_621' title='bbox 1701 1240 1805 1268; x_wconf 89' lang='lat' dir='ltr'>donum</span> <span class='ocrx_word' id='word_1_622' title='bbox 1826 1240 1913 1277; x_wconf 85' lang='lat' dir='ltr'>tangi-</span> 
     </span>
     <span class='ocr_line' id='line_1_96' title="bbox 1064 1286 1915 1324; baseline -0.001 -9"><span class='ocrx_word' id='word_1_623' title='bbox 1064 1290 1123 1320; x_wconf 84' lang='lat' dir='ltr'>tur,</span> <span class='ocrx_word' id='word_1_624' title='bbox 1145 1294 1209 1315; x_wconf 91' lang='lat' dir='ltr'>cum</span> <span class='ocrx_word' id='word_1_625' title='bbox 1230 1286 1311 1315; x_wconf 85' lang='lat' dir='ltr'>dicit:</span> <span class='ocrx_word' id='word_1_626' title='bbox 1334 1286 1404 1315; x_wconf 86' lang='lat' dir='ltr'>Fiat</span> <span class='ocrx_word' id='word_1_627' title='bbox 1433 1286 1569 1314; x_wconf 85' lang='lat' dir='ltr'>voluntas</span> <span class='ocrx_word' id='word_1_628' title='bbox 1600 1290 1653 1314; x_wconf 85' lang='lat' dir='ltr'>tua</span> <span class='ocrx_word' id='word_1_629' title='bbox 1684 1289 1735 1315; x_wconf 89' lang='lat' dir='ltr'>etc.</span> <span class='ocrx_word' id='word_1_630' title='bbox 1763 1287 1793 1315; x_wconf 92' lang='lat' dir='ltr'>ln</span> <span class='ocrx_word' id='word_1_631' title='bbox 1814 1289 1915 1324; x_wconf 84' lang='lat' dir='ltr'>quarta</span> 
     </span>
     <span class='ocr_line' id='line_1_97' title="bbox 1064 1333 1914 1370; baseline 0 -9"><span class='ocrx_word' id='word_1_632' title='bbox 1064 1336 1142 1370; x_wconf 88' lang='lat' dir='ltr'>parte</span> <span class='ocrx_word' id='word_1_633' title='bbox 1163 1333 1268 1370; x_wconf 92' lang='lat' dir='ltr'>petitur</span> <span class='ocrx_word' id='word_1_634' title='bbox 1290 1333 1451 1362; x_wconf 81' lang='lat' dir='ltr'>refocillatio</span> <span class='ocrx_word' id='word_1_635' title='bbox 1465 1336 1594 1361; x_wconf 81' lang='lat' dir='ltr'>aeternae</span> <span class='ocrx_word' id='word_1_636' title='bbox 1616 1333 1740 1367; x_wconf 89' lang='lat' dir='ltr'>virtutis,</span> <span class='ocrx_word' id='word_1_637' title='bbox 1755 1336 1783 1362; x_wconf 92' lang='lat' dir='ltr'>et</span> <span class='ocrx_word' id='word_1_638' title='bbox 1798 1341 1847 1370; x_wconf 88' lang='lat' dir='ltr'>per</span> <span class='ocrx_word' id='word_1_639' title='bbox 1863 1334 1914 1362; x_wconf 90' lang='lat' dir='ltr'>hoc</span> 
     </span>
     <span class='ocr_line' id='line_1_98' title="bbox 1063 1378 1915 1416; baseline 0 -8"><span class='ocrx_word' id='word_1_640' title='bbox 1063 1380 1166 1409; x_wconf 90' lang='lat' dir='ltr'>donum</span> <span class='ocrx_word' id='word_1_641' title='bbox 1188 1379 1300 1408; x_wconf 88' lang='lat' dir='ltr'>virtutis</span> <span class='ocrx_word' id='word_1_642' title='bbox 1321 1380 1379 1408; x_wconf 86' lang='lat' dir='ltr'>sive</span> <span class='ocrx_word' id='word_1_643' title='bbox 1392 1378 1597 1416; x_wconf 74' lang='lat' dir='ltr'>fortitudinis,</span> <span class='ocrx_word' id='word_1_644' title='bbox 1619 1379 1779 1414; x_wconf 81' lang='lat' dir='ltr'>cumdicit:</span> <span class='ocrx_word' id='word_1_645' title='bbox 1802 1380 1915 1408; x_wconf 87' lang='lat' dir='ltr'>Panem</span> 
     </span>
     <span class='ocr_line' id='line_1_99' title="bbox 1063 1425 1915 1465; baseline -0.001 -10"><span class='ocrx_word' id='word_1_646' title='bbox 1063 1430 1198 1455; x_wconf 78' lang='lat' dir='ltr'>nostrum</span> <span class='ocrx_word' id='word_1_647' title='bbox 1218 1426 1423 1465; x_wconf 80' lang='lat' dir='ltr'>quotidianum</span> <span class='ocrx_word' id='word_1_648' title='bbox 1449 1427 1489 1454; x_wconf 86' lang='lat' dir='ltr'>da</span> <span class='ocrx_word' id='word_1_649' title='bbox 1516 1426 1600 1454; x_wconf 84' lang='lat' dir='ltr'>nobis</span> <span class='ocrx_word' id='word_1_650' title='bbox 1628 1425 1718 1455; x_wconf 77' lang='lat' dir='ltr'>liodie.</span> <span class='ocrx_word' id='word_1_651' title='bbox 1742 1426 1837 1455; x_wconf 86' lang='lat' dir='ltr'>Panis</span> <span class='ocrx_word' id='word_1_652' title='bbox 1864 1435 1915 1455; x_wconf 68' lang='lat' dir='ltr'>coi·</span> 
     </span>
     <span class='ocr_line' id='line_1_100' title="bbox 1064 1473 1914 1511; baseline -0.001 -8"><span class='ocrx_word' id='word_1_653' title='bbox 1064 1473 1190 1503; x_wconf 79' lang='lat' dir='ltr'>hominis</span> <span class='ocrx_word' id='word_1_654' title='bbox 1211 1473 1368 1511; x_wconf 77' lang='lat' dir='ltr'>confirmat</span> <span class='ocrx_word' id='word_1_655' title='bbox 1378 1473 1398 1501; x_wconf 78' lang='lat'>⁶.</span> <span class='ocrx_word' id='word_1_656' title='bbox 1421 1473 1449 1501; x_wconf 90' lang='lat' dir='ltr'>ln</span> <span class='ocrx_word' id='word_1_657' title='bbox 1469 1474 1566 1510; x_wconf 87' lang='lat' dir='ltr'>quinta</span> <span class='ocrx_word' id='word_1_658' title='bbox 1581 1473 1686 1510; x_wconf 90' lang='lat' dir='ltr'>petitur</span> <span class='ocrx_word' id='word_1_659' title='bbox 1708 1473 1834 1502; x_wconf 89' lang='lat' dir='ltr'>remissio</span> <span class='ocrx_word' id='word_1_660' title='bbox 1851 1481 1914 1510; x_wconf 90' lang='lat' dir='ltr'>pec-</span> 
     </span>
     <span class='ocr_line' id='line_1_101' title="bbox 1064 1520 1914 1558; baseline -0.001 -9"><span class='ocrx_word' id='word_1_661' title='bbox 1064 1521 1116 1549; x_wconf 88' lang='lat' dir='ltr'>cati</span> <span class='ocrx_word' id='word_1_662' title='bbox 1138 1529 1187 1558; x_wconf 85' lang='lat' dir='ltr'>per</span> <span class='ocrx_word' id='word_1_663' title='bbox 1208 1521 1312 1550; x_wconf 90' lang='lat' dir='ltr'>donum</span> <span class='ocrx_word' id='word_1_664' title='bbox 1333 1520 1464 1554; x_wconf 84' lang='lat' dir='ltr'>consilii,</span> <span class='ocrx_word' id='word_1_665' title='bbox 1486 1528 1549 1548; x_wconf 92' lang='lat' dir='ltr'>cum</span> <span class='ocrx_word' id='word_1_666' title='bbox 1571 1520 1652 1548; x_wconf 89' lang='lat' dir='ltr'>dicit:</span> <span class='ocrx_word' id='word_1_667' title='bbox 1677 1521 1710 1548; x_wconf 86' lang='lat' dir='ltr'>Et</span> <span class='ocrx_word' id='word_1_668' title='bbox 1732 1520 1843 1549; x_wconf 84' lang='lat' dir='ltr'>dimitte</span> <span class='ocrx_word' id='word_1_669' title='bbox 1863 1529 1914 1549; x_wconf 91' lang='lat' dir='ltr'>no-</span> 
     </span>
     <span class='ocr_line' id='line_1_102' title="bbox 1065 1566 1914 1603; baseline 0 -7"><span class='ocrx_word' id='word_1_670' title='bbox 1065 1567 1108 1596; x_wconf 87' lang='lat' dir='ltr'>bis</span> <span class='ocrx_word' id='word_1_671' title='bbox 1128 1567 1223 1596; x_wconf 84' lang='lat' dir='ltr'>debita</span> <span class='ocrx_word' id='word_1_672' title='bbox 1243 1572 1363 1602; x_wconf 86' lang='lat' dir='ltr'>nostra,</span> <span class='ocrx_word' id='word_1_673' title='bbox 1384 1567 1459 1596; x_wconf 83' lang='lat' dir='ltr'>sicut</span> <span class='ocrx_word' id='word_1_674' title='bbox 1480 1569 1531 1595; x_wconf 88' lang='lat' dir='ltr'>etc.</span> <span class='ocrx_word' id='word_1_675' title='bbox 1554 1567 1582 1594; x_wconf 93' lang='lat' dir='ltr'>ln</span> <span class='ocrx_word' id='word_1_676' title='bbox 1604 1569 1684 1595; x_wconf 87' lang='lat' dir='ltr'>sexta</span> <span class='ocrx_word' id='word_1_677' title='bbox 1712 1566 1845 1603; x_wconf 87' lang='lat' dir='ltr'>petitione</span> <span class='ocrx_word' id='word_1_678' title='bbox 1866 1575 1914 1603; x_wconf 87' lang='lat' dir='ltr'>pe-</span> 
     </span>
     <span class='ocr_line' id='line_1_103' title="bbox 1064 1612 1914 1651; baseline -0.001 -9"><span class='ocrx_word' id='word_1_679' title='bbox 1064 1615 1133 1643; x_wconf 88' lang='lat' dir='ltr'>titur</span> <span class='ocrx_word' id='word_1_680' title='bbox 1154 1614 1325 1651; x_wconf 84' lang='lat' dir='ltr'>propulsatio</span> <span class='ocrx_word' id='word_1_681' title='bbox 1346 1613 1451 1642; x_wconf 86' lang='lat' dir='ltr'>fraudis</span> <span class='ocrx_word' id='word_1_682' title='bbox 1478 1613 1585 1642; x_wconf 90' lang='lat' dir='ltr'>hostilis</span> <span class='ocrx_word' id='word_1_683' title='bbox 1605 1621 1655 1649; x_wconf 88' lang='lat' dir='ltr'>per</span> <span class='ocrx_word' id='word_1_684' title='bbox 1682 1612 1786 1641; x_wconf 90' lang='lat' dir='ltr'>donum</span> <span class='ocrx_word' id='word_1_685' title='bbox 1808 1612 1914 1641; x_wconf 83' lang='lat' dir='ltr'>intelie-</span> 
     </span>
     <span class='ocr_line' id='line_1_104' title="bbox 1064 1659 1912 1694; baseline -0.001 -6"><span class='ocrx_word' id='word_1_686' title='bbox 1064 1664 1144 1694; x_wconf 81' lang='lat' dir='ltr'>ctus,</span> <span class='ocrx_word' id='word_1_687' title='bbox 1166 1668 1231 1689; x_wconf 90' lang='lat' dir='ltr'>cum</span> <span class='ocrx_word' id='word_1_688' title='bbox 1251 1660 1332 1689; x_wconf 86' lang='lat' dir='ltr'>dicit:</span> <span class='ocrx_word' id='word_1_689' title='bbox 1349 1661 1383 1688; x_wconf 90' lang='lat' dir='ltr'>Et</span> <span class='ocrx_word' id='word_1_690' title='bbox 1403 1669 1438 1688; x_wconf 77' lang='lat' dir='ltr'>ne</span> <span class='ocrx_word' id='word_1_691' title='bbox 1452 1669 1505 1688; x_wconf 86' lang='lat' dir='ltr'>nos</span> <span class='ocrx_word' id='word_1_692' title='bbox 1527 1659 1652 1688; x_wconf 82' lang='lat' dir='ltr'>inducas</span> <span class='ocrx_word' id='word_1_693' title='bbox 1666 1659 1698 1687; x_wconf 84' lang='lat' dir='ltr'>in</span> <span class='ocrx_word' id='word_1_694' title='bbox 1720 1659 1912 1688; x_wconf 72' lang='lat' dir='ltr'>tentationem.</span> 
     </span>
     <span class='ocr_line' id='line_1_105' title="bbox 1064 1706 1914 1744; baseline 0.001 -9"><span class='ocrx_word' id='word_1_695' title='bbox 1064 1707 1092 1735; x_wconf 90' lang='lat' dir='ltr'>ln</span> <span class='ocrx_word' id='word_1_696' title='bbox 1114 1707 1230 1743; x_wconf 87' lang='lat' dir='ltr'>septima</span> <span class='ocrx_word' id='word_1_697' title='bbox 1250 1707 1382 1744; x_wconf 89' lang='lat' dir='ltr'>petitione</span> <span class='ocrx_word' id='word_1_698' title='bbox 1403 1707 1507 1744; x_wconf 87' lang='lat' dir='ltr'>petitur</span> <span class='ocrx_word' id='word_1_699' title='bbox 1533 1706 1690 1744; x_wconf 85' lang='lat' dir='ltr'>subiugatio</span> <span class='ocrx_word' id='word_1_700' title='bbox 1718 1707 1914 1744; x_wconf 87' lang='lat' dir='ltr'>concupiscen-</span> 
     </span>
     <span class='ocr_line' id='line_1_106' title="bbox 1064 1753 1915 1790; baseline 0 -9"><span class='ocrx_word' id='word_1_701' title='bbox 1064 1753 1117 1782; x_wconf 89' lang='lat' dir='ltr'>tiae</span> <span class='ocrx_word' id='word_1_702' title='bbox 1138 1753 1256 1781; x_wconf 87' lang='lat' dir='ltr'>carnalis</span> <span class='ocrx_word' id='word_1_703' title='bbox 1277 1761 1327 1789; x_wconf 91' lang='lat' dir='ltr'>per</span> <span class='ocrx_word' id='word_1_704' title='bbox 1347 1753 1452 1781; x_wconf 92' lang='lat' dir='ltr'>donum</span> <span class='ocrx_word' id='word_1_705' title='bbox 1473 1753 1651 1790; x_wconf 84' lang='lat' dir='ltr'>sapientiae,</span> <span class='ocrx_word' id='word_1_706' title='bbox 1673 1760 1737 1781; x_wconf 88' lang='lat' dir='ltr'>cum</span> <span class='ocrx_word' id='word_1_707' title='bbox 1755 1753 1836 1781; x_wconf 91' lang='lat' dir='ltr'>dicit:</span> <span class='ocrx_word' id='word_1_708' title='bbox 1859 1753 1915 1782; x_wconf 88' lang='lat' dir='ltr'>Sed</span> 
     </span>
     <span class='ocr_line' id='line_1_107' title="bbox 1064 1799 1914 1836; baseline 0.001 -9"><span class='ocrx_word' id='word_1_709' title='bbox 1064 1799 1155 1827; x_wconf 84' lang='lat' dir='ltr'>libera</span> <span class='ocrx_word' id='word_1_710' title='bbox 1175 1808 1229 1827; x_wconf 84' lang='lat' dir='ltr'>nos</span> <span class='ocrx_word' id='word_1_711' title='bbox 1259 1807 1279 1827; x_wconf 88' lang='lat' dir='ltr'>a</span> <span class='ocrx_word' id='word_1_712' title='bbox 1300 1799 1385 1827; x_wconf 86' lang='lat' dir='ltr'>maio.</span> <span class='ocrx_word' id='word_1_713' title='bbox 1414 1802 1514 1827; x_wconf 84' lang='lat' dir='ltr'>Amen.</span> <span class='ocrx_word' id='word_1_714' title='bbox 1548 1799 1717 1836; x_wconf 84' lang='lat' dir='ltr'>Impossibile</span> <span class='ocrx_word' id='word_1_715' title='bbox 1748 1802 1805 1833; x_wconf 88' lang='lat' dir='ltr'>est,</span> <span class='ocrx_word' id='word_1_716' title='bbox 1838 1799 1914 1836; x_wconf 87' lang='lat' dir='ltr'>quod</span> 
     </span>
     <span class='ocr_line' id='line_1_108' title="bbox 1063 1845 1913 1883; baseline 0.002 -10"><span class='ocrx_word' id='word_1_717' title='bbox 1063 1846 1156 1874; x_wconf 86' lang='lat' dir='ltr'>anima</span> <span class='ocrx_word' id='word_1_718' title='bbox 1175 1845 1268 1874; x_wconf 89' lang='lat' dir='ltr'>domet</span> <span class='ocrx_word' id='word_1_719' title='bbox 1289 1853 1401 1874; x_wconf 87' lang='lat' dir='ltr'>carnem</span> <span class='ocrx_word' id='word_1_720' title='bbox 1422 1854 1516 1879; x_wconf 87' lang='lat' dir='ltr'>suam,</span> <span class='ocrx_word' id='word_1_721' title='bbox 1538 1846 1589 1874; x_wconf 90' lang='lat' dir='ltr'>nisi</span> <span class='ocrx_word' id='word_1_722' title='bbox 1612 1847 1753 1883; x_wconf 79' lang='lat' dir='ltr'>repleatur</span> <span class='ocrx_word' id='word_1_723' title='bbox 1778 1846 1848 1875; x_wconf 90' lang='lat' dir='ltr'>dono</span> <span class='ocrx_word' id='word_1_724' title='bbox 1869 1854 1913 1874; x_wconf 88' lang='lat' dir='ltr'>sa-</span> 
     </span>
     <span class='ocr_line' id='line_1_109' title="bbox 1064 1892 1663 1929; baseline 0 -9"><span class='ocrx_word' id='word_1_725' title='bbox 1064 1892 1190 1929; x_wconf 88' lang='lat' dir='ltr'>pientiae.</span> <span class='ocrx_word' id='word_1_726' title='bbox 1212 1892 1251 1920; x_wconf 90' lang='lat' dir='ltr'>De</span> <span class='ocrx_word' id='word_1_727' title='bbox 1271 1892 1331 1920; x_wconf 86' lang='lat' dir='ltr'>istis</span> <span class='ocrx_word' id='word_1_728' title='bbox 1352 1892 1428 1929; x_wconf 88' lang='lat' dir='ltr'>loqui</span> <span class='ocrx_word' id='word_1_729' title='bbox 1449 1895 1521 1921; x_wconf 88' lang='lat' dir='ltr'>esset</span> <span class='ocrx_word' id='word_1_730' title='bbox 1541 1892 1663 1929; x_wconf 85' lang='lat' dir='ltr'>longum.</span> 
     </span>
    </p>
   </div>
   <div class='ocr_carea' id='block_1_18' title="bbox 1144 1938 2057 1992">
    <p class='ocr_par' dir='ltr' id='par_1_23' title="bbox 1144 1938 2057 1992">
     <span class='ocr_line' id='line_1_110' title="bbox 1144 1938 2057 1992; baseline 0.001 -25"><span class='ocrx_word' id='word_1_731' title='bbox 1144 1939 1170 1967; x_wconf 84' lang='lat'>6.</span> <span class='ocrx_word' id='word_1_732' title='bbox 1198 1939 1305 1973; x_wconf 82' lang='lat' dir='ltr'>Venite,</span> <span class='ocrx_word' id='word_1_733' title='bbox 1325 1938 1402 1975; x_wconf 82' lang='lat' dir='ltr'>fiiii⁷</span> <span class='ocrx_word' id='word_1_734' title='bbox 1423 1942 1474 1967; x_wconf 91' lang='lat' dir='ltr'>etc.</span> <span class='ocrx_word' id='word_1_735' title='bbox 1497 1939 1588 1967; x_wconf 75' lang='lat' dir='ltr'>Verba</span> <span class='ocrx_word' id='word_1_736' title='bbox 1608 1939 1659 1968; x_wconf 87' lang='lat' dir='ltr'>ista</span> <span class='ocrx_word' id='word_1_737' title='bbox 1680 1943 1746 1968; x_wconf 90' lang='lat' dir='ltr'>sunt</span> <span class='ocrx_word' id='word_1_738' title='bbox 1760 1940 1912 1976; x_wconf 88' lang='lat' dir='ltr'>Prophetae</span> <span class='ocrx_word' id='word_1_739' title='bbox 1924 1944 2057 1992; x_wconf 55' lang='lat' dir='ltr'>plfflfflffl</span> 
     </span>
    </p>
   </div>
   <div class='ocr_carea' id='block_1_19' title="bbox 1064 1985 2055 2023">
    <p class='ocr_par' dir='ltr' id='par_1_24' title="bbox 1064 1985 2055 2023">
     <span class='ocr_line' id='line_1_111' title="bbox 1064 1985 2055 2023; baseline 0.002 -9"><span class='ocrx_word' id='word_1_740' title='bbox 1064 1986 1166 2020; x_wconf 86' lang='lat' dir='ltr'>David,</span> <span class='ocrx_word' id='word_1_741' title='bbox 1187 1986 1222 2018; x_wconf 79' lang='lat' dir='ltr'>in</span> <span class='ocrx_word' id='word_1_742' title='bbox 1237 1986 1339 2023; x_wconf 89' lang='lat' dir='ltr'>quibus</span> <span class='ocrx_word' id='word_1_743' title='bbox 1360 1985 1458 2015; x_wconf 83' lang='lat' dir='ltr'>invitat</span> <span class='ocrx_word' id='word_1_744' title='bbox 1487 1986 1558 2015; x_wconf 87' lang='lat' dir='ltr'>filios</span> <span class='ocrx_word' id='word_1_745' title='bbox 1585 1986 1689 2023; x_wconf 84' lang='lat' dir='ltr'>gratiae</span> <span class='ocrx_word' id='word_1_746' title='bbox 1717 1986 1765 2015; x_wconf 85' lang='lat' dir='ltr'>Dei</span> <span class='ocrx_word' id='word_1_747' title='bbox 1794 1989 1821 2015; x_wconf 88' lang='lat' dir='ltr'>et</span> <span class='ocrx_word' id='word_1_748' title='bbox 1841 1986 1912 2015; x_wconf 88' lang='lat' dir='ltr'>filios</span> <span class='ocrx_word' id='word_1_749' title='bbox 1924 1997 1969 2010; x_wconf 82' lang='lat' dir='ltr'>num</span> <span class='ocrx_word' id='word_1_750' title='bbox 1991 1997 2055 2016; x_wconf 70' lang='lat' dir='ltr'>‹wim-</span> 
     </span>
    </p>
   </div>
   <div class='ocr_carea' id='block_1_20' title="bbox 1925 2015 2011 2034">
    <p class='ocr_par' dir='ltr' id='par_1_25' title="bbox 1925 2015 2011 2034">
     <span class='ocr_line' id='line_1_112' title="bbox 1925 2015 2011 2034; baseline 0 -1"><span class='ocrx_word' id='word_1_751' title='bbox 1925 2015 2011 2034; x_wconf 79' lang='lat' dir='ltr'>rendum.</span> 
     </span>
    </p>
   </div>
   <div class='ocr_carea' id='block_1_21' title="bbox 1063 2032 1913 2441">
    <p class='ocr_par' dir='ltr' id='par_1_26' title="bbox 1063 2032 1913 2441">
     <span class='ocr_line' id='line_1_113' title="bbox 1064 2032 1912 2069; baseline 0.001 -8"><span class='ocrx_word' id='word_1_752' title='bbox 1064 2032 1218 2069; x_wconf 84' lang='lat' dir='ltr'>adoptionis</span> <span class='ocrx_word' id='word_1_753' title='bbox 1238 2032 1272 2061; x_wconf 90' lang='lat' dir='ltr'>ad</span> <span class='ocrx_word' id='word_1_754' title='bbox 1292 2032 1485 2061; x_wconf 83' lang='lat' dir='ltr'>addiscendam</span> <span class='ocrx_word' id='word_1_755' title='bbox 1513 2032 1593 2061; x_wconf 87' lang='lat' dir='ltr'>istam</span> <span class='ocrx_word' id='word_1_756' title='bbox 1620 2032 1781 2067; x_wconf 83' lang='lat' dir='ltr'>lectionem;</span> <span class='ocrx_word' id='word_1_757' title='bbox 1809 2036 1836 2061; x_wconf 92' lang='lat' dir='ltr'>et</span> <span class='ocrx_word' id='word_1_758' title='bbox 1857 2041 1912 2062; x_wconf 90' lang='lat' dir='ltr'>non</span> 
     </span>
     <span class='ocr_line' id='line_1_114' title="bbox 1064 2078 1913 2115; baseline 0 -8"><span class='ocrx_word' id='word_1_759' title='bbox 1064 2078 1155 2107; x_wconf 91' lang='lat' dir='ltr'>solum</span> <span class='ocrx_word' id='word_1_760' title='bbox 1176 2078 1274 2107; x_wconf 87' lang='lat' dir='ltr'>invitat</span> <span class='ocrx_word' id='word_1_761' title='bbox 1288 2078 1435 2115; x_wconf 88' lang='lat' dir='ltr'>parvulos,</span> <span class='ocrx_word' id='word_1_762' title='bbox 1457 2078 1504 2106; x_wconf 90' lang='lat' dir='ltr'>sed</span> <span class='ocrx_word' id='word_1_763' title='bbox 1519 2078 1601 2107; x_wconf 86' lang='lat' dir='ltr'>etiam</span> <span class='ocrx_word' id='word_1_764' title='bbox 1622 2081 1768 2115; x_wconf 87' lang='lat' dir='ltr'>provectos</span> <span class='ocrx_word' id='word_1_765' title='bbox 1786 2081 1813 2107; x_wconf 87' lang='lat' dir='ltr'>et</span> <span class='ocrx_word' id='word_1_766' title='bbox 1834 2086 1913 2108; x_wconf 89' lang='lat' dir='ltr'>senes</span> 
     </span>
     <span class='ocr_line' id='line_1_115' title="bbox 1064 2124 1913 2161; baseline 0 -8"><span class='ocrx_word' id='word_1_767' title='bbox 1064 2128 1091 2153; x_wconf 88' lang='lat' dir='ltr'>et</span> <span class='ocrx_word' id='word_1_768' title='bbox 1111 2124 1273 2161; x_wconf 79' lang='lat' dir='ltr'>decrepitos.</span> <span class='ocrx_word' id='word_1_769' title='bbox 1297 2125 1366 2153; x_wconf 86' lang='lat' dir='ltr'>Haec</span> <span class='ocrx_word' id='word_1_770' title='bbox 1381 2127 1422 2153; x_wconf 84' lang='lat' dir='ltr'>est</span> <span class='ocrx_word' id='word_1_771' title='bbox 1444 2133 1499 2152; x_wconf 89' lang='lat' dir='ltr'>una</span> <span class='ocrx_word' id='word_1_772' title='bbox 1521 2124 1616 2158; x_wconf 83' lang='lat' dir='ltr'>lectio,</span> <span class='ocrx_word' id='word_1_773' title='bbox 1633 2132 1704 2161; x_wconf 83' lang='lat' dir='ltr'>quae</span> <span class='ocrx_word' id='word_1_774' title='bbox 1726 2124 1817 2153; x_wconf 88' lang='lat' dir='ltr'>doceri</span> <span class='ocrx_word' id='word_1_775' title='bbox 1832 2124 1913 2153; x_wconf 87' lang='lat' dir='ltr'>debet</span> 
     </span>
     <span class='ocr_line' id='line_1_116' title="bbox 1064 2171 1913 2208; baseline 0.001 -9"><span class='ocrx_word' id='word_1_776' title='bbox 1064 2171 1091 2199; x_wconf 94' lang='lat' dir='ltr'>in</span> <span class='ocrx_word' id='word_1_777' title='bbox 1112 2171 1257 2199; x_wconf 92' lang='lat' dir='ltr'>iuventute</span> <span class='ocrx_word' id='word_1_778' title='bbox 1277 2173 1305 2199; x_wconf 91' lang='lat' dir='ltr'>et</span> <span class='ocrx_word' id='word_1_779' title='bbox 1325 2179 1469 2208; x_wconf 79' lang='lat' dir='ltr'>nunquam</span> <span class='ocrx_word' id='word_1_780' title='bbox 1497 2171 1595 2200; x_wconf 87' lang='lat' dir='ltr'>deseri.</span> <span class='ocrx_word' id='word_1_781' title='bbox 1624 2171 1700 2200; x_wconf 89' lang='lat' dir='ltr'>Unde</span> <span class='ocrx_word' id='word_1_782' title='bbox 1726 2172 1754 2200; x_wconf 89' lang='lat' dir='ltr'>in</span> <span class='ocrx_word' id='word_1_783' title='bbox 1782 2171 1913 2200; x_wconf 84' lang='lat' dir='ltr'>Ecclesia-</span> 
     </span>
     <span class='ocr_line' id='line_1_117' title="bbox 1063 2217 1913 2247; baseline 0 -1"><span class='ocrx_word' id='word_1_784' title='bbox 1063 2217 1169 2246; x_wconf 79' lang='lat' dir='ltr'>stico⁸z</span> <span class='ocrx_word' id='word_1_785' title='bbox 1202 2217 1294 2246; x_wconf 78' lang='lat' dir='ltr'>Serva</span> <span class='ocrx_word' id='word_1_786' title='bbox 1325 2218 1458 2246; x_wconf 84' lang='lat' dir='ltr'>timorem</span> <span class='ocrx_word' id='word_1_787' title='bbox 1491 2218 1610 2246; x_wconf 87' lang='lat' dir='ltr'>Domini</span> <span class='ocrx_word' id='word_1_788' title='bbox 1639 2221 1664 2246; x_wconf 82' lang='lat' dir='ltr'>et</span> <span class='ocrx_word' id='word_1_789' title='bbox 1689 2218 1789 2247; x_wconf 84' lang='lat' dir='ltr'>initio</span> <span class='ocrx_word' id='word_1_790' title='bbox 1811 2218 1913 2246; x_wconf 80' lang='lat' dir='ltr'>invete-</span> 
     </span>
     <span class='ocr_line' id='line_1_118' title="bbox 1063 2264 1913 2302; baseline 0.001 -10"><span class='ocrx_word' id='word_1_791' title='bbox 1063 2273 1154 2293; x_wconf 81' lang='lat' dir='ltr'>rasce.</span> <span class='ocrx_word' id='word_1_792' title='bbox 1188 2264 1219 2293; x_wconf 90' lang='lat' dir='ltr'>Et</span> <span class='ocrx_word' id='word_1_793' title='bbox 1249 2264 1276 2293; x_wconf 91' lang='lat' dir='ltr'>in</span> <span class='ocrx_word' id='word_1_794' title='bbox 1309 2264 1393 2293; x_wconf 82' lang='lat' dir='ltr'>Tobia</span> <span class='ocrx_word' id='word_1_795' title='bbox 1427 2264 1546 2299; x_wconf 85' lang='lat' dir='ltr'>dicitur,</span> <span class='ocrx_word' id='word_1_796' title='bbox 1578 2265 1653 2302; x_wconf 89' lang='lat' dir='ltr'>quod</span> <span class='ocrx_word' id='word_1_797' title='bbox 1687 2265 1786 2294; x_wconf 87' lang='lat' dir='ltr'>Tobias</span> <span class='ocrx_word' id='word_1_798' title='bbox 1817 2265 1913 2302; x_wconf 87' lang='lat' dir='ltr'>genuit</span> 
     </span>
     <span class='ocr_line' id='line_1_119' title="bbox 1063 2303 1910 2349; baseline 0.001 -10"><span class='ocrx_word' id='word_1_799' title='bbox 1063 2311 1165 2345; x_wconf 79' lang='lat' dir='ltr'>tilium,</span> <span class='ocrx_word' id='word_1_800' title='bbox 1186 2319 1269 2349; x_wconf 81' lang='lat' dir='ltr'>quem</span> <span class='ocrx_word' id='word_1_801' title='bbox 1290 2310 1327 2339; x_wconf 86' lang='lat' dir='ltr'>ab</span> <span class='ocrx_word' id='word_1_802' title='bbox 1349 2309 1480 2348; x_wconf 80' lang='lat' dir='ltr'>infantia</span> <span class='ocrx_word' id='word_1_803' title='bbox 1500 2320 1558 2340; x_wconf 85' lang='lat' dir='ltr'>sua</span> <span class='ocrx_word' id='word_1_804' title='bbox 1579 2312 1677 2340; x_wconf 87' lang='lat' dir='ltr'>docuit</span> <span class='ocrx_word' id='word_1_805' title='bbox 1696 2312 1795 2340; x_wconf 87' lang='lat' dir='ltr'>timere</span> <span class='ocrx_word' id='word_1_806' title='bbox 1810 2303 1910 2340; x_wconf 76' lang='lat' dir='ltr'>Deum.</span> 
     </span>
     <span class='ocr_line' id='line_1_120' title="bbox 1063 2357 1912 2395; baseline 0 -9"><span class='ocrx_word' id='word_1_807' title='bbox 1063 2357 1193 2386; x_wconf 88' lang='lat' dir='ltr'>Omnium</span> <span class='ocrx_word' id='word_1_808' title='bbox 1218 2360 1260 2386; x_wconf 91' lang='lat' dir='ltr'>est</span> <span class='ocrx_word' id='word_1_809' title='bbox 1280 2358 1365 2395; x_wconf 88' lang='lat' dir='ltr'>igitur</span> <span class='ocrx_word' id='word_1_810' title='bbox 1387 2358 1439 2387; x_wconf 88' lang='lat' dir='ltr'>ista</span> <span class='ocrx_word' id='word_1_811' title='bbox 1460 2358 1548 2387; x_wconf 89' lang='lat' dir='ltr'>lectio.</span> <span class='ocrx_word' id='word_1_812' title='bbox 1571 2358 1674 2387; x_wconf 89' lang='lat' dir='ltr'>Verum</span> <span class='ocrx_word' id='word_1_813' title='bbox 1699 2361 1741 2386; x_wconf 89' lang='lat' dir='ltr'>est</span> <span class='ocrx_word' id='word_1_814' title='bbox 1768 2357 1842 2394; x_wconf 88' lang='lat' dir='ltr'>quod</span> <span class='ocrx_word' id='word_1_815' title='bbox 1869 2365 1912 2386; x_wconf 83' lang='lat' dir='ltr'>sa-</span> 
     </span>
     <span class='ocr_line' id='line_1_121' title="bbox 1064 2403 1912 2441; baseline 0 -9"><span class='ocrx_word' id='word_1_816' title='bbox 1064 2412 1112 2433; x_wconf 86' lang='lat' dir='ltr'>cra</span> <span class='ocrx_word' id='word_1_817' title='bbox 1132 2404 1275 2441; x_wconf 86' lang='lat' dir='ltr'>Scriptura</span> <span class='ocrx_word' id='word_1_818' title='bbox 1296 2405 1421 2441; x_wconf 86' lang='lat' dir='ltr'>loquitur</span> <span class='ocrx_word' id='word_1_819' title='bbox 1441 2404 1475 2433; x_wconf 89' lang='lat' dir='ltr'>de</span> <span class='ocrx_word' id='word_1_820' title='bbox 1496 2405 1595 2433; x_wconf 91' lang='lat' dir='ltr'>timore</span> <span class='ocrx_word' id='word_1_821' title='bbox 1609 2404 1732 2438; x_wconf 86' lang='lat' dir='ltr'>Domini;</span> <span class='ocrx_word' id='word_1_822' title='bbox 1747 2407 1775 2433; x_wconf 90' lang='lat' dir='ltr'>et</span> <span class='ocrx_word' id='word_1_823' title='bbox 1793 2403 1912 2432; x_wconf 85' lang='lat' dir='ltr'>traditur</span> 
     </span>
    </p>
   </div>
   <div class='ocr_carea' id='block_1_22' title="bbox 1064 2450 2028 2488">
    <p class='ocr_par' dir='ltr' id='par_1_27' title="bbox 1064 2450 2028 2488">
     <span class='ocr_line' id='line_1_122' title="bbox 1064 2450 2028 2488; baseline 0.001 -9"><span class='ocrx_word' id='word_1_824' title='bbox 1064 2451 1147 2479; x_wconf 88' lang='lat' dir='ltr'>timor</span> <span class='ocrx_word' id='word_1_825' title='bbox 1172 2451 1280 2480; x_wconf 90' lang='lat' dir='ltr'>Domini</span> <span class='ocrx_word' id='word_1_826' title='bbox 1308 2451 1336 2479; x_wconf 92' lang='lat' dir='ltr'>in</span> <span class='ocrx_word' id='word_1_827' title='bbox 1364 2459 1443 2480; x_wconf 84' lang='lat' dir='ltr'>sacra</span> <span class='ocrx_word' id='word_1_828' title='bbox 1468 2451 1620 2488; x_wconf 89' lang='lat' dir='ltr'>Scriptura.</span> <span class='ocrx_word' id='word_1_829' title='bbox 1650 2450 1821 2479; x_wconf 86' lang='lat' dir='ltr'>Praedicator</span> <span class='ocrx_word' id='word_1_830' title='bbox 1849 2450 1913 2479; x_wconf 79' lang='lat' dir='ltr'>facit</span> <span class='ocrx_word' id='word_1_831' title='bbox 1930 2457 2028 2480; x_wconf 66' lang='lat' dir='ltr'>Colligitur</span> 
     </span>
    </p>
   </div>
   <div class='ocr_carea' id='block_1_23' title="bbox 1925 2485 2028 2499">
    <p class='ocr_par' dir='ltr' id='par_1_28' title="bbox 1925 2485 2028 2499">
     <span class='ocr_line' id='line_1_123' title="bbox 1925 2485 2028 2499; baseline 0 -1"><span class='ocrx_word' id='word_1_832' title='bbox 1925 2485 1986 2499; x_wconf 73' lang='lat' dir='ltr'>serino</span> <span class='ocrx_word' id='word_1_833' title='bbox 2005 2486 2028 2499; x_wconf 64' lang='grc' dir='ltr'>ΘΧ</span> 
     </span>
    </p>
   </div>
   <div class='ocr_carea' id='block_1_24' title="bbox 1064 2497 2029 2535">
    <p class='ocr_par' dir='ltr' id='par_1_29' title="bbox 1064 2497 2029 2535">
     <span class='ocr_line' id='line_1_124' title="bbox 1064 2497 2029 2535; baseline -0.004 -9"><span class='ocrx_word' id='word_1_834' title='bbox 1064 2498 1136 2526; x_wconf 90' lang='lat' dir='ltr'>sicut</span> <span class='ocrx_word' id='word_1_835' title='bbox 1156 2498 1254 2532; x_wconf 89' lang='lat' dir='ltr'>homo,</span> <span class='ocrx_word' id='word_1_836' title='bbox 1276 2498 1323 2535; x_wconf 90' lang='lat' dir='ltr'>qui</span> <span class='ocrx_word' id='word_1_837' title='bbox 1346 2500 1388 2526; x_wconf 90' lang='lat' dir='ltr'>est</span> <span class='ocrx_word' id='word_1_838' title='bbox 1408 2498 1435 2526; x_wconf 93' lang='lat' dir='ltr'>in</span> <span class='ocrx_word' id='word_1_839' title='bbox 1457 2500 1536 2534; x_wconf 86' lang='lat' dir='ltr'>prato</span> <span class='ocrx_word' id='word_1_840' title='bbox 1557 2500 1584 2526; x_wconf 87' lang='lat' dir='ltr'>et</span> <span class='ocrx_word' id='word_1_841' title='bbox 1605 2497 1707 2534; x_wconf 84' lang='lat' dir='ltr'>colligit</span> <span class='ocrx_word' id='word_1_842' title='bbox 1727 2497 1828 2531; x_wconf 88' lang='lat' dir='ltr'>ssores;</span> <span class='ocrx_word' id='word_1_843' title='bbox 1856 2505 1912 2525; x_wconf 93' lang='lat' dir='ltr'>non</span> <span class='ocrx_word' id='word_1_844' title='bbox 1924 2504 2029 2527; x_wconf 72' lang='lat' dir='ltr'>scriptura.</span> 
     </span>
    </p>
   </div>
   <div class='ocr_carea' id='block_1_25' title="bbox 1064 2542 1912 2581">
    <p class='ocr_par' dir='ltr' id='par_1_30' title="bbox 1064 2542 1912 2581">
     <span class='ocr_line' id='line_1_125' title="bbox 1064 2542 1912 2581; baseline -0.002 -8"><span class='ocrx_word' id='word_1_845' title='bbox 1064 2546 1154 2581; x_wconf 87' lang='lat' dir='ltr'>potest</span> <span class='ocrx_word' id='word_1_846' title='bbox 1174 2552 1270 2573; x_wconf 89' lang='lat' dir='ltr'>omnes</span> <span class='ocrx_word' id='word_1_847' title='bbox 1289 2544 1434 2581; x_wconf 84' lang='lat' dir='ltr'>colligere,</span> <span class='ocrx_word' id='word_1_848' title='bbox 1456 2544 1503 2573; x_wconf 85' lang='lat' dir='ltr'>sed</span> <span class='ocrx_word' id='word_1_849' title='bbox 1531 2544 1633 2581; x_wconf 90' lang='lat' dir='ltr'>colligit</span> <span class='ocrx_word' id='word_1_850' title='bbox 1660 2543 1767 2580; x_wconf 86' lang='lat' dir='ltr'>aliquos</span> <span class='ocrx_word' id='word_1_851' title='bbox 1794 2546 1821 2572; x_wconf 89' lang='lat' dir='ltr'>et</span> <span class='ocrx_word' id='word_1_852' title='bbox 1848 2542 1912 2572; x_wconf 86' lang='lat' dir='ltr'>facit</span> 
     </span>
    </p>
   </div>
   <div class='ocr_carea' id='block_1_26' title="bbox 1063 2731 1912 2993">
    <p class='ocr_par' dir='ltr' id='par_1_31' title="bbox 1064 2731 1912 2794">
     <span class='ocr_line' id='line_1_126' title="bbox 1126 2731 1912 2761; baseline -0.005 -5"><span class='ocrx_word' id='word_1_853' title='bbox 1126 2731 1136 2745; x_wconf 77' lang='lat'><strong>⁶</strong></span> <span class='ocrx_word' id='word_1_854' title='bbox 1153 2734 1197 2755; x_wconf 82' lang='lat' dir='ltr'>lac.</span> <span class='ocrx_word' id='word_1_855' title='bbox 1214 2733 1240 2761; x_wconf 80' lang='lat'>2,</span> <span class='ocrx_word' id='word_1_856' title='bbox 1254 2733 1295 2755; x_wconf 71' lang='lat'>43:</span> <span class='ocrx_word' id='word_1_857' title='bbox 1312 2733 1425 2756; x_wconf 81' lang='lat' dir='ltr'>iudicium</span> <span class='ocrx_word' id='word_1_858' title='bbox 1442 2733 1504 2755; x_wconf 86' lang='lat' dir='ltr'>enim</span> <span class='ocrx_word' id='word_1_859' title='bbox 1521 2732 1569 2754; x_wconf 91' lang='lat' dir='ltr'>sine</span> <span class='ocrx_word' id='word_1_860' title='bbox 1587 2731 1744 2754; x_wconf 79' lang='lat' dir='ltr'>misericordia</span> <span class='ocrx_word' id='word_1_861' title='bbox 1760 2731 1790 2753; x_wconf 90' lang='lat' dir='ltr'>illi</span> <span class='ocrx_word' id='word_1_862' title='bbox 1807 2731 1848 2760; x_wconf 85' lang='lat' dir='ltr'>qui</span> <span class='ocrx_word' id='word_1_863' title='bbox 1867 2736 1912 2752; x_wconf 92' lang='lat' dir='ltr'>non</span> 
     </span>
     <span class='ocr_line' id='line_1_127' title="bbox 1064 2771 1324 2794; baseline 0 -1"><span class='ocrx_word' id='word_1_864' title='bbox 1064 2772 1116 2794; x_wconf 82' lang='lat' dir='ltr'>fecit</span> <span class='ocrx_word' id='word_1_865' title='bbox 1133 2771 1324 2794; x_wconf 87' lang='lat' dir='ltr'>misericordiam.</span> 
     </span>
    </p>

    <p class='ocr_par' dir='ltr' id='par_1_32' title="bbox 1126 2808 1366 2838">
     <span class='ocr_line' id='line_1_128' title="bbox 1126 2808 1366 2838; baseline 0 -6"><span class='ocrx_word' id='word_1_866' title='bbox 1126 2808 1136 2822; x_wconf 79' lang='lat'>⁸</span> <span class='ocrx_word' id='word_1_867' title='bbox 1153 2810 1236 2832; x_wconf 81' lang='lat' dir='ltr'>Psalm.</span> <span class='ocrx_word' id='word_1_868' title='bbox 1253 2810 1310 2838; x_wconf 76' lang='lat'>¹¹03,</span> <span class='ocrx_word' id='word_1_869' title='bbox 1329 2811 1366 2832; x_wconf 69' lang='grc'>15.</span> 
     </span>
    </p>

    <p class='ocr_par' dir='ltr' id='par_1_33' title="bbox 1064 2847 1911 2916">
     <span class='ocr_line' id='line_1_129' title="bbox 1126 2847 1911 2876; baseline -0.003 -5"><span class='ocrx_word' id='word_1_870' title='bbox 1126 2847 1135 2860; x_wconf 90' lang='lat'>⁷</span> <span class='ocrx_word' id='word_1_871' title='bbox 1153 2849 1234 2871; x_wconf 83' lang='lat' dir='ltr'>Psalm.</span> <span class='ocrx_word' id='word_1_872' title='bbox 1252 2849 1294 2876; x_wconf 79' lang='lat'>33,</span> <span class='ocrx_word' id='word_1_873' title='bbox 1315 2849 1351 2871; x_wconf 75' lang='lat'>12.</span> <span class='ocrx_word' id='word_1_874' title='bbox 1367 2861 1398 2865; x_wconf 97' lang='lat'><strong>—</strong></span> <span class='ocrx_word' id='word_1_875' title='bbox 1414 2849 1446 2871; x_wconf 86' lang='lat' dir='ltr'>De</span> <span class='ocrx_word' id='word_1_876' title='bbox 1463 2848 1524 2871; x_wconf 91' lang='lat' dir='ltr'>dono</span> <span class='ocrx_word' id='word_1_877' title='bbox 1542 2848 1630 2870; x_wconf 86' lang='lat' dir='ltr'>timoris</span> <span class='ocrx_word' id='word_1_878' title='bbox 1647 2849 1689 2870; x_wconf 80' lang='lat' dir='ltr'>cfr.</span> <span class='ocrx_word' id='word_1_879' title='bbox 1706 2849 1738 2870; x_wconf 94' lang='lat' dir='ltr'>lll.</span> <span class='ocrx_word' id='word_1_880' title='bbox 1756 2849 1817 2870; x_wconf 84' lang='lat' dir='ltr'>Sent.</span> <span class='ocrx_word' id='word_1_881' title='bbox 1833 2847 1857 2869; x_wconf 91' lang='lat' dir='ltr'>d.</span> <span class='ocrx_word' id='word_1_882' title='bbox 1874 2847 1911 2869; x_wconf 74' lang='lat'>34.</span> 
     </span>
     <span class='ocr_line' id='line_1_130' title="bbox 1064 2888 1282 2916; baseline -0.005 -6"><span class='ocrx_word' id='word_1_883' title='bbox 1064 2895 1088 2916; x_wconf 91' lang='lat' dir='ltr'>p.</span> <span class='ocrx_word' id='word_1_884' title='bbox 1104 2888 1128 2910; x_wconf 90' lang='lat'>11.</span> <span class='ocrx_word' id='word_1_885' title='bbox 1146 2893 1187 2915; x_wconf 87' lang='lat' dir='ltr'>per</span> <span class='ocrx_word' id='word_1_886' title='bbox 1203 2889 1282 2909; x_wconf 80' lang='lat' dir='ltr'>totam.</span> 
     </span>
    </p>

    <p class='ocr_par' dir='ltr' id='par_1_34' title="bbox 1063 2925 1911 2993">
     <span class='ocr_line' id='line_1_131' title="bbox 1126 2925 1911 2955; baseline -0.003 -6"><span class='ocrx_word' id='word_1_887' title='bbox 1126 2925 1136 2938; x_wconf 59' lang='grc' dir='ltr'>Β</span> <span class='ocrx_word' id='word_1_888' title='bbox 1152 2926 1207 2955; x_wconf 80' lang='lat' dir='ltr'>Cap.</span> <span class='ocrx_word' id='word_1_889' title='bbox 1220 2927 1245 2953; x_wconf 77' lang='lat'>2,</span> <span class='ocrx_word' id='word_1_890' title='bbox 1257 2927 1284 2948; x_wconf 80' lang='lat'>6:</span> <span class='ocrx_word' id='word_1_891' title='bbox 1295 2927 1365 2948; x_wconf 84' lang='lat' dir='ltr'>Serva</span> <span class='ocrx_word' id='word_1_892' title='bbox 1378 2927 1484 2949; x_wconf 87' lang='lat' dir='ltr'>timorem</span> <span class='ocrx_word' id='word_1_893' title='bbox 1496 2926 1555 2949; x_wconf 87' lang='lat' dir='ltr'>illius</span> <span class='ocrx_word' id='word_1_894' title='bbox 1566 2929 1588 2948; x_wconf 89' lang='lat' dir='ltr'>et</span> <span class='ocrx_word' id='word_1_895' title='bbox 1599 2926 1622 2948; x_wconf 88' lang='lat' dir='ltr'>in</span> <span class='ocrx_word' id='word_1_896' title='bbox 1634 2926 1670 2948; x_wconf 90' lang='lat' dir='ltr'>illo</span> <span class='ocrx_word' id='word_1_897' title='bbox 1682 2928 1806 2948; x_wconf 74' lang='lat' dir='ltr'>veterasce.</span> <span class='ocrx_word' id='word_1_898' title='bbox 1818 2937 1849 2941; x_wconf 97' lang='lat'><strong>—</strong></span> <span class='ocrx_word' id='word_1_899' title='bbox 1858 2925 1911 2954; x_wconf 79' lang='lat' dir='ltr'>Seq-</span> 
     </span>
     <span class='ocr_line' id='line_1_132' title="bbox 1063 2964 1353 2993; baseline -0.003 -5"><span class='ocrx_word' id='word_1_900' title='bbox 1063 2966 1127 2988; x_wconf 81' lang='lat' dir='ltr'>locus</span> <span class='ocrx_word' id='word_1_901' title='bbox 1144 2968 1177 2987; x_wconf 79' lang='lat' dir='ltr'>cst</span> <span class='ocrx_word' id='word_1_902' title='bbox 1195 2964 1253 2987; x_wconf 78' lang='lat' dir='ltr'>Tol).</span> <span class='ocrx_word' id='word_1_903' title='bbox 1272 2965 1280 2987; x_wconf 74' lang='lat' dir='ltr'>v&#39;t</span> <span class='ocrx_word' id='word_1_904' title='bbox 1293 2983 1298 2993; x_wconf 80' lang='lat'>,</span> <span class='ocrx_word' id='word_1_905' title='bbox 1317 2965 1353 2988; x_wconf 83' lang='lat' dir='ltr'>lo.</span> 
     </span>
    </p>
   </div>
  </div>
 </body>
</html>
