2285 3398
921 411 1188 460 COLLATIO
1225 414 1258 460 I.

422 534 631 568 Praemittitur
658 536 794 569 tractatio
821 536 858 569 de
884 536 979 581 gratia
1004 536 1175 570 secundum
1203 537 1269 571 eius
1294 544 1407 581 ortum,
1435 550 1526 572 usum
1553 546 1582 573 et
1607 540 1751 575 fructum.

208 659 385 689 SUMMAfflUM.
410 677 446 681 —
469 661 660 695 Introductio,
682 670 804 690 numero
828 663 851 690 1.
872 664 897 691 Q.
914 679 952 683 —
969 662 1078 691 Divisio
1100 664 1283 700 argumenti,
1305 664 1330 693 3.
1354 680 1390 685 —
1414 665 1479 693 Pars
1501 666 1518 693 I.
1541 666 1580 694 De
1601 667 1705 703 gratiae
1726 670 1799 696 ortu.
1817 668 1965 697 Descendit

285 711 457 746 desursum,
479 712 505 740 4.
530 728 565 732 —
590 713 625 740 Et
645 713 761 750 quidem
779 722 833 750 per
862 713 984 742 Verbum
1005 714 1214 749 incarnatum,
1237 715 1417 752 crucifixum
1444 720 1471 745 et
1497 717 1696 754 inspiratum,
1723 719 1782 747 5-7.
1802 736 1841 740 —
1862 720 1964 757 Requi-

287 763 366 791 ritur
387 763 539 800 dispositio
561 764 600 792 ad
621 772 686 792 eam
708 768 732 793 et
754 763 862 793 horror
882 765 1002 802 peccati,
1017 766 1043 793 8.
1061 782 1097 786 —
1114 766 1179 795 Pars
1195 767 1221 794 ll.
1239 766 1276 795 De
1298 774 1351 795 usu
1372 767 1486 804 gratiae.
1505 767 1587 796 Debet
1604 777 1664 797 esse
1676 769 1770 806 fidelis
1791 771 1831 799 ad
1854 771 1962 805 Deum,

286 815 311 842 9.
338 816 380 843 10.
403 831 442 835 ——
469 814 567 842 Virilis
588 815 619 843 in
640 824 678 849 se,
705 817 746 843 11.
770 832 808 836 -
831 816 972 845 Liberalis
993 817 1025 845 in
1045 817 1234 854 proximum,
1259 819 1302 846 1⁰2.
1326 835 1364 838 —
1389 818 1454 847 Pars
1476 819 1515 847 111.
1539 820 1577 848 De
1599 820 1693 849 fructu
1715 821 1828 858 gratiae.
1848 822 1904 851 Iste
1924 827 1964 851 est

285 865 406 903 triplex,
432 865 475 894 13.
492 882 528 886 —
547 866 669 894 Primus
690 871 729 895 ext
750 868 884 896 ‘remissio
902 871 1107 905 peecatorum,
1133 869 1175 897 14.
1198 886 1236 889 ——
1258 869 1420 904 Secundus,
1439 870 1590 907 plenitudo
1613 871 1752 907 iustitiae,
1778 874 1821 901 15.
1838 890 1874 894 —
1898 873 1963 903 Ter-

286 917 355 951 tius,
378 917 522 945 assecutio
544 916 732 946 beatitudinis
754 922 897 953 aeternae,
920 920 963 947 16.
980 935 1016 939 —
1032 919 1107 948 Hinc
1128 924 1169 948 est
1190 920 1294 957 triplex¹
1313 921 1417 958 qratia
1438 930 1505 950 cum
1526 926 1632 959 septem
1653 924 1837 960 septenariis,
1856 926 1899 953 17.
1918 926 1962 953 18.

286 1054 310 1081 1.
325 1050 500 1081 'Hortamur
521 1061 584 1086 vos,
607 1062 642 1081 ne
661 1053 690 1081 in
707 1062 833 1082 vaenum
853 1053 986 1090 qratiam.
1004 1054 1055 1082 Dei

67 1102 187 1121 ¹¹¹²r⁰ductim
202 1099 352 1136 recipiatis
365 1101 382 1127 ¹.
397 1116 433 1120 —
449 1098 566 1137 Diffusa
580 1104 620 1128 est
633 1101 735 1137 gyratio
749 1101 781 1129 in
795 1099 881 1128 labiis
897 1100 969 1134 tuis,
983 1110 1053 1138 pro-

198 1150 299 1184 pterea
321 1146 463 1175 benedixit
485 1150 508 1175 te
531 1147 608 1175 Dens
629 1147 660 1175 in
682 1151 840 1175 aetermam.
864 1146 986 1175 Verbum
1010 1156 1052 1176 se-

201 1194 291 1223 cundo
313 1194 486 1231 propositum
507 1194 637 1231 dirigitur
652 1194 686 1223 ad
701 1194 847 1223 Dominum
870 1197 997 1222 nostrum
1014 1194 1051 1223 le—

201 1248 263 1269 sum
284 1241 441 1275 Christum,
464 1241 617 1270 secundum
632 1242 706 1279 quod
721 1243 835 1278 apparet
850 1241 876 1269 in
894 1241 1000 1269 Psalmo
1015 1249 1051 1269 ex

201 1291 279 1317 textu
303 1288 475 1325 praecedenti
498 1291 525 1317 et
538 1288 734 1325 subsequenti.
764 1287 952 1316 Praemittitur
977 1288 1051 1317 enim

200 1336 227 1364 in
250 1335 355 1364 Psalmo
376 1351 413 1356 —-
436 1335 483 1364 ubi
504 1336 667 1365 scribuntur
687 1336 753 1364 haec
772 1335 856 1363 verba
878 1352 915 1355 —
937 1335 1050 1372 Specio-

198 1391 250 1411 sus
277 1382 378 1420 formu
404 1392 479 1420 prae
509 1382 579 1420 filiis
608 1382 775 1415 ltonn'n.ztm,·
799 1385 826 1411 et
851 1382 1048 1419 subsequitur:

199 1429 284 1459 Sedes
306 1434 375 1464 tua,
400 1431 490 1465 Deus,
506 1431 533 1459 in
549 1430 700 1458 saeculum
721 1430 833 1458 saecuti
846 1434 896 1458 etc.
914 1430 1050 1467 Loquitur

55 1480 185 1523 onlgiffigigff
198 1485 264 1515 ergo
285 1477 318 1506 de
339 1477 464 1511 Christo,
486 1478 534 1514 qui
556 1480 597 1506 est
618 1477 787 1511 benedictus,
811 1477 838 1506 in
859 1486 916 1515 quo
938 1477 1049 1506 henedi-

55 1528 149 1547 dicuutur·
198 1527 301 1553 cuntur
322 1533 417 1562 omnes
436 1528 532 1562 gentes
557 1528 655 1553 terrae.
683 1525 716 1553 In
737 1524 845 1554 semine
867 1529 915 1554 tuo
938 1525 1048 1554 benedi-

197 1575 298 1600 centur
319 1581 416 1600 omnes
435 1576 541 1609 gentes,
560 1572 665 1600 1110111111
687 1575 727 1601 651
749 1572 873 1601 Abrahae
886 1573 912 1607 2;
935 1575 962 1601 61
983 1573 1049 1610 quia

197 1619 324 1647 Christus
345 1622 386 1648 est
404 1619 542 1653 Verbum,
558 1627 607 1656 per
622 1619 696 1656 qnod
718 1620 810 1648 onmia
825 1620 1047 1654 henedicuntur;

195 1669 221 1694 et
243 1666 290 1703 qui
313 1666 485 1705 benedicitur
506 1666 539 1695 de
557 1667 611 1695 Deo
626 1666 704 1695 Patre
720 1667 893 1695 benedicitur
913 1667 946 1695 de
968 1667 1047 1695 Chri-

194 1716 251 1742 sto:
273 1713 333 1742 ideo
355 1713 447 1742 onmia
468 1722 517 1750 per
538 1713 680 1742 Christum
702 1714 913 1743 benedicuntur.

273 1762 299 1789 2.
323 1761 429 1789 Dicitur
451 1761 478 1789 111
501 1761 700 1790 Εο0165135103;
724 1761 815 1790 Verba
830 1762 891 1790 oris
905 1762 1047 1799 sapientis

192 1808 302 1846 qratia.
326 1808 430 1842 Verum
445 1811 486 1837 est
501 1808 575 1845 quod
597 1809 729 1837 scribitur
744 1809 771 1837 in
787 1809 900 1838 Ioanne:
924 1810 981 1838 Lex
992 1819 1046 1847 pei·

194 1856 310 1894 Moysen
331 1856 403 1884 data
424 1860 480 1890 est,
502 1856 604 1893 qratia
625 1865 692 1884 vero
714 1860 738 1885 et
759 1857 869 1885 veritas
887 1866 942 1894 per
962 1856 1046 1886 Clo-z·-

194 1907 270 1932 stum
292 1901 376 1940 facta
396 1907 444 1932 est.
461 1903 498 1931 Ad
520 1903 638 1932 salutem
659 1903 715 1932 duo
730 1906 795 1932 sunt
810 1904 977 1939 necessaria,
994 1905 1045 1933 sci-

59 1954 87 1973 De
100 1955 149 1982 Lege
162 1958 181 1974 et
195 1951 257 1979 licet
278 1950 373 1979 notitia
405 1950 529 1979 veritatis
557 1954 584 1979 et
604 1951 767 1980 exercitatio
799 1951 919 1980 virtutis.
946 1952 1046 1981 Notitia

86 1981 153 2002 mm*
194 1998 318 2027 veritatis
339 1992 459 2027 liabetur
481 2006 530 2035 per
552 1998 667 2035 Legem,
689 1998 736 2026 sed
751 1998 914 2027 exercitatio
933 1999 1044 2028 virtutis

193 2046 313 2075 habetur
345 2053 394 2083 per
425 2046 551 2083 gratiam.
589 2057 602 2070 «
624 2045 719 2074 Virtus
750 2049 792 2074 est
823 2046 894 2074 bona
925 2047 1044 2083 qualitas

192 2093 304 2127 mentis,
332 2101 389 2130 qua
417 2096 491 2121 recte
520 2092 632 2125 vivitur,
655 2100 711 2129 qua
738 2100 818 2131 nemo
844 2093 915 2122 male
943 2093 1042 2128 utitur,

191 2149 275 2178 quam
297 2141 371 2169 Deus
392 2140 420 2171 in
441 2140 520 2168 nobis
541 2140 697 2176 operatur⁴¹
712 2152 738 2168 ».
769 2141 824 2169 Lex
846 2149 875 2170 se
897 2141 980 2170 habet
1008 2142 1042 2170 ad

190 2188 323 2225 gratiam,
346 2187 418 2216 510111
439 2187 528 2216 virtus
555 2187 758 2223 apprehensiva
782 2187 816 2216 ad
838 2188 985 2223 motivam,
1014 2192 1042 2218 et

190 2234 262 2263 sicut
292 2234 510 2263 instrumentum
541 2233 576 2262 ad
607 2233 739 2263 virtutem
759 2235 938 2271 operativum.
961 2235 1039 2270 Esto,

189 2281 265 2319 quod
285 2281 344 2310 avis
365 2281 482 2310 haberet
502 2284 646 2318 aspectum
665 2280 699 2310 ad
720 2281 869 2311 videndum
890 2283 997 2312 caelum
1013 2286 1040 2312 et

191 2337 244 2358 non
265 2329 380 2357 haberet
402 2328 535 2357 virtutem
557 2328 584 2356 in
606 2328 671 2362 alis,
693 2337 747 2357 non
762 2332 854 2366 posset
875 2330 969 2360 volare
990 2339 1040 2360 nec

189 2377 225 2406 ibi
241 2376 407 2414 pertingere.
423 2375 479 2407 Sic.
497 2378 756 2414 quantumcumque
773 2377 908 2414 glorietur
923 2378 1040 2408 Iudaeus

189 2425 217 2453 in
237 2425 322 2462 Lege,
343 2432 380 2453 ex
408 2431 465 2461 quo
485 2426 527 2452 est
547 2423 606 2453 sine
630 2423 733 2461 gratia,
755 2424 824 2453 nihil
845 2428 894 2454 est.
917 2426 1038 2461 Artifex,

188 2471 299 2509 quando
314 2471 397 2500 hahet
411 2471 643 2506 instrumentum,
661 2479 711 2509 per
725 2472 799 2510 quod
821 2476 967 2510 operatur,
986 2474 1038 2503 nisi

190 2520 289 2548 habeat
310 2519 443 2547 virtutem
470 2519 640 2556 operativam
669 2519 696 2547 in
718 2520 861 2555 manibus,
883 2521 952 2550 nihil
974 2521 1038 2550 boni

189 2569 279 2604 potest
299 2566 398 2608 facere.
415 2566 512 2595 ludaee
534 2566 654 2603 perfide,
670 2567 767 2604 Legem
789 2568 874 2597 habes
895 2568 922 2597 in
938 2577 1036 2603 manu,

250 2736 257 2749 ¹
276 2737 346 2766 Epist.
358 2737 382 2760 ll.
393 2737 446 2761 Cor.
458 2738 471 2760 6
480 2755 486 2766 ,
499 2739 508 2760 1
520 2746 525 2761 :
537 2739 680 2762 Adiuvantes
691 2742 768 2763 autem
781 2741 943 2769 exhortamur,
954 2747 984 2764 ne
993 2744 1036 2764 etc.

186 2778 240 2806 seq.
256 2777 320 2799 locus
337 2777 373 2800 Ps.
391 2777 433 2805 44,
451 2778 478 2806 3,
496 2777 535 2801 ubi
553 2779 622 2802 etiam
639 2779 734 2802 dicitur:
747 2780 872 2810 Speciosus
883 2781 964 2811 forma
980 2785 1036 2809 etc„

186 2820 208 2839 ct
224 2823 247 2839 v.
264 2816 294 2839 7:
311 2816 383 2840 Sedes
409 2819 451 2841 tua
476 2821 532 2846 etc„
549 2825 611 2848 quae
635 2818 708 2841 verba
725 2821 855 2844 secundum
873 2820 943 2844 Hehr.
973 2822 995 2849 l,
1015 2822 1036 2844 8.

186 2858 316 2879 reseruntur
333 2856 363 2879 ad
380 2856 510 2885 Christum,
527 2858 609 2881 Filium
627 2858 676 2882 Dei.

249 2894 258 2908 ²
275 2896 333 2918 Gen.
355 2896 398 2924 22,
422 2897 459 2919 18.
480 2900 503 2920 et
519 2898 562 2925 26,
580 2897 601 2920 4.
618 2910 649 2915 —
666 2898 730 2927 Quae
751 2902 879 2928 sequuntur
899 2899 1036 2923 exhibentur

186 2936 299 2959 sermonis
315 2941 400 2963 genere
423 2935 453 2958 ob
475 2937 624 2960 omissionem
646 2937 746 2966 plurium
769 2939 823 2962 satis
845 2939 953 2968 abrupto.
972 2941 1035 2963 Idem

185 2976 271 3004 pluries
287 2975 394 2998 occurrit.

279 3022 306 3047 S.
323 3023 412 3047 Bonav.
428 3035 460 3040 —
477 3024 545 3047 Tom.
562 3025 591 3048 V.

1111 1055 1157 1083 sed
1180 1055 1230 1083 nisi
1253 1055 1354 1084 habeas
1376 1056 1507 1085 virtutem
1529 1058 1716 1094 operativam,
1738 1058 1843 1087 frustra
1864 1064 1961 1097 putas,

1111 1104 1136 1129 te
1159 1102 1256 1138 Legem
1286 1102 1396 1131 habere.
1420 1102 1480 1131 Ideo
1509 1111 1558 1140 per
1588 1105 1684 1141 Legem
1710 1113 1791 1134 nemo
1823 1107 1959 1142 salvatur,

1110 1148 1160 1176 nisi
1183 1148 1253 1176 adsit
1274 1149 1370 1185 gratia.
1394 1149 1424 1177 Et
1446 1150 1484 1178 sic
1506 1153 1594 1186 patet,
1617 1151 1691 1187 quod
1713 1153 1801 1181 multo
1822 1154 1960 1183 excellen-

1110 1194 1162 1222 tior
1194 1198 1235 1223 est
1263 1196 1351 1232 gratia
1379 1196 1427 1224 Dei
1456 1205 1539 1233 quam
1562 1198 1620 1234 ipsa
1648 1199 1712 1227 Lex.
1740 1215 1776 1220 —
1802 1200 1873 1229 Alias
1900 1201 1958 1230 dixi
1974 1206 2088 1226 Notandum-

1109 1241 1186 1270 vobis
1207 1241 1240 1270 de
1273 1243 1331 1279 lege
1352 1242 1473 1280 decalogi
1486 1243 1505 1277 ⁵,
1539 1247 1566 1272 et
1597 1244 1678 1273 modo
1698 1246 1787 1274 dicam
1821 1248 1898 1277 vobis
1926 1248 1959 1278 de

1108 1289 1212 1326 gratia,
1234 1292 1261 1317 et
1291 1290 1378 1326 magis
1400 1291 1555 1319 necessaria
1583 1295 1624 1320 est
1646 1292 1724 1321 nobis
1755 1294 1845 1331 gratia
1875 1303 1958 1332 quam

1108 1336 1177 1369 Lex:
1200 1336 1234 1364 ad
1256 1344 1340 1373 quain
1359 1337 1476 1374 gratiam
1500 1338 1642 1368 fructuose
1658 1340 1843 1377 recipiendam
1866 1342 1960 1372 horta-

1108 1385 1154 1411 tur
1176 1391 1225 1411 nos
1253 1387 1342 1412 mater
1370 1384 1490 1413 Ecclesia
1518 1388 1544 1414 et
1566 1387 1711 1423 Apostolus
1741 1388 1849 1418 Paulus.
1873 1390 1904 1419 Et
1932 1391 1958 1419 in

1107 1430 1242 1468 principio
1264 1431 1424 1468 rogabimus
1446 1432 1609 1468 Dominum,
1632 1437 1663 1463 111
1681 1435 1766 1464 verba
1787 1440 1882 1466 nostra
1897 1446 1959 1475 gra-

1107 1478 1160 1506 tiae
1181 1472 1354 1513 deserviant,
1383 1483 1410 1508 et
1440 1480 1554 1509 intentio
1576 1483 1676 1512 mentis
1697 1486 1823 1519 nostrae,
1852 1485 1873 1513 si
1897 1494 1959 1523 gra-

1107 1525 1172 1554 tiam
1195 1526 1309 1560 habeat,
1333 1527 1532 1557 corroboretur
1558 1529 1584 1557 in
1618 1530 1726 1564 verbis,
1758 1535 1790 1560 ut
1821 1533 1958 1569 possimus

1105 1573 1209 1610 aliquid
1230 1573 1337 1607 dicere,
1364 1575 1438 1611 quod
1467 1575 1501 1604 sit
1523 1575 1555 1604 ad
1577 1576 1624 1605 Dei
1655 1578 1763 1607 laudem
1785 1583 1812 1608 et
1840 1580 1958 1609 salutem

1105 1621 1262 1649 animarum
1285 1624 1454 1650 nostrarum.

1184 1668 1210 1696 3.
1233 1668 1399 1696 Hortamur
1416 1678 1467 1698 vos
1478 1669 1488 1685 ⁶
1510 1673 1561 1699 etc.
1578 1672 1723 1708 Apostolus
1745 1673 1846 1703 Paulus
1861 1674 1888 1703 in
1904 1675 1956 1704 isto
1970 1672 1997 1691 ”e
2010 1678 2063 1696 ”¹³³⁴

1981 1699 2050 1715 meni-O.

1105 1715 1181 1743 brevi
1205 1715 1289 1744 verbo
1318 1716 1421 1745 excitat
1442 1725 1492 1746 nos
1520 1718 1553 1746 ad
1575 1718 1695 1748 divinam
1717 1722 1833 1758 gratiam
1862 1723 1955 1752 susei-
1968 1728 2076 1755 emmeno

1100 1762 1258 1799 piendam,
1280 1763 1313 1791 ad
1329 1767 1486 1801 susceptam
1501 1766 1718 1796 custodiendam
1742 1772 1768 1797 et
1783 1769 1817 1798 ad
1838 1770 1955 1806 gratiam
1983 1752 2007 1770 ad
2021 1754 2063 1770 Μ’

1104 1812 1260 1846 susceptam
1283 1813 1310 1839 et
1337 1811 1501 1841 custoditam
1528 1813 1793 1851 multiplicctiulum.
1823 1817 1955 1846 Hortatur

1103 1864 1168 1890 nos,
1190 1866 1224 1885 ne
1246 1858 1277 1886 in
1309 1867 1437 1887 uacuum
1466 1861 1599 1897 qratiam
1623 1862 1675 1891 Dei
1694 1864 1877 1901 accipiamus,
1907 1865 1955 1894 sed

1103 1904 1245 1933 fructuose
1270 1913 1330 1934 eam
1353 1906 1532 1943 recipiamus:
1562 1917 1628 1946 ergo
1657 1910 1716 1938 vult
1744 1911 1851 1946 dicere,
1880 1912 1954 1949 quod

1102 1951 1190 1980 simus
1211 1953 1331 1990 prompti
1353 1954 1386 1982 ad
1408 1955 1524 1991 gratiam
1547 1955 1595 1984 Dei
1617 1957 1832 1994 suscipiendam,
1861 1962 1953 1988 custo-

1100 1998 1228 2027 diendam
1250 2002 1277 2028 et
1298 2000 1543 2038 multiplicandam.
1560 2003 1593 2031 Ut
1613 2007 1706 2033 autem
1728 2005 1780 2033 ista
1794 2005 1953 2035 exhortatio
1966 2012 2009 2031 Tria
2022 2013 2082 2031 consi-

1100 2045 1128 2074 in
1149 2046 1228 2075 nohis
1243 2046 1352 2084 impleri
1368 2049 1469 2085 possit,
1486 2049 1537 2078 tria
1559 2054 1713 2079 occurrunt
1727 2052 1806 2081 nobis
1828 2053 1872 2082 hic
1888 2061 1952 2082 0011-
1978 2036 2068 2055 ‘manda'

1098 2093 1258 2122 sideranda:
1281 2095 1386 2131 primo,
1416 2097 1479 2133 quis
1501 2097 1535 2126 sit
1563 2098 1668 2135 gratiae
1689 2102 1790 2132 ortus,·
1812 2101 1949 2136 secundo,

1098 2140 1161 2177 quis
1182 2141 1216 2169 sit
1247 2142 1352 2178 gratiae
1383 2151 1475 2176 usus,-
1506 2147 1534 2173 et
1557 2145 1653 2180 tertio,
1685 2146 1748 2183 quis
1780 2147 1815 2176 sit
1846 2148 1951 2185 gratiae

1096 2188 1222 2226 fruetus.
1256 2191 1322 2219 Nolo
1343 2191 1435 2221 dicere
1466 2192 1516 2221 nisi
1549 2194 1666 2230 planiori
1698 2195 1795 2229 modo,
1817 2204 1874 2233 quo
1902 2205 1950 2234 po-
1965 2201 2079 2221 Notandum-

1097 2239 1173 2271 tero,
1195 2240 1227 2266 111
1248 2238 1365 2275 quilibet
1387 2247 1486 2276 capere
1508 2241 1602 2277 possit.

1176 2284 1202 2313 4.
1226 2285 1316 2314 Primo
1337 2286 1413 2315 dico:
1437 2287 1459 2315 si
1481 2288 1689 2318 consideremus
1707 2290 1812 2327 gratiae
1834 2295 1948 2327 ortum,
1966 2296 2012 2339 ΡΨ
2028 2296 2041 2315 ¹·
2057 2297 2085 2338 122

1097 2339 1215 2369 quaero,
1237 2333 1304 2370 quid
1319 2333 1354 2362 sit
1374 2334 1508 2372 originale
1523 2336 1691 2373 principium
1707 2338 1820 2374 gratiae.
1836 2338 1949 2368 Certum
1960 2325 1991 2344 gra
2002 2325 2031 2339 ¹³⁹
2042 2326 2063 2339 ω
2073 2326 2091 2338 “’

1096 2383 1154 2414 651,
1176 2380 1250 2417 quod
1272 2381 1361 2418 gratia
1381 2385 1423 2411 est
1438 2382 1543 2412 datum
1564 2384 1705 2421 optimum
1721 2389 1747 2413 et
1760 2386 1870 2414 donum
1884 2395 1951 2423 per-

1096 2426 1214 2464 fectum,
1230 2428 1387 2458 desursum
1402 2430 1573 2460 descendens
1588 2440 1608 2459 a
1624 2432 1714 2461 Patre
1730 2432 1884 2461 luminum.
1900 2434 1948 2462 Fa-

1096 2474 1139 2504 cio
1159 2479 1357 2513 argumentum
1371 2485 1407 2506 ex
1423 2478 1558 2507 Canonica
1580 2479 1668 2508 lacobi
1681 2480 1699 2508 ⁷.
1720 2480 1793 2509 Pono
1814 2481 1948 2510 maiorem

1096 2523 1283 2552 universalem
1297 2524 1491 2554 affirmativam
1513 2526 1565 2555 sic:
1584 2526 1673 2555 Omne
1687 2527 1791 2556 datum
1805 2528 1948 2565 optimum

1096 2573 1122 2598 et
1142 2578 1225 2599 omne
1249 2571 1360 2600 donum
1378 2572 1542 2610 pei-fectum
1571 2574 1728 2603 desursum
1756 2578 1812 2609 est,
1834 2575 1948 2604 descen-⁴

1157 2749 1166 2762 ⁸
1183 2750 1239 2779 Cap.
1260 2752 1348 2779 10,=12.
1367 2753 1420 2782 Seq.
1438 2754 1502 2776 locus
1519 2756 1553 2776 est
1570 2754 1632 2777 loan.
1650 2755 1671 2782 1,
1689 2754 1726 2778 17.

1156 2788 1166 2801 ⁴
1182 2790 1215 2812 De
1241 2791 1284 2813 hac
1308 2791 1455 2820 definitione,
1472 2798 1533 2822 quae
1558 2796 1593 2815 est
1617 2793 1747 2816 secundum
1772 2794 1882 2822 August.,
1904 2796 1946 2817 cfr.

1093 2829 1117 2852 ll.
1135 2829 1197 2852 Sent.
1215 2830 1246 2853 lit.
1264 2831 1364 2859 Magistri
1382 2832 1405 2855 d.
1422 2833 1514 2855 XXVll.
1531 2839 1551 2856 c.
1569 2833 1591 2861 5,
1608 2836 1630 2856 et
1644 2833 1700 2856 ibid.
1711 2833 1842 2856 Comment.
1854 2833 1911 2856 dub.
1923 2834 1945 2856 3.

1156 2867 1166 2880 ¹⁵
1183 2868 1242 2892 Vide
1259 2870 1317 2892 infra
1334 2872 1474 2899 opusculum
1496 2872 1526 2895 de
1547 2872 1632 2895 Decem
1656 2872 1795 2901 Praeceptis.
1811 2885 1841 2890 —
1863 2872 1945 2895 Ultima

1092 2908 1184 2935 prologi
1201 2909 1330 2937 propositio
1348 2910 1370 2932 in
1388 2911 1406 2932 Α
1423 2910 1519 2934 brevius
1536 2912 1686 2934 contrahitur.

1155 2945 1164 2958 ⁰
1181 2947 1252 2975 Epist.
1269 2948 1293 2971 ll.
1310 2948 1363 2972 Cor.
1381 2950 1407 2977 6,
1426 2950 1446 2972 1.
1464 2950 1524 2973 Vide
1540 2957 1611 2979 snpra
1628 2954 1680 2973 nota
1703 2951 1722 2974 1.

1155 2984 1163 2998 ⁷
1182 2986 1238 3015 Cap.
1257 2988 1277 3015 l,
1299 2988 1332 3011 17.
1602 2985 1605 2988 ”

1818 3037 1847 3060 58
