2285 3398
399 238 439 266 Lx
1090 236 1330 265 PROLEGOMENA
1351 237 1378 265 C.
1401 237 1453 265 Xll.

461 315 494 338 14.
515 315 655 342 Principium
674 314 695 337 in
712 313 782 336 libros
798 314 877 336 sacrae
894 314 1033 341 scripturae.

458 361 494 384 15.
512 361 579 384 Liber
596 360 788 383 illuminationum
804 367 845 383 seu
863 360 991 383 Visionum.

457 409 493 431 ⁴6.
510 408 629 436 Optimum
647 407 786 435 Principium
805 407 827 429 in
843 406 913 429 libros
926 407 1101 430 Sententiarum.
1113 406 1183 435 lncip.
1195 406 1239 435 Gy-

393 461 449 479 rum
466 454 526 478 caeli
541 453 647 477 czivzt't'vi.

458 501 495 523 17.
511 500 579 523 Liber
596 500 625 523 de
642 500 776 523 reductione
793 500 876 522 artium
894 500 923 522 ad
941 499 1087 528 theologiam.

458 548 494 570 18.
510 547 635 570 Declaratio
652 546 803 569 terminorum
822 546 956 574 theologiae.

458 594 495 616 19.
513 594 607 615 Summa
624 593 653 615 de
670 592 768 615 essentia
784 592 832 615 Dei.

455 641 492 663 20.
510 641 633 662 Sermones
650 639 800 662 dominicales
818 645 887 667 super
905 639 1028 667 Evangelia
1048 641 1070 661 et
1086 639 1198 667 Epistulas
1210 641 1240 661 to-

394 688 438 710 tius
455 686 515 709 anni.

455 735 494 757 21.
511 735 631 757 Tractatus
647 740 717 762 super
734 733 893 756 salutationem
905 733 1043 761 angelicam.

456 783 494 805 22.
513 782 633 804 Tractatus
650 781 679 803 de
696 779 812 803 nobilitate
830 780 970 802 sacramenti
987 781 1152 808 eucharistiae,
1169 782 1192 802 et
1208 780 1239 803 di·

393 836 437 857 gna
455 827 630 857 praeparatione
646 827 676 849 ad
693 827 742 849 eius
759 826 937 854 susceptionem.

456 875 494 897 23.
511 875 631 896 Tractatus
648 873 678 895 de
695 873 836 901 expositione
853 872 941 895 Missae.

456 921 493 943 24.
512 921 634 942 Tractatus
650 920 679 941 de
696 921 785 947 septem
803 919 870 942 donis
887 919 986 947 Spiritus
1003 920 1026 942 S.

455 968 494 990 25.
511 966 668 989 meditationes
685 965 746 988 vitae
762 965 852 989 Christi.

456 1015 494 1037 26.
511 1013 668 1036 Meditationes
684 1013 714 1035 de
731 1015 820 1040 septem
837 1012 917 1036 verbis
934 1013 1035 1035 Domini.

455 1062 492 1085 27.
510 1060 608 1084 Libellus
625 1060 655 1082 de
671 1059 776 1089 quinque
793 1059 953 1083 festivitatibus
973 1060 1039 1089 pueri
1056 1061 1113 1083 lesu.

456 1109 494 1131 28.
511 1107 597 1131 Cursus
614 1106 643 1129 de
660 1106 769 1128 Passione
786 1106 884 1128 Domini.

455 1155 492 1178 29.
511 1154 625 1182 Expositio
642 1153 752 1176 orationis
770 1153 907 1176 dominicae.

456 1202 493 1224 30.
511 1201 649 1224 Laudismus
666 1200 753 1223 Crucis.

455 1249 493 1270 31.
511 1247 609 1270 Libellus
625 1248 655 1269 de
672 1249 760 1275 septem
779 1246 897 1268 itineribus
914 1247 1061 1269 aeternitatis.

456 1295 492 1317 32.
511 1294 603 1322 Mystica
621 1293 743 1321 theologia.

456 1342 494 1364 33.
511 1341 680 1369 Compendium
698 1340 800 1363 veritatis
817 1346 895 1363 sacrae
913 1340 1052 1368 scripturae.

456 1389 493 1411 34.
510 1388 610 1411 Libellus
627 1388 657 1410 de
674 1388 766 1410 stimulo
783 1387 876 1410 amoris.

456 1436 493 1458 35.
510 1435 689 1464 Breviloquium.

456 1482 494 1504 36.
510 1481 689 1510 Centiloquium.

456 1529 493 1551 37.
511 1528 672 1556 Soliloquium.

456 1575 494 1596 38.
510 1574 543 1596 De
560 1579 598 1596 sex
616 1573 657 1595 alis
674 1573 804 1601 Seraphim.

456 1620 494 1642 39.
511 1620 543 1641 De
560 1625 599 1641 sex
617 1619 657 1641 alis
674 1619 810 1642 Cherubim.

458 1666 493 1689 40.
512 1667 543 1688 De
561 1668 649 1693 septem
668 1665 781 1693 gradibus
798 1666 1001 1694 contemplationis.

458 1713 493 1735 41.
512 1712 676 1735 Fascicularius
694 1713 808 1739 myrrhae.

458 1759 495 1782 42.
511 1759 630 1781 Tractatus
647 1759 676 1781 de
692 1761 792 1787 quatuor
809 1758 933 1781 virtutibus
951 1758 1113 1781 cardinalibus.

457 1806 494 1828 43.
511 1805 611 1828 Libellus
628 1806 657 1828 de
675 1805 788 1833 gradibus
805 1806 924 1828 virtutum.

461 1852 497 1875 44.
515 1853 548 1874 De
565 1852 626 1879 xJitiis
643 1854 665 1874 et
681 1858 763 1874 eorum
781 1852 897 1874 remediis.

458 1898 495 1921 45.
512 1899 545 1921 De
562 1898 635 1920 tribus
653 1898 757 1921 ternariis
775 1897 906 1921 infamibus.

462 1946 497 1968 46.
515 1946 547 1967 De
564 1945 661 1973 puritate
675 1945 835 1967 conscientiae.

461 1993 497 2015 47.
514 1993 638 2020 Speculum
656 1992 798 2020 disciplinae.

463 2039 499 2061 48.
517 2039 602 2067 Viginti
619 2039 723 2067 quinque
741 2039 889 2061 memorialia.

460 2085 495 2108 49.
515 2086 546 2108 De
563 2085 644 2113 viginti
662 2085 769 2113 passibus
786 2085 900 2108 bonorum
919 2085 1096 2114 Religiosorum.

459 2132 496 2154 50.
515 2132 546 2154 De
564 2132 704 2160 perfectione
722 2132 790 2155 vitae.
808 2133 878 2161 lucip.
895 2133 982 2155 Beatus
1000 2132 1078 2155 homo.

459 2179 496 2201 5l.
514 2178 650 2201 Remedium
667 2178 799 2201 defectuum
818 2179 934 2206 Religiosi.

460 2225 498 2247 52.
514 2224 613 2247 Libellus
630 2225 795 2253 apologeticus.

460 2271 496 2293 53.
515 2270 625 2297 Libellus,
644 2271 679 2293 cui
699 2271 788 2294 titulus:
807 2271 908 2300 Liynnm
926 2272 993 2294 cicae.

460 2318 497 2340 54.
515 2318 589 2346 Alius,
607 2318 645 2347 qui
664 2321 760 2341 voratur
777 2319 884 2341 Parrum
896 2318 992 2342 bonnm.

461 2365 498 2387 55.
516 2365 578 2387 Alius
594 2365 722 2396 appellatps
739 2365 864 2388 Pheretra.

461 2412 497 2434 56.
516 2411 648 2434 l‘saltcrium
666 2412 690 2433 B.
710 2411 736 2433 M.
755 2412 783 2433 V.

461 2458 499 2480 57.
516 2457 649 2480 Psalterium
667 2457 744 2480 minus
761 2458 810 2480 sive
828 2461 872 2480 tres
889 2459 1075 2488 quinquagenae.

460 2504 497 2526 58.
515 2504 604 2526 Laudes
621 2504 645 2526 Β.
663 2504 772 2532 vti-ginis.
996 2496 1001 2501 “

460 2551 497 2573 59.
515 2550 603 2573 Corona
622 2551 646 2573 B.
664 2551 773 2579 Virginis.

461 2597 498 2618 60.
516 2597 639 2624 Speculum
657 2597 682 2618 B.
694 2597 805 2624 Virginis.

462 2643 500 2664 61.
519 2642 605 2665 Cursus
621 2643 650 2665 ‹lc
668 2644 829 2671 compassione
847 2645 871 2666 B.
890 2644 997 2672 Virginis.

461 2689 498 2711 62.
520 2689 639 2712 Canticum
663 2691 697 2712 Ss.
720 2690 835 2712 Ambrosii
858 2694 880 2713 et
902 2691 1022 2718 Augustini
1048 2692 1077 2714 Te
1097 2691 1172 2714 Deum
1195 2691 1244 2715 lau-

399 2735 484 2758 damus
502 2736 619 2764 adaptavit
637 2737 697 2759 laudi
716 2738 740 2759 13.
758 2738 866 2765 Virginis.

462 2783 498 2804 63.
516 2782 632 2805 Canticum
651 2786 810 2811 nuncupatum
828 2784 972 2807 Philomena.

461 2827 499 2850 64.
517 2828 615 2850 Libellus
632 2829 661 2850 de
677 2830 827 2851 ecclesiastica
846 2830 985 2852 llierarchia.

461 2874 499 2896 65.
515 2874 579 2901 Opus
596 2875 794 2902 contemplationis
812 2876 945 2898 metricum:
964 2877 1028 2899 lesus
1048 2875 1180 2905 ineffltbilia.

462 2921 499 2942 66.
517 2920 580 2948 Opus
597 2925 754 2949 nuncupatum
771 2922 928 2945 Amalorium.

461 2967 499 2988 67.
516 2966 657 2989 Collationes.
675 2968 746 2995 lucip.
773 2967 826 2990 Vide.
843 2968 923 2991 anima
942 2975 1002 2991 mea.

460 3013 498 3035 68.
515 3013 668 3041 Alpliabetum
688 3014 863 3041 lieligiosorum.
879 3015 946 3042 lncip.
964 3014 1017 3038 νίας
1034 3017 1101 3043 luas,
1123 3016 1226 3039 Domim.

1358 315 1395 336 69.
1413 315 1445 337 De
1462 314 1573 342 regimine
1590 314 1680 337 animae
1697 314 1727 337 ad
1745 316 1864 341 Blancam,
1882 315 2004 342 Hispaniae
2026 315 2138 343 reginam.

1358 361 1396 383 70.
1413 362 1480 384 Multa
1499 363 1616 389 praeterea
1633 362 1743 389 opuscula
1762 368 1834 390 usque
1851 362 1880 384 ad
1898 368 2020 384 numerum
2038 362 2091 384 300.

1358 407 1395 430 71.
1414 409 1439 430 Et
1456 396 1568 436 Epistulae
1585 409 1669 431 inultae
1686 409 1789 431 eiusdem
1808 410 1830 431 S.
1848 408 1952 431 Doctorls
1968 409 2126 431 inveniuntur.

1358 453 1396 476 72.
1414 455 1438 477 Εί
1455 454 1556 477 officium
1579 455 1609 477 cle
1625 455 1698 478 Cruce
1715 455 1865 478 devotissime
1884 454 2015 482 composuit
2038 455 2066 476 ad
2090 460 2142 476 con·

1296 501 1467 528 templationem
1485 502 1508 524 S.
1525 502 1647 529 Ludovici,
1665 502 1726 530 regis
1744 502 1858 524 Franciae.

1360 593 1483 615 praedictis
1499 594 1608 616 addimus
1625 597 1670 616 tres
1692 595 1748 617 alios
1765 595 1894 622 catalogos,
1916 600 2017 623 quorum
2040 594 2141 622 primum

1296 639 1472 667 composuimus
1488 646 1515 663 ex
1526 640 1560 663 eis
1571 647 1631 670 quae
1648 641 1731 664 Bonelli
1745 641 1873 669 (Prodrom.
1885 641 1927 663 col.
1940 641 2053 670 378-388)
2065 642 2094 664 de
2107 647 2143 664 co-

1296 684 1386 707 dicibus
1409 686 1467 708 sacrl
1489 686 1621 710 Conventus
1642 688 1774 710 Assisiensis
1796 688 1902 710 diffusius
1924 689 1999 710 refert.
2023 689 2085 710 Duos
2108 694 2143 710 se-

1295 734 1392 760 quentes
1409 732 1526 760 catalogos
1542 734 1668 756 sumsimus
1685 740 1712 756 ex
1729 734 1785 756 infra
1803 734 1886 756 notatis
1903 733 2031 757 codicibus.

1680 827 1762 849 xle.

1297 918 1322 941 ln
1340 918 1444 948 oataJogo
1460 926 1501 943 ms.
1520 919 1611 950 antiqui
1624 919 1736 943 tabularii
1752 920 1813 944 santi
1830 920 1960 944 convontus
1975 921 2073 950 Assisii,
2091 928 2144 944 oon-

1360 965 1419 988 feoto
1435 972 1472 988 an.
1492 965 1564 995 1381,
1582 966 1637 989 haee
1654 966 1677 989 S.
1694 967 1867 991 Beneventum
1884 967 2045 991 enumerantur
2057 967 2145 998 scripta

1360 1012 1387 1035 ut
1405 1011 1433 1034 ad
1451 1011 1521 1035 istam
1537 1011 1658 1035 librariam
1675 1012 1818 1043 spectantia:

1402 1105 1477 1128 Arbor
1494 1105 1573 1129 Crucis
1591 1113 1617 1128 ac

1379 1171 1384 1175 .
1402 1154 1573 1182 Breviloquium
1591 1154 1627 1175 Fr.
1647 1154 1821 1176 Bonaxenturae
1837 1154 1892 1176 Ord.
1910 1155 1988 1177 Minor.

1400 1200 1461 1222 Multi
1480 1202 1588 1222 tractatus
1604 1200 1684 1222 devoti
1701 1200 1784 1222 Fratris
1800 1201 1982 1223 Bonaventurae.

1400 1246 1542 1276 itinerarium
1560 1247 1741 1269 Bonaventurae.

1400 1293 1503 1316 Postillae
1519 1300 1590 1322 super
1607 1294 1757 1322 Evangelium
1776 1295 1850 1317 Lucae
1864 1295 1947 1318 Fratris
1964 1296 2145 1318 Bonaxenturac.

1377 1356 1383 1362 .
1399 1340 1511 1368 Apologia
1528 1340 1631 1368 magistri
1648 1341 1732 1363 Fratris
1750 1342 1932 1364 Bonaventurae.

1360 1106 1383 1408 <messum-—

1378 1404 1384 1409 .
1401 1387 1443 1409 Ars
1460 1388 1631 1411 sermocinandi
1649 1389 1773 1411 Bonavent.
1791 1392 1813 1411 et
1830 1389 2002 1418 Breviloquium
2020 1390 2131 1413 eiusdem.

1362 1434 1382 1454 8.
1401 1433 1521 1456 Tractatus
1537 1434 1567 1456 de
1583 1434 1656 1461 Ligno
1668 1434 1739 1462 vitae⁷
1757 1435 1806 1457 sive
1818 1435 1847 1457 de
1864 1435 1946 1458 Christi
1958 1435 2044 1463 Cruce,
2062 1437 2145 1459 Fratris

1298 1479 1482 1517 Bonaventurae,
1492 1483 1514 1501 et

1362 1526 1383 1548 9.
1402 1525 1453 1547 Vita
1470 1526 1545 1548 minor
1561 1529 1583 1548 et
1600 1527 1673 1549 maior
1690 1527 1715 1549 B.
1732 1528 1852 1550 Francisei.

1364 1572 1399 1594 10.
1417 1571 1491 1594 Arbor
1508 1571 1587 1594 Crucis
1604 1572 1687 1595 Fratris
1704 1573 1878 1595 Bonaventurae
1895 1574 1958 1602 (bis).

1363 1619 1400 1641 ll.
1420 1619 1540 1641 Tractatus
1557 1619 1656 1647 Logicae
1672 1620 1755 1642 Fratris
1773 1620 1946 1643 Bonaventurae

1364 1666 1399 1687 12.
1418 1664 1485 1688 Liber
1506 1665 1591 1688 stimuli
1615 1666 1701 1689 amoris
1718 1669 1740 1689 et
1764 1667 1938 1696 Breviloquium
1965 1668 2148 1691 Bonaventurae.

1366 1712 1401 1734 13.
1419 1713 1591 1741 Breviloquium
1608 1714 1784 1736 Bonaventurae
1801 1713 1865 1742 (bis).

1364 1806 1391 1828 ln
1408 1805 1465 1835 ipsis
1482 1805 1599 1829 codicibus
1616 1806 1684 1830 aazias
1702 1806 1816 1830 lim-ariae
1832 1807 1889 1830 haee
1906 1807 2085 1831 inveniebantur

1400 1852 1425 1875 S.
1444 1852 1625 1875 Benaceulume
1641 1853 1757 1882 opuscula
1775 1853 1799 1876 ι’-η
1815 1853 1927 1877 editiones
1944 1855 2044 1884 recepta.

1364 1946 1390 1971 a)
1409 1946 1431 1967 ln
1453 1945 1509 1968 Cod.
1533 1952 1555 1967 u.
1576 1946 1631 1973 102,
1648 1946 1746 1969 membr.
1770 1947 1793 1969 in
1816 1947 1836 1969 4.
1859 1953 1918 1970 saec.
1937 1948 2001 1971 Xlll:
2028 1949 2045 1970 1.
2064 1949 2147 1971 Decem

1302 1994 1423 2019 praecepta
1447 1992 1577 2019 praedicata
1601 1992 1700 2015 Parisins
1722 1999 1734 2014 a
1752 1993 1829 2015 Fratre
1847 1993 2012 2016 Bonarentura.
2030 2006 2061 2011 ——
2078 1995 2099 2017 2.
2116 1996 2148 2018 Dc

1301 2037 1416 2065 Operibus
1432 2044 1471 2060 sex
1489 2037 1587 2060 dierum.
1604 2050 1634 2055 -
1652 2039 1674 2060 3.
1692 2039 1784 2066 Septem
1800 2039 1861 2061 dona
1874 2039 1971 2067 Spiritus
1984 2040 2006 2062 S.
2019 2040 2147 2068 praedicata

1301 2089 1313 2105 a
1330 2084 1408 2106 Fratre
1426 2084 1594 2106 Bonaxentura.
1610 2097 1640 2101 —
1660 2085 1679 2107 4.
1699 2085 1814 2113 Expositio
1831 2084 1992 2113 parabolarum
2005 2086 2149 2114 lix-angelica-

1301 2135 1352 2152 rum
1371 2130 1399 2152 dc
1417 2136 1490 2159 regno
1507 2131 1637 2158 caelorum,
1655 2131 1705 2153 sive
1722 2132 1803 2153 Sermo
1820 2131 1849 2154 de
1866 2132 2005 2154 Seminante.
2018 2144 2048 2149 —-
2060 2133 2082 2155 5.
2095 2133 2147 2155 Tra-

1301 2179 1374 2199 ctatus
1391 2178 1419 2199 ilc
1436 2177 1509 2200 Cruce
1527 2179 1610 2200 Fratris
1628 2179 1811 2201 Bonaventume.
1826 2176 1858 2195 '—
1875 2179 1897 2201 6.
1913 2179 2054 2202 ltinerarium
2066 2179 2148 2202 Fratris

1301 2224 1481 2246 Bonaventurac.
1500 2237 1530 2241 —
1547 2225 1569 2247 7.
1587 2225 1713 2252 meditatio,
1730 2232 1800 2254 quam
1824 2226 1913 2254 scripsit
1930 2226 1965 2248 Fr.
1988 2227 2148 2249 Bonaventura

1301 2269 1393 2292 cuidam
1412 2271 1510 2293 dewtac
1527 2271 1642 2294 dominae.
1660 2284 1690 2289 —
1708 2273 1730 2294 8.
1750 2273 1904 2295 Meditationes
1926 2273 2008 2295 Fratris
2031 2274 2148 2297 Bonax-en-

1301 2318 1373 2339 turae.
1397 2317 1464 2345 int-ip.
1487 2318 1544 2341 Ecce
1564 2317 1678 2347 descripsi
1698 2325 1750 2341 eam
1773 2322 1815 2342 etc.
1833 2331 1863 2336 —
1880 2320 1900 2341 9.
1921 2320 2101 2349 Breviloquium.
2118 2333 2149 2338 -—

1302 2364 1339 2385 110.
1357 2363 1388 2385 De
1406 2368 1494 2392 septem
1513 2365 1625 2392 gradibus
1642 2366 1846 2394 contemplationis.

1365 2410 1388 2434 b)
1406 2410 1461 2433 Cod.
1480 2418 1501 2433 n.
1520 2413 1542 2433 2.
1559 2413 1630 2434 chari.
1649 2412 1670 2434 in
1690 2413 1738 2434 fol.:
1757 2413 1869 2440 Expositio
1887 2413 1908 2434 in
1927 2413 2017 2435 Cantica
2036 2414 2063 2436 D.
2080 2415 2149 2436 Bona-

1302 2459 1420 2479 venturae.

1364 2505 1387 2529 ιτ)
1404 2504 1460 2526 Cod.
1478 2511 1499 2526 n.
1522 2505 1555 2526 19.
1573 2505 1672 2527 membr.
1690 2506 1711 2527 in
1731 2506 1757 2528 4:
1775 2505 1845 2528 Biblia
1863 2506 2000 2533 Pauperum.

1364 2550 1389 2574 ri)
1407 2550 1463 2573 Cocl.
1487 2557 1508 2572 n.
1529 2551 1547 2573 ί.
1570 2551 1668 2574 membr.
1691 2552 1713 2574 in
1735 2553 1764 2574 8:
1785 2552 1805 2574 1.
1822 2552 1919 2579 Lignum
1942 2553 2015 2580 vitae,
2035 2560 2075 2576 seu
2096 2553 2149 2577 Cru-

1301 2597 1345 2624 cis,
1363 2598 1544 2620 bonaventurae.
1561 2610 1592 2614 —
1610 2599 1632 2620 2.
1645 2598 1755 2620 Stimulus
1767 2598 1859 2620 amoris.
1871 2610 1901 2614 —
1913 2599 1934 2620 3.
1948 2599 1998 2621 Vita
2011 2600 2036 2621 B.
2048 2600 2071 2622 P.
2083 2601 2148 2622 Franv

1300 2644 1362 2666 cisci.
1379 2656 1410 2660 —
1429 2644 1449 2666 4.
1467 2645 1650 2674 Breviloquium.

1364 2691 1386 2714 e)
1404 2690 1459 2713 Cod.
1478 2698 1500 2713 n.
1516 2691 1555 2713 76.
1578 2691 1676 2713 membr.
1699 2691 1720 2714 in
1745 2693 1774 2713 8:
1793 2691 1859 2714 Liber
1876 2692 1910 2713 Fr.
1927 2693 2102 2715 Bonavonturae
2119 2693 2148 2716 de

1302 2737 1400 2759 Veritate
1418 2738 1553 2765 theologiae.

1363 2785 1382 2813 s)
1401 2784 1457 2806 Cod.
1475 2791 1498 2806 n.
1516 2785 1552 2806 80.
1571 2784 1669 2807 membr.
1687 2785 1709 2807 in
1725 2784 1843 2813 grandiori
1861 2785 1889 2806 8:
1909 2786 1929 2807 l.
1947 2785 1989 2807 Ars
2005 2786 2088 2808 Fratris
2109 2787 2148 2807 Βυ-

1301 2834 1448 2853 narcnturae.
1464 2831 1533 2858 lut-ip.
1545 2831 1626 2853 Omnis
1638 2831 1748 2854 tractatio
1765 2830 1957 2860 scripturarum.
1968 2844 1999 2848 —
2011 2833 2032 2854 2.
2051 2832 2103 2854 Brex
2112 2832 2149 2854 ilo-

1301 2878 1389 2906 quium.

1363 2925 1389 2953 q)
1407 2923 1463 2946 Cod.
1481 2930 1502 2945 u.
1522 2923 1559 2945 84.
1576 2923 1676 2946 membr.
1695 2925 1717 2946 in
1740 2925 1782 2946 12:
1800 2924 1906 2946 l'haretra
1931 2924 1956 2946 D.
1974 2925 2147 2946 bonaventurae

1301 2970 1423 2997 adscripta.

1363 3017 1389 3041 h)
1407 3015 1464 3038 Cod.
1482 3023 1504 3038 n.
1522 3017 1559 3038 93.
1577 3017 1675 3039 membr.
1693 3017 1714 3039 in
1733 3018 1758 3039 ὃς
1776 3017 1957 3053 Brexiloquiuin.
