2285 3398
436 194 480 223 XII
1135 192 1374 222 PROLEGOMENA
1395 193 1423 221 C.
1445 193 1473 222 ll.

435 273 587 299 mentionem,
604 278 646 295 nec
661 274 784 301 apparatus
801 270 828 301 [i.
844 277 866 294 e.
882 261 948 294 notae
965 274 987 294 et
998 270 1198 300 commentarium]
1216 271 1273 293 eius.

436 319 480 342 Sed
496 322 555 346 esto,
567 319 630 348 quod
646 319 687 346 ita,
705 325 758 341 cum
769 319 853 341 scilicet
870 319 935 341 samis
954 321 1058 347 tempore
1073 319 1203 346 impellente
1216 319 1273 340 sacta

435 367 513 393 suerit,
529 366 675 389 nihilominus
691 369 767 389 tamen
784 352 818 389 lei}
841 368 951 394 perpetua
968 369 1001 389 est
1017 368 1039 389 et
1056 365 1167 394 generalis
1184 368 1206 387 et
1222 371 1274 387 con-

434 413 488 436 tinet
504 413 539 436 ius
550 419 686 440 commune,
703 414 757 442 quia
769 415 872 435 cessante
888 419 957 435 causa
974 413 1097 441 impulsiva
1117 411 1272 437 conflationis,

434 467 479 484 non
491 462 566 483 tamen
578 462 651 483 cessat
668 460 787 487 conflatio,
805 460 863 483 sicut
884 463 981 488 apparet
998 460 1026 482 de
1043 459 1189 487 Calphurnia,
1212 464 1273 486 quae

434 507 497 530 dedit
513 513 606 529 causum
622 507 707 535 edicto,
720 507 749 529 de
760 507 884 538 Macedone
899 505 1020 534 improbo,
1037 512 1081 528 non
1099 508 1175 527 tamen
1200 506 1273 526 cessat

433 555 467 577 lex
491 554 520 576 de
537 554 684 581 postulando,
710 555 767 576 sacta
789 556 883 581 propter
907 553 957 575 eius
973 552 1154 581 improbitatem,
1171 551 1217 574 scil.
1243 551 1272 574 de

433 600 562 629 postuland.
579 600 603 622 L.
621 600 642 622 l.
659 601 680 622 tr.
697 600 711 628 ξ’,
727 600 861 622 secundo„

494 647 528 670 Ad
548 647 692 670 solutionem·
706 647 742 669 lt.
758 646 903 674 obiectionis‚
920 647 968 669 scil.
985 647 1047 669 ruod
1071 647 1121 668 licet
1141 646 1273 668 mendicare

432 695 455 717 in
471 701 495 717 se
511 700 557 717 non
574 694 603 717 sit
619 694 764 722 perfectionis
780 694 829 717 sive
846 694 987 721 indifferens,
1004 693 1179 722 praesupposita
1197 695 1273 715 tamen

432 742 555 764 universali
566 741 762 764 abrenuntiatione
774 744 868 769 propter
879 741 1002 767 Christum,
1011 747 1070 769 opus
1079 744 1112 763 est
1121 740 1272 769 perfectionis,

432 788 596 816 respondetur:
618 796 628 808 ι
640 788 680 810 Hic
697 788 761 815 dico,
782 788 845 816 quod
863 788 993 810 mendicare
1009 794 1055 810 non
1076 790 1110 810 est
1126 793 1185 815 opus
1208 787 1272 809 indir-

432 836 519 863 [ει-επις,
537 835 607 857 immo
624 841 683 863 opus
700 833 855 862 prohibitum,
866 834 909 857 nisi
926 835 949 856 in
966 841 1033 863 easu3
1046 835 1106 857 unde
1122 837 1217 862 propter
1232 834 1273 856 cir-

432 881 593 904 cumstantiam
615 887 660 903 non
683 881 707 903 sst
723 880 810 904 bonum
832 882 868 903 vel
886 881 1042 908 meritorium,
1063 881 1103 904 sed
1121 883 1215 909 propter
1232 881 1273 903 cir-

431 929 590 951 cumstantiam
607 929 710 951 excusari
726 931 834 956 potest».

493 976 529 998 Ad
545 976 681 998 solutionem
700 976 737 999 ⁴5.
753 975 899 1004 obiectionis,
921 976 1049 999 secundum
1072 982 1142 1004 quam
1164 975 1273 1004 obligatio

432 1022 526 1045 veniens
542 1029 568 1045 ex
585 1025 649 1044 reatu
660 1022 741 1050 culpae
758 1025 792 1045 est
811 1023 958 1051 refugienda,
975 1023 1015 1045 sed
1032 1023 1127 1045 veniens
1148 1028 1175 1045 ex
1191 1023 1272 1044 affectu

431 1068 530 1091 caritatis
546 1069 660 1097 perfectae
676 1071 711 1091 est
731 1069 883 1097 acceptanda,
900 1071 923 1091 et
944 1070 986 1091 hac
1003 1068 1117 1097 obligatur
1139 1068 1273 1091 mendicans

431 1115 481 1138 sive
497 1116 668 1143 eleemosynam
684 1115 810 1143 recipiens,
827 1115 875 1137 scil.
892 1115 922 1137 ad
947 1115 1061 1138 orandum
1079 1121 1121 1143 pro
1146 1114 1273 1137 benefacto-

430 1170 455 1186 re
471 1166 524 1191 etc.;
542 1165 598 1186 haec
615 1163 752 1191 proponitur
768 1163 900 1191 responsio:
922 1171 932 1183 ι
945 1163 1015 1190 Vide,
1032 1163 1089 1192 quid
1105 1162 1172 1190 dicit,
1189 1162 1274 1184 scilicet

430 1211 493 1240 quod
509 1211 549 1240 qui
566 1211 647 1239 recipit
662 1211 821 1239 eleemosynas
837 1210 952 1238 obligatur
968 1217 995 1233 ex
1011 1210 1112 1233 caritate.
1129 1210 1174 1232 Sed
1191 1210 1210 1232 si
1226 1215 1273 1231 non

430 1258 499 1281 habet
515 1258 647 1286 caritatem,
665 1264 784 1286 nunquam
801 1257 933 1286 obligatur?
949 1257 1051 1285 Constat,
1069 1257 1132 1286 quod
1149 1257 1196 1279 sic:
1216 1262 1273 1284 ergo

430 1305 585 1333 periculosum
597 1307 631 1326 est
652 1304 766 1332 recipere;
784 1310 837 1326 cum
849 1310 894 1326 non
911 1310 1004 1332 semper
1024 1304 1095 1332 possit
1111 1304 1213 1330 solvere,
1231 1309 1273 1326 nec

429 1356 464 1374 est
479 1357 585 1378 necesse,
602 1350 666 1379 quod
682 1357 775 1378 omnes,
791 1351 831 1380 qui
854 1351 985 1380 relinquunt
1006 1351 1084 1373 omnia
1106 1357 1148 1379 pro
1170 1349 1271 1377 Christo,

430 1404 522 1427 semper
538 1398 583 1420 sint
599 1398 621 1420 in
637 1398 730 1420 caritate
742 1406 764 1420 ν).

491 1445 526 1467 Ad
543 1445 678 1467 solutionem
691 1445 727 1467 ⁴6.
739 1444 885 1472 obiectionis,
902 1451 947 1474 qua
960 1445 1056 1473 dicitur,
1073 1444 1136 1473 quod
1153 1444 1193 1473 qui
1211 1450 1271 1466 men-

429 1493 506 1515 dicant
522 1499 548 1515 ex
565 1492 713 1521 professione,
731 1493 774 1515 hoc
790 1499 836 1515 non
853 1493 949 1519 faciunt,
966 1492 1021 1521 quia
1038 1498 1152 1520 pauperes
1163 1493 1218 1518 etc.‚
1230 1491 1272 1513 sed

429 1539 483 1569 quia
504 1545 619 1568 pauperes
639 1538 722 1562 Christi
738 1539 864 1562 imitatores
880 1542 903 1562 et
919 1539 1125 1567 evangelizatores3
1147 1538 1272 1560 Gulielmus

430 1587 507 1609 instat:
529 1595 539 1607 ι
552 1586 596 1609 Sed
613 1588 703 1608 contra:
720 1586 795 1608 sinon
807 1590 904 1614 possunt
920 1585 1059 1613 mendicare,
1071 1585 1125 1614 quia
1140 1590 1271 1612 pauperes,

430 1639 471 1656 nec
482 1633 536 1662 quia
553 1632 736 1661 praedicatores:
748 1638 804 1660 ergo
821 1638 863 1655 nec
873 1632 927 1661 quia
945 1637 1060 1660 pauperes
1071 1631 1240 1659 praedicatores
1249 1639 1271 1652 ι.

491 1680 526 1702 Ad
543 1679 679 1702 solutionem
698 1679 736 1701 47.
747 1678 894 1706 obiectionis,
911 1679 933 1701 in
950 1685 996 1707 qua
1009 1678 1166 1700 mendicantes
1182 1676 1271 1705 praedi-

429 1729 530 1753 catoreS,
546 1727 600 1755 quia
617 1726 804 1748 sustentationem
822 1728 910 1748 tantum
927 1728 1042 1754 quaerunt
1058 1725 1117 1748 sicut
1133 1725 1195 1746 viam
1212 1724 1271 1746 ordi-

429 1776 505 1796 natam
523 1774 552 1796 ad
564 1773 714 1801 Evangelium
731 1772 925 1800 praedicandum,
937 1772 1092 1795 defenduntur
1108 1777 1121 1793 a
1138 1773 1233 1799 peccato
1244 1770 1271 1793 si-

429 1820 531 1848 moniae,
544 1822 599 1843 haec
617 1820 684 1842 (latur
700 1820 831 1847 responsio:
848 1819 912 1842 :Sed
933 1822 1011 1841 contra
1029 1821 1084 1845 stat,
1103 1819 1167 1847 quod
1185 1818 1271 1840 Eliseus

429 1874 474 1890 non
491 1867 586 1895 gerebat
602 1867 624 1889 in
641 1867 730 1892 animo,
747 1866 841 1894 quando
858 1866 947 1888 sanavit
969 1866 1080 1892 Naaman,
1103 1866 1164 1894 quod
1186 1865 1270 1894 aliquid

429 1914 458 1937 ab
475 1921 502 1937 eo
518 1914 646 1942 acciperet;
664 1914 704 1936 sed
726 1919 799 1941 pone,
820 1913 882 1942 quod
906 1915 985 1940 postea
1009 1913 1153 1935 mandaverit
1173 1912 1218 1940 peti
1241 1911 1271 1934 ab

429 1967 470 1988 eo,
487 1961 522 1983 vel
539 1963 611 1983 ratam
634 1960 739 1982 habuerit
756 1960 887 1987 petitionem
910 1959 975 1986 pueri
992 1959 1039 1986 sui,
1058 1965 1132 1981 nonne
1148 1958 1269 1981 simoniam

429 2007 599 2030 committeret?
616 2006 718 2033 Constat,
741 2005 805 2034 quod
822 2005 866 2032 sic,
883 2005 942 2027 sicut
958 2005 1031 2031 Giezi,
1054 2005 1092 2033 qui
1115 2010 1142 2027 ex
1159 2006 1270 2032 postfacto

430 2054 494 2082 petiit
508 2060 521 2076 a
539 2054 652 2080 Naaman,
667 2059 694 2075 eo
706 2052 769 2081 quod
781 2052 851 2078 vidit,
862 2052 967 2073 exenium
984 2050 1010 2080 [i.
1023 2057 1043 2073 e.
1060 2057 1145 2073 munus
1156 2057 1196 2073 seu
1208 2051 1271 2073 obla-

430 2101 524 2130 tionem]
543 2101 640 2123 Domino
656 2106 698 2122 suo
715 2099 861 2128 praesentari.
881 2099 940 2126 Ergo
957 2101 979 2120 et
996 2098 1037 2120 iste
1059 2098 1097 2126 qui
1114 2101 1166 2126 post
1182 2097 1270 2126 praedi-

430 2147 541 2170 cationem
560 2147 681 2175 permittit,
698 2152 752 2168 suos
769 2148 847 2174 petere
863 2144 893 2167 ab
916 2145 958 2167 illis
974 2144 1059 2174 quibus
1082 2144 1233 2172 praedicavit,
1250 2144 1268 2166 si

431 2193 553 2221 prohibere
569 2193 652 2221 possit,
671 2192 761 2215 ridetur
778 2192 921 2214 committere
938 2191 1067 2213 simoniam.
1086 2191 1211 2217 Praeterea,
1228 2190 1268 2212 etsi

430 2241 470 2263 iste
492 2240 531 2269 qui
556 2239 706 2268 praedicavit,
723 2245 770 2261 nou
787 2239 908 2261 committit
924 2238 1058 2265 simoniam,
1075 2238 1128 2266 quia
1152 2244 1196 2260 non
1214 2238 1269 2265 petit

429 2293 472 2310 nec
489 2287 582 2309 mandat
599 2287 656 2315 peti,
669 2292 710 2309 nec
727 2286 800 2314 placet
817 2286 837 2308 ci
854 2286 916 2314 quod
935 2288 1037 2313 petatur;
1052 2288 1128 2307 tamen
1141 2291 1198 2313 puer
1213 2291 1269 2307 suus

429 2337 451 2357 et
467 2335 542 2357 socius
559 2341 626 2362 suus,
643 2334 682 2362 qui
700 2334 767 2362 petit,
785 2333 876 2356 videtur
893 2333 1035 2355 committere
1052 2333 1172 2355 simoniam
1186 2341 1206 2354 ι.

491 2382 525 2404 Ad
542 2381 678 2415 solutionem
697 2381 734 2403 118.
750 2379 896 2407 obiectiouis,
913 2381 934 2403 in
952 2386 997 2408 qua
1015 2380 1108 2408 dicitur,
1125 2379 1187 2408 quod
1205 2385 1268 2407 prae-

431 2429 544 2451 dicatores
561 2428 667 2456 perfecti,
688 2428 775 2450 etiamsi
801 2430 879 2455 petant
904 2427 1049 2454 temporalia,
1073 2433 1097 2449 se
1122 2426 1234 2449 abstineut
1255 2432 1267 2448 a

429 2476 505 2504 specie
523 2476 595 2503 mala,
612 2475 777 2503 respondetur:
803 2484 813 2494 ιι
825 2474 920 2498 Contra:
939 2474 1070 2497 mendicare
1087 2477 1121 2496 est
1136 2473 1268 2502 simpliciter

429 2523 527 2549 malum,
544 2523 587 2544 uisi
611 2523 753 2551 aliquatenus
777 2525 908 2548 excusetur,
925 2522 978 2550 quia
996 2524 1030 2544 est
1047 2524 1122 2544 contra
1140 2521 1267 2544 doctrinam

430 2568 546 2595 Apostoli,
563 2568 603 2590 sed
628 2569 691 2596 quod
716 2571 750 2590 est
774 2568 906 2596 simpliciter
923 2571 1043 2596 peccatum
1063 2568 1110 2590 lieri
1129 2574 1174 2590 non
1194 2569 1268 2595 potest

430 2614 518 2636 bonum
539 2617 633 2642 propter
657 2614 785 2650 Christum,
802 2615 855 2643 quia
872 2615 922 2642 ipse
939 2615 1037 2642 peccatis
1053 2615 1136 2637 nostris
1153 2621 1199 2637 non
1216 2617 1268 2643 eget

431 2660 478 2690 [cfr.
497 2663 551 2683 tom.
568 2661 605 2683 lv.
622 2667 675 2688 pag.
693 2660 749 2687 539,
767 2664 817 2683 nota
835 2661 857 2682 7.
875 2661 945 2683 verba
963 2662 1092 2690 Gregoriu:
1109 2668 1165 2689 ergo
1183 2662 1267 2684 mendi-

429 2713 481 2729 care
499 2714 544 2729 non
561 2710 634 2735 potest
645 2713 695 2729 esse
707 2713 766 2734 opus
783 2707 928 2734 persectIonis
940 2716 951 2726 ι)
966 2706 1018 2736 [cfr.
1030 2714 1099 2735 supra
1111 2708 1139 2730 ad
1152 2709 1217 2730 solut.
1231 2708 1266 2730 14.

428 2753 530 2783 obiect.].

491 2801 524 2823 Ad
542 2801 677 2823 solutionem
697 2801 733 2823 ⁴9.
749 2800 896 2827 obiectionis,
913 2801 976 2829 quod
994 2801 1162 2829 praedicatores
1180 2803 1267 2825 mendi-

428 2850 505 2870 cantes
522 2850 618 2875 possunt
634 2849 712 2875 petere
728 2854 753 2869 ex
771 2847 959 2875 subauctoritate,
972 2850 994 2869 et
1004 2847 1067 2875 quod
1086 2848 1178 2871 maioris
1193 2849 1267 2871 bumi-

427 2894 493 2916 litatis
510 2897 555 2921 est,
571 2894 590 2917 si
608 2897 687 2922 petunt
703 2900 728 2916 ex
746 2894 833 2922 gratia,
858 2894 955 2916 dicitur:
983 2903 995 2914 cx
1007 2893 1089 2916 Contra
1115 2896 1157 2918 hoc
1179 2896 1266 2918 dictum

427 2943 461 2962 est
477 2946 546 2968 supra
565 2940 602 2969 [ad
620 2946 668 2967 arg.
686 2940 747 2969 33.],
764 2940 849 2963 scilicet
866 2941 928 2969 quod
940 2940 1106 2963 subauctoritas
1123 2944 1162 2964 aut
1178 2942 1217 2964 dat
1229 2948 1266 2970 po-

428 2989 530 3009 testatem
548 2987 665 3014 sumendi,
682 2990 720 3009 aut
737 2994 790 3009 non.
807 2988 830 3009 Si
847 2988 885 3010 dat
902 2990 1052 3015 potestaten13
1069 2994 1125 3015 ergo
1142 2995 1188 3010 non
1205 2995 1266 3010 men-

1328 271 1400 298 dicat,
1412 271 1465 300 quia
1477 274 1577 299 potestas
1588 278 1632 294 non
1645 274 1678 294 est
1690 271 1835 299 mendicitas,
1848 274 1872 293 ut
1883 271 1937 293 dicit
1948 271 2026 293 Glossa
2038 271 2062 293 ll.
2074 271 2134 293 Tim,
2143 271 2166 293 2.

1328 316 1353 347 [6
1365 324 1369 345 ;
1387 319 1445 340 hanc
1461 318 1564 340 Glossam
1581 319 1662 346 allegat
1677 319 1745 341 etiam
1763 319 1784 340 S.
1798 319 1883 340 Bonav.
1894 318 1915 340 in
1928 319 1970 340 hac
1981 317 2069 347 solut.];
2081 318 2100 340 si
2111 324 2166 340 vero

1327 370 1372 386 non
1389 364 1428 386 dat
1444 367 1595 392 potestatem:
1611 371 1667 393 ergo
1684 371 1728 387 non
1745 367 1819 393 potest
1835 366 1970 393 potestatem
1986 370 2089 392 sumere,
2111 364 2166 393 quin

1328 411 1454 439 mendicet,
1470 411 1532 440 quod
1550 414 1584 434 est
1600 414 1676 434 contra
1694 412 1828 440 Apostolum
1845 413 1867 433 et
1884 411 2037 439 Augustinum
2049 419 2070 432 n.
2085 410 2166 432 —llis

1328 457 1453 480 Gulielmus
1469 458 1568 481 innitens
1583 460 1661 480 contra
1678 459 1770 481 alteram
1788 458 1911 485 rationem,
1928 458 1975 480 scil.
1991 458 2055 487 quod
2074 457 2167 480 maioris

1328 504 1459 527 humilitatis
1476 505 1516 533 sit,
1530 505 1547 527 si
1560 507 1639 533 petunt
1650 511 1676 528 ex
1688 505 1773 534 gratia,
1790 507 1846 528 haec
1862 505 1927 528 dicit:
1950 514 1961 525 α
1973 506 2021 528 lloc
2038 508 2071 527 est
2088 508 2166 527 contra

1328 550 1432 573 Glossam
1458 552 1610 579 praedictam,
1627 552 1681 581 quia
1698 554 1834 580 potestatem
1851 551 1938 574 habens
1954 558 1999 574 non
2016 554 2090 579 potest
2106 557 2167 574 men-

1327 598 1405 620 dicare
1422 598 1444 620 id
1461 599 1523 627 quod
1540 605 1567 621 ex
1584 601 1694 626 potestate
1710 599 1754 621 sibi
1771 599 1868 621 debetur
1879 608 1901 621 n.

1391 645 1471 668 Ultima
1490 645 1546 673 (20.)
1563 645 1661 668 obiectio
1678 648 1700 668 et
1716 646 1797 668 solutio
1812 646 1884 674 ipsius
1900 645 1924 668 in
1940 646 1992 668 cod.
2008 645 2085 668 Lalio
2097 645 2166 668 modo

1328 697 1398 721 quam
1422 691 1446 713 in
1471 693 1547 713 nostra
1564 691 1602 713 ed.
1619 691 1669 719 [cfr.
1686 698 1755 719 supra
1772 692 1800 714 ad
1818 692 1883 715 solut.
1902 692 1909 714 4
1920 693 1937 714 l.
1962 691 2054 720 obiect.]
2076 691 2167 714 exhibe-

1328 744 1373 761 tur.
1388 737 1490 760 Obiectio
1508 738 1556 760 talis
1572 740 1620 760 est:
1640 746 1651 757 α
1663 738 1730 765 ltem,
1747 744 1843 766 persona
1861 739 2024 766 praedicatoris
2032 738 2101 761 debet
2116 745 2166 761 esse

1328 785 1426 808 discreta
1443 787 1465 807 et
1482 784 1563 807 nobilis
1579 784 1628 807 sive
1645 784 1794 812 honorabilis,
1811 791 1856 807 non
1878 785 1944 812 vilis;
1969 785 2009 808 sed
2027 785 2085 807 nulla
2103 785 2169 807 vilior

1329 838 1426 860 persona
1448 838 1518 860 quam
1536 837 1633 859 persona
1651 831 1815 853 mendicantis:
1832 837 1888 859 ergo
1904 837 2001 859 persona
2021 831 2169 854 mendicantis

1329 882 1354 901 ut
1370 878 1534 907 praedicatoris
1558 884 1603 900 non
1628 877 1697 900 debet
1721 884 1770 901 esse
1789 878 1935 906 mendicans;
1951 881 1973 901 et
1989 879 2022 901 sic
2039 879 2168 901 mendicare

1329 925 1516 954 praedicantibus
1532 931 1577 947 non
1594 927 1629 947 est
1644 931 1704 953 opus
1720 925 1866 953 perfectionis
1882 926 2017 949 christianae
2028 935 2050 948 n.
2066 938 2097 943 —
2108 927 2169 949 Solu-

1329 973 1360 995 tio
1378 974 1434 995 haec
1451 975 1496 995 est:
1517 981 1528 992 ιι
1540 972 1575 994 Ad
1591 971 1710 999 ultimum,
1734 972 1797 1000 quod
1817 978 1914 1000 persona
1932 973 2094 1001 praedicatoris
2111 976 2167 999 etc.;

1329 1020 1465 1047 dicendum,
1490 1019 1553 1048 quod
1570 1018 1588 1041 sl
1606 1018 1686 1047 aliquis
1702 1025 1726 1041 se
1743 1019 1835 1041 vilificat
1852 1025 1893 1047 pro
1910 1019 2011 1048 Christo,
2028 1026 2075 1042 non
2092 1023 2167 1042 tamen

1329 1066 1379 1089 vilis
1396 1069 1429 1088 est
1446 1071 1557 1094 persona,
1574 1065 1645 1088 immo
1661 1065 1811 1094 honorabilis;
1828 1066 1882 1095 quia
1898 1067 2006 1089 viliflcare
2018 1073 2042 1090 se
2054 1073 2096 1095 pro
2108 1066 2169 1090 Chri-

1328 1115 1363 1135 sto
1384 1115 1418 1135 est
1435 1112 1464 1134 de
1485 1113 1622 1140 perfectione
1647 1113 1782 1136 christianae
1806 1113 1933 1142 religionis,
1950 1114 2015 1137 cuius
2039 1114 2167 1142 exemplum

1329 1159 1351 1181 in
1368 1159 1442 1181 David
1459 1159 1575 1181 invenitur
1586 1159 1609 1181 ll.
1621 1159 1678 1187 Reg.
1695 1159 1716 1181 6.
1728 1158 1801 1189 [22.]:
1815 1160 1850 1182 lta
1863 1159 1956 1189 ludam,
1970 1161 2055 1190 inquit,
2067 1162 2089 1183 et
2099 1160 2167 1184 vilior

1328 1205 1386 1236 fiam
1400 1205 1456 1235 plus
1468 1211 1541 1234 quam
1552 1205 1629 1235 factus
1640 1212 1702 1234 sum,
1716 1207 1736 1229 et
1747 1212 1788 1229 ero
1799 1206 1895 1230 humilta
1907 1207 1932 1230 in
1942 1207 2016 1231 oculis
2028 1207 2085 1231 nmis·
2095 1217 2105 1227 n
2125 1210 2168 1230 etc.

1328 1264 1359 1269 —
1376 1252 1410 1274 Ad
1428 1253 1487 1275 hanc
1510 1252 1645 1275 solutionem
1667 1259 1765 1282 sequens
1782 1254 1848 1276 datur
1864 1255 1997 1282 responsio:
2017 1263 2028 1274 α
2041 1255 2101 1277 Bene
2118 1261 2168 1277 con·

1329 1300 1399 1326 cedo,
1416 1300 1480 1328 quod
1497 1306 1521 1322 se
1538 1300 1647 1322 vilificare
1664 1306 1706 1328 pro
1722 1299 1812 1323 Christo
1828 1307 1855 1323 ex
1872 1301 1997 1324 humilitate
2018 1301 2105 1323 bonum
2122 1303 2166 1327 est,

1328 1347 1385 1369 dum
1402 1350 1478 1370 tamen
1495 1347 1535 1369 ista
1552 1347 1627 1369 vilitas
1644 1353 1688 1369 non
1700 1347 1728 1369 sit
1738 1350 1816 1370 contra
1828 1348 1967 1370 voluntatem
1982 1348 2064 1371 Christi
2077 1348 2099 1369 in
2110 1347 2167 1375 Apo-

1328 1393 1386 1415 stolo
1403 1393 1515 1421 loquentis
1532 1393 1556 1415 ll.
1568 1392 1619 1415 Cor.
1634 1393 1669 1415 13.
1681 1392 1735 1422 [3.]:
1746 1394 1784 1416 Απ
1794 1393 1982 1423 experimentum
1993 1392 2106 1423 quaeritis
2118 1392 2167 1415 eius

1328 1439 1370 1469 qui
1387 1439 1411 1462 in
1431 1445 1468 1462 me
1487 1439 1600 1469 loquitur,
1613 1439 1739 1462 Christus?
1761 1443 1783 1462 et
1799 1440 1851 1463 ideo
1868 1440 1916 1463 talis
1933 1440 2048 1463 vilificatio
2064 1446 2110 1462 non
2132 1442 2166 1462 est

1328 1486 1400 1515 bona,
1416 1487 1458 1509 sed
1475 1487 1551 1514 potius
1567 1489 1601 1509 est
1617 1489 1735 1514 peccatum
1748 1496 1769 1510 n.

1391 1534 1516 1562 Hucusque
1533 1533 1687 1556 adversarius.
1699 1534 1778 1557 Omnia
1796 1535 1845 1557 eius
1862 1537 1996 1563 argumenta
2008 1534 2166 1556 Bouaventura

1328 1580 1417 1602 reducit
1433 1580 1463 1602 ad
1479 1580 1583 1608 quinque
1598 1580 1681 1603 classes
1697 1583 1719 1603 et
1736 1581 1757 1603 in
1774 1581 1977 1615 suavi-eplicatione
1993 1580 2107 1603 convellit.

1390 1627 1403 1654 S
1421 1627 1442 1649 4.
1458 1626 1558 1649 Articuli
1575 1626 1630 1657 dno,
1647 1626 1736 1651 soilioet
1752 1627 1778 1651 de
1800 1627 1999 1651 abrenuntiatione
2016 1627 2039 1650 aiz
2061 1626 2087 1650 de
2103 1633 2166 1649 men-

1327 1673 1433 1704 ‹ti-uitato,
1450 1673 1496 1697 fere
1513 1673 1599 1703 integri
1615 1674 1699 1705 recepti
1716 1675 1772 1698 sunt
1789 1675 1812 1698 in
1835 1675 1947 1698 Summam
1970 1673 2096 1698 Alexandri
2120 1674 2165 1696 Ha.-
2191 1701 2193 1703 ‚

1327 1719 1397 1743 lensia
1414 1720 1490 1750 p.1v.
1513 1727 1534 1750 q.
1557 1719 1595 1743 30.
1617 1720 1641 1744 et
1663 1720 1701 1744 31.
1718 1734 1749 1739 -
1771 1723 1916 1750 lgnoramus‚
1938 1724 2014 1744 utrum
2037 1722 2080 1743 hoc
2102 1720 2164 1749 quod

1328 1768 1364 1790 hic
1381 1768 1531 1794 asseruimuS,
1550 1768 1593 1790 iam
1614 1771 1665 1790 ante
1681 1775 1723 1792 nos
1739 1769 1769 1791 ab
1788 1770 1864 1798 aliquo
1883 1768 2031 1792 observatum
2048 1768 2083 1790 sit.
2100 1768 2164 1791 Unde

1328 1815 1403 1843 primo
1414 1815 1490 1843 ipsum
1507 1814 1597 1844 sactum
1614 1816 1797 1839 confirmandum
1814 1819 1855 1839 est.

1390 1862 1412 1884 ln
1428 1864 1493 1890 parte
1509 1862 1546 1884 lV.
1563 1864 1675 1890 praefatae
1693 1864 1802 1886 Summae
1818 1866 1840 1886 et
1855 1870 1879 1892 q.
1896 1863 1937 1891 30,
1954 1869 2015 1892 quae
2031 1861 2163 1885 inscribitur

1327 1908 1354 1931 de
1371 1907 1533 1931 &scientiane
1549 1908 1717 1940 eleemosynae,
1735 1913 1843 1933 tractatur
1866 1910 1948 1932 diffuse
1972 1912 1995 1932 et
2011 1915 2053 1938 per
2071 1910 2116 1931 sere
2137 1909 2161 1930 13

1327 1955 1424 1983 paginas
1441 1955 1461 1977 in
1480 1955 1532 1977 solio
1551 1956 1613 1985 (edit.
1630 1957 1714 1979 Veneta
1733 1957 1802 1985 ι1575)
1820 1959 1910 1979 nostrae
1926 1956 2065 1986 quaestionis
2081 1955 2163 1977 articu-

1326 2002 1361 2024 lus
1379 2002 1399 2024 l.
1415 2002 1445 2024 de
1462 2001 1664 2026 abrenuntiatione.
1681 2003 1764 2026 Memb.
1784 2004 1804 2026 4,
1822 2003 1962 2026 inscribitur:
1982 2003 2081 2025 «Utrum
2098 2001 2160 2024 liceat

1326 2049 1404 2071 onmia
1429 2049 1565 2072 distribuere
1590 2051 1640 2073 sive
1664 2051 1792 2080 relinquere
1813 2057 1856 2079 pro
1872 2051 1947 2077 Dein:
1965 2056 1995 2072 m.
2013 2050 2038 2072 2:
2059 2049 2160 2072 «Utrum

1326 2096 1402 2118 omnia
1419 2096 1547 2125 relinquere
1563 2103 1605 2125 pro
1622 2098 1669 2120 Deo
1686 2101 1709 2120 et
1725 2098 1812 2120 nudum
1829 2097 1893 2126 sequi
1918 2097 2033 2119 Christum
2054 2096 2082 2118 sit
2098 2098 2162 2118 actus

1326 2142 1470 2170 perfectionis
1482 2152 1503 2169 ”3
1519 2143 1549 2165 de
1565 2150 1611 2172 quo
1628 2145 1650 2167 in
1671 2145 1689 2167 1.
1708 2148 1750 2167 art.
1766 2144 1881 2174 quaeritur
1901 2152 1912 2163 α
1922 2143 2067 2171 generaliter,
2085 2144 2160 2164 utrum

1325 2189 1454 2218 relinquere
1470 2190 1546 2212 omnia
1564 2192 1592 2213 sit
1608 2192 1755 2220 evangelicae
1772 2191 1916 2220 perfectionis
1925 2199 1946 2218 ν,
1963 2192 1985 2212 et
2001 2189 2023 2211 in
2042 2191 2063 2211 2.
2079 2192 2121 2211 art.
2139 2189 2160 2210 in

1325 2235 1429 2263 speciali:
1449 2245 1459 2255 α
1471 2237 1551 2259 Utrum
1569 2238 1601 2259 sic
1617 2238 1745 2267 relinquere
1761 2238 1849 2265 omnia,
1867 2240 1890 2259 ut
1906 2237 1960 2259 nihil
1977 2236 2107 2262 retineatur,
2118 2241 2160 2257 ner

1325 2282 1347 2304 in
1364 2283 1481 2305 communi
1499 2290 1541 2306 nec
1558 2284 1579 2306 in
1596 2285 1702 2313 proprio,
1719 2286 1747 2308 sit
1763 2284 1906 2312 evangelicae
1923 2282 2098 2311 perfectionis».

1387 2329 1551 2358 COsslpffl'sssstcs
1568 2332 1660 2355 unicum
1677 2334 1707 2356 de
1722 2330 1924 2356 alu-enuntiatione
1940 2330 2059 2352 articulum
2078 2330 2101 2351 S.
2118 2330 2159 2351 Bo-

1325 2379 1464 2399 naventurae
1476 2383 1528 2399 cum
1540 2379 1662 2405 praedictis
1679 2379 1764 2408 tribus,
1781 2379 1897 2405 videmus,
1914 2375 2087 2400 conclusionem
2104 2376 2160 2398 eius⁴

1325 2423 1377 2446 dem
1396 2423 1427 2451 (in
1445 2423 1482 2445 ed.
1499 2427 1574 2446 nostra
1592 2431 1645 2453 pag.
1666 2426 1706 2448 129
1723 2426 1780 2455 seq.)
1792 2425 1821 2447 ad
1833 2423 1930 2446 verbum
1944 2423 1965 2445 in
1979 2423 2073 2444 Summa
2086 2422 2126 2451 (m.
2138 2423 2159 2445 2.

1324 2477 1345 2493 a.
1362 2470 1392 2498 2.)
1410 2471 1544 2498 exscriptam
1562 2477 1625 2499 esse,
1642 2473 1740 2501 exeeptis
1757 2472 1835 2501 paucis
1851 2469 1986 2493 lectionibus
2007 2469 2159 2493 variantibus.

1324 2523 1393 2544 saepe
1410 2516 1487 2543 bonis,
1505 2517 1532 2539 ita
1551 2520 1575 2540 ut
1591 2519 1713 2542 editionem
1731 2520 1838 2542 Summae
1853 2517 1920 2539 simul
1938 2522 1990 2538 cum
2003 2517 2087 2538 nostris
2098 2517 2160 2539 codi-

1324 2564 1390 2587 cibus
1405 2564 1434 2586 ad
1451 2564 1614 2592 corrigendum
1633 2569 1717 2589 textum
1735 2564 1873 2595 quaestionis
1889 2562 1999 2585 adhibere
2016 2563 2159 2591 potuerimus

1325 2612 1375 2641 (cfr.
1386 2611 1467 2634 eadem
1480 2611 1563 2639 pagiua
1575 2615 1626 2635 nota
1640 2613 1678 2641 l.).
1690 2614 1713 2635 ln
1724 2620 1756 2635 m.
1768 2613 1788 2634 l.
1799 2614 1821 2634 ct
1832 2610 1930 2633 membri
1942 2610 1964 2631 2.
1975 2616 1995 2631 a.
2013 2610 2034 2631 l.
2051 2610 2158 2631 Summae

1324 2666 1369 2682 non
1386 2661 1420 2681 cst
1436 2658 1479 2680 nisi
1497 2657 1631 2681 brevissima
1650 2659 1779 2686 conclusio,
1799 2664 1852 2680 cum
1869 2656 1940 2679 robur
1957 2656 2074 2679 doctrinae
2090 2662 2159 2678 reser-

1325 2710 1391 2729 vetur
1407 2706 1436 2728 ad
1453 2706 1622 2728 conclusionem
1643 2707 1791 2734 praedictam.
1807 2717 1838 2721 —
1854 2705 1903 2731 lpsa
1924 2705 2000 2725 autem
2020 2703 2160 2725 Bonaventu-

1324 2760 1363 2776 rae
1379 2754 1520 2782 arymnenta
1545 2752 1574 2774 ad
1600 2756 1720 2782 utramque
1744 2755 1830 2781 partem
1852 2753 1905 2773 suut
1926 2749 2046 2772 distributa
2068 2749 2097 2772 ad
2114 2752 2159 2772 tres

1325 2803 1401 2828 partes
1413 2799 1450 2821 30.
1460 2798 1612 2827 quaestionis,
1629 2799 1713 2822 additis
1728 2805 1772 2821 non
1790 2797 1868 2826 paucis
1885 2796 1940 2818 aliis.
1957 2797 1987 2819 lta
2003 2796 2157 2826 fundamenta

1324 2835 1497 2868 Bonaventurae
1515 2845 1536 2867 4.
1553 2845 1574 2867 3.
1592 2845 1613 2867 6.
1631 2846 1652 2867 s.
1669 2846 1690 2868 9.
1709 2846 1744 2868 io.
1762 2845 1799 2867 ll.
1817 2845 1853 2866 ⁴2.
1871 2843 1907 2866 14.
1927 2843 1961 2866 15.
1979 2844 2020 2872 46,
2038 2846 2061 2866 et
2079 2844 2158 2871 uam..

1323 2894 1351 2916 ad
1367 2893 1466 2921 opposit.
1477 2899 1530 2915 cum
1547 2898 1587 2915 sua
1605 2893 1716 2915 solutione
1733 2892 1877 2915 inveniuntur
1895 2891 1916 2913 in
1935 2891 1955 2913 l.
1967 2894 2009 2914 art.
2021 2890 2119 2914 membri
2131 2891 2156 2917 2;

1323 2941 1363 2963 sea
1380 2941 1526 2963 fundamenta
1544 2940 1581 2962 24.
1599 2940 1635 2962 26.
1653 2940 1690 2962 29.
1707 2940 1743 2962 3ο.
1761 2940 1798 2962 31.
1815 2940 1852 2961 a-z.
1877 2941 1929 2961 sunt
1954 2938 1975 2960 in
2000 2929 2028 2961 εξ
2040 2941 2081 2960 art.
2098 2937 2156 2959 uam·

1322 2987 1399 3010 omnia
1412 2988 1549 3016 plerumque
1561 2993 1666 3015 expressa
1679 2989 1730 3009 sunt
1742 2986 1821 3008 iisdem
1838 2985 1916 3008 verbis
1930 2985 1951 3007 in
1967 2989 2064 3014 utroque
2080 2990 2157 3012 opere.
