2285 3398
2 523 35 551 *Ως
44 525 135 548 approha-

19 549 70 589 ἷιιεέιιο
83 553 136 571 regu-

590 161 632 188 DE
656 161 876 190 l‘EllFECTlONE
899 161 1097 190 EVANGELlCA
1120 161 1253 197 QUAEsT.
1278 162 1304 190 ll.
1328 163 1398 191 Aur.
1423 163 1449 191 ll.

151 238 256 272 siones,
283 250 295 262 «
307 238 381 275 quod
402 238 555 275 deponatur
570 242 597 267 ot
611 239 683 267 omni
706 242 828 276 tempore
844 240 913 267 vitae
929 247 994 267 suae

151 284 348 321 ignominiosus
370 285 570 321 peregrinando
591 289 723 322 pergat».
740 286 789 314 Sed
805 286 826 314 si
844 286 947 314 viveret
961 286 993 313 de.

152 331 242 359 labore
265 332 395 366 honesto,
419 332 459 359 vel
481 332 514 360 de
535 332 673 360 sumtibus
695 332 828 369 pi·0prits;
857 341 909 360 non
933 341 993 369 per-

149 381 226 413 geret
247 381 277 406 ut
299 378 374 411 vilis,
397 379 443 407 sed
466 379 556 414 potius
578 381 609 407 ut
631 380 806 407 honorabilis.
837 380 926 407 llestat
946 379 993 416 igi-

151 427 204 458 tur,
227 425 299 461 quod
322 425 452 460 imponit,
475 428 505 453 ut
527 425 606 453 vadat
627 429 658 453 ιιι
680 425 835 453 memliemz

232 472 308 507 Quod
337 475 429 500 autem
458 480 508 508 pro
536 472 638 508 reyula
665 472 814 508 approbet,
844 474 916 507 patet
945 479 993 507 per

149 517 215 545 illud
237 518 370 554 scriptum
397 518 546 553 superius¹
575 518 738 553 allegatum,
767 518 799 546 de
829 517 993 546 Excessilius

149 563 351 599 przwlntorum,
376 563 469 592 Nimis
489 572 601 601 prava,
624 564 802 597 ubidicitur,
824 563 897 600 quod
921 575 933 587 α
947 571 992 591 or-

148 609 239 637 dinem
265 613 291 637 et
320 601 442 646 regulam
471 611 588 639 fratrum
617 610 836 639 l’raedicatorum
862 613 888 638 vt
910 610 992 638 Mino-

149 664 212 683 runi
225 656 306 684 Sedes
318 657 464 693 apostolica
479 657 601 685 nosritm·
613 657 778 693 approbasse
788 670 812 685 ».
827 658 900 686 l'atet
911 656 992 685 ctiam

149 710 198 738 per
220 703 343 738 regulam
360 703 429 731 licati
446 704 579 731 Fiam-fisci
595 712 610 732 a
631 704 740 732 domino
757 704 873 731 Honorio
894 711 993 739 appro-

149 749 238 777 batam
267 753 294 778 et
323 751 531 784 confirmatam,
564 751 610 779 uhi
643 751 763 783 dicitur,
792 751 865 787 quod
895 751 993 778 fratres

154 808 166 820 «
182 796 280 824 vadant
302 805 352 833 pro
373 798 546 833 eleemosyna
567 797 777 825 confidenter».
801 798 851 826 Sed
873 798 896 825 si
917 806 993 825 erra—

149 842 186 870 vit
208 843 257 870 ho(¹
280 844 457 879 approbando
479 860 514 864 —
537 847 564 871 et
585 847 707 877 constat,
736 853 798 872 cum
823 845 873 873 lioc
893 852 992 880 appro—

148 889 225 917 basse
246 892 273 918 et
294 890 487 921 confirmasse:
502 894 608 919 constat
623 891 718 924 etiam,
740 891 813 927 quod
829 890 992 919 universalis

148 935 265 964 Ecclesia
294 944 342 972 per
365 940 451 965 totum
478 937 613 965 mundum
643 937 801 965 huiusmodi
829 936 939 965 ordines
965 939 992 963 et

147 984 234 1010 status
255 986 377 1019 acceptat
394 1000 429 1003 —
445 984 665 1012 roncludendum
687 987 727 1011 est
753 992 818 1019 ergo
839 982 990 1011 secundum

146 1028 250 1056 dictum
267 1029 351 1058 liuius
367 1030 484 1058 hominis
499 1031 594 1064 unius,
609 1031 683 1067 quod
699 1029 862 1058 universalis
874 1028 990 1057 Ecclesia

148 1077 202 1102 tota
217 1075 320 1103 erravit
338 1079 364 1104 et
379 1076 492 1112 decepta
512 1077 574 1110 l'uit;
597 1079 624 1104 et
645 1076 691 1113 qui
708 1075 865 1104 huiusmodi
887 1077 989 1103 statum

145 1128 294 1149 erroneum
315 1115 481 1150 invenerunt
501 1125 528 1150 et
555 1122 793 1157 approbavermit,
821 1128 917 1149 omnes
943 1120 990 1147 da-

146 1167 231 1195 mnati
249 1171 328 1198 sunt:
344 1168 417 1204 quod
433 1171 474 1196 est
490 1168 732 1196 horribilissinmm
747 1170 774 1196 et
787 1166 990 1195 incredibilissi-

145 1221 238 1247 inum,
260 1214 333 1249 quod
356 1214 429 1242 Deus
450 1214 622 1250 permitteret
643 1214 703 1242 sie2
725 1221 820 1242 errare
848 1213 989 1242 universa—

146 1260 206 1287 liter
229 1260 362 1296 populum
378 1264 503 1289 sanetum
525 1269 607 1289 suum
622 1264 649 1289 et
667 1263 769 1289 tantam
784 1259 989 1288 multitudinem

144 1306 323 1342 sapientium,
355 1307 403 1343 qui
432 1308 499 1335 haec
521 1310 645 1344 tempora
676 1309 894 1344 praecesserunt.
923 1306 990 1342 Quis

143 1356 236 1381 autem
260 1353 303 1381 liic
325 1356 379 1381 tam
394 1354 512 1391 sapiens
525 1357 553 1382 et
574 1357 629 1381 tam
651 1354 763 1387 iustus,
779 1356 811 1381 ut
825 1353 924 1381 audeat
945 1360 989 1381 ce-

144 1402 217 1428 teros
238 1403 347 1436 praeter
363 1408 391 1428 se
412 1400 534 1428 iudicare
548 1400 632 1428 fuisse
649 1400 777 1436 deceptos
791 1403 818 1428 et
836 1399 988 1436 reprobos?

143 1447 209 1474 Mira
230 1450 271 1475 est
292 1447 359 1475 haec
373 1447 533 1483 sapientia,
548 1454 619 1483 quae
639 1447 764 1474 omnium
786 1446 904 1475 ostendit
924 1446 989 1474 insi-

142 1493 287 1529 pientiam3
309 1496 336 1521 et
357 1493 428 1521 mira
449 1493 576 1526 iustitia,
599 1500 670 1529 quae
692 1496 798 1521 ceteros
813 1493 986 1521 condemnat.

142 1539 242 1574 Quodsi
266 1539 317 1567 hoc
339 1547 392 1567 non
414 1541 455 1567 est
476 1538 623 1574 sapientia,
646 1538 692 1566 sed
715 1539 805 1575 potius
830 1539 986 1572 temeritas,

141 1585 237 1613 sedem
258 1585 434 1622 apostolicam
463 1584 532 1612 velle
561 1584 696 1618 iudicare,
718 1593 789 1621 quae
809 1593 825 1613 a
853 1585 910 1614 solo
931 1586 986 1614 Deo

141 1630 287 1665 iudicatur,
309 1633 336 1659 et
356 1631 416 1659 eius
437 1630 569 1659 iudicium
584 1633 611 1659 et
629 1631 792 1659 sententiam
814 1631 986 1668 reprobare³

140 1681 167 1706 et
188 1681 228 1706 tot
242 1678 316 1706 viros
331 1681 440 1707 sanctos
462 1679 489 1706 in
505 1678 643 1707 infernum
657 1675 804 1707 retrudere
822 1681 849 1707 et
864 1678 891 1706 in
906 1678 986 1707 bara-

141 1725 236 1753 thrum
257 1725 454 1760 damnationis3
476 1725 573 1762 procul
594 1733 660 1761 ergo
682 1725 748 1753 haec
774 1725 840 1753 liant
860 1733 876 1753 a
897 1725 986 1754 cordi-

139 1771 192 1800 bus
213 1771 340 1800 fidelihus
360 1774 388 1800 et
408 1772 573 1800 christianis.

218 1818 248 1846 V.
271 1818 403 1848 Resellere
423 1819 504 1847 etiam
526 1821 643 1847 conatur
665 1819 802 1855 plurima,
825 1818 907 1847 immo
928 1819 985 1849 fere

43 1874 126 1893 censura
139 1865 231 1893 omnia
251 1868 383 1901 tanquam
405 1865 553 1894 doctrinae
580 1865 754 1901 apostolicae
775 1865 897 1894 inimica
903 1889 913 1905 ,
935 1874 986 1902 pro

75 1899 115 1916 arta
118 1911 122 1915 .

13 1903 89 1940 oniffui.
103 1920 126 1939 aa
139 1920 171 1940 eo
192 1911 266 1948 quod
287 1911 367 1945 dicit,
390 1911 618 1940 mendicationem
638 1912 673 1940 ab
694 1912 821 1948 Apostolo
841 1920 901 1941 esse
922 1920 985 1949 pro-

33 1943 119 1963 mendica

33 1967 90 1988 tione.

139 1957 255 1986 liihitam
276 1960 408 1993 tanquam
422 1958 522 1986 malam
543 1960 570 1986 et
591 1960 699 1985 tantum
718 1957 745 1985 in
767 1965 833 1986 casu
847 1965 907 1987 esse
920 1966 985 1987 con-

21 1999 125 2033 0313.αᾲ
138 2012 250 2033 cessam.
266 2019 302 2024 —
317 2003 388 2032 Dicit
408 2004 504 2038 etiam,
519 2012 563 2033 me
577 2004 661 2033 fuisse
682 2004 826 2032 mentitum
847 2007 875 2033 et
888 2008 984 2034 contra

9 2036 73 2057 labore
86 2043 125 2056 ma-

8 2061 67 2080 nunti.

138 2051 309 2088 Scripturam
330 2054 357 2079 et
378 2051 535 2087 Apostolum
557 2050 709 2079 defendisse
730 2050 830 2079 falsum
844 2054 872 2080 et
890 2051 983 2080 defen—

138 2098 218 2132 dere,
239 2097 267 2126 in
288 2097 340 2126 hoc
361 2097 435 2134 quod
456 2097 534 2132 dicit,
556 2105 599 2126 me
620 2097 739 2131 dixisse,
760 2097 834 2134 quod
856 2098 982 2127 laborare

138 2141 221 2181 opere
242 2143 363 2173 manuali
384 2151 438 2172 non
454 2144 488 2172 sit
506 2147 692 2181 praeceptum.
708 2143 779 2172 Dicit
799 2144 893 2181 igitur,
907 2145 981 2183 quod

134 2191 304 2219 mendicare
323 2198 378 2218 non
399 2192 440 2218 est
462 2190 634 2225 indifferens,
657 2190 704 2219 sed
725 2190 844 2225 malum;
873 2194 900 2220 et
920 2192 981 2221 ideo

138 2239 251 2274 propter
271 2236 451 2266 adiectionem
478 2236 699 2266 circumstantiae
719 2236 779 2265 fieri
803 2245 980 2276 nequaquam

137 2287 227 2320 potest
246 2284 366 2318 bonum;
388 2283 487 2317 immo,
509 2283 582 2320 quod
603 2284 666 2320 plus
686 2286 741 2318 est,
757 2283 783 2312 in
798 2284 979 2320 praedicanti—

137 2330 191 2359 bus
210 2331 309 2359 asserit
329 2337 389 2359 esse
410 2330 599 2359 simoniacum.

198 2568 206 2582 ¹
224 2571 271 2593 Art.
289 2571 310 2593 1.
327 2571 350 2593 in
367 2577 431 2599 corp.
448 2573 470 2592 et
486 2569 521 2592 liic
538 2569 568 2592 ad
589 2570 627 2597 ll,
639 2572 661 2592 et
672 2571 751 2599 quoad
768 2572 844 2594 locum
857 2572 880 2594 in
896 2574 976 2601 regula

135 2615 205 2637 supra
222 2610 326 2634 fundam.
343 2611 380 2633 23.

196 2647 206 2661 ⁹
223 2649 254 2671 Ex
271 2650 290 2671 D
306 2652 329 2672 et
344 2650 383 2672 ed.
398 2650 460 2672 Alex.
477 2649 524 2671 Hal.
541 2648 700 2676 supplevimus
715 2649 762 2678 sic,
780 2653 802 2672 et
818 2646 911 2673 inferius
923 2654 976 2674 ante

135 2687 184 2709 tam
199 2686 294 2716 sapiens
311 2693 338 2709 ex
355 2688 438 2710 eodem
456 2687 508 2710 cod.
525 2686 570 2710 hic.

197 2722 206 2736 ⁸
223 2725 246 2747 S.
262 2726 374 2754 Anselm„
386 2727 483 2749 Lucens.
493 2726 564 2754 episc.
582 2725 607 2754 (†
621 2726 703 2755 ⁴086),
720 2727 779 2750 inter
790 2727 887 2756 capitula
899 2728 914 2751 1.
926 2728 974 2752 Col-

134 2764 236 2787 lectionis
246 2770 335 2788 ‚cauom
353 2767 409 2788 haee
425 2766 526 2789 reconit:
548 2765 576 2788 Ut
597 2765 671 2793 prima
690 2766 761 2789 Sedes
777 2773 790 2789 a
806 2768 869 2790 nullo
891 2767 974 2791 iudice-

134 2805 170 2825 tur
187 2802 257 2832 (18.)‚
274 2806 311 2826 et:
329 2804 357 2826 Ut
373 2810 443 2827 nemo
460 2804 599 2833 apostolicae
611 2804 677 2826 Sedis
688 2804 799 2828 iudicium
811 2805 924 2834 iudicare,
935 2810 973 2830 aut

133 2844 256 2864 retractare
272 2846 405 2870 praesumat
422 2843 487 2872 (20.).

194 2879 205 2892 ⁴
221 2880 303 2903 psalm.
321 2881 362 2908 39,
381 2882 424 2909 18;
444 2882 500 2909 108,
518 2881 554 2904 17.
571 2880 617 2904 Cir.
634 2887 704 2909 supra
722 2884 825 2906 fundam.
842 2884 864 2906 9.
881 2890 930 2914 seq.

195 2917 205 2931 ⁶
222 2920 287 2943 Vers.
297 2921 318 2943 9.
329 2933 361 2937 -
372 2921 451 2943 Glossa
464 2921 485 2943 in
495 2922 556 2943 hunc
568 2921 643 2943 locum
656 2924 690 2943 est
700 2922 899 2952 0›·dinarz·a.apud
911 2924 972 2947 Stra-

226 2965 252 2990 S.
269 2967 357 2990 Βοηαυ.
374 2979 405 2984 -
423 2967 491 2990 Tom.
507 2967 535 2990 V.

1832 165 1885 193 1353

1129 239 1182 267 lloc
1213 243 1304 268 autem
1332 249 1397 268 suae
1430 241 1570 277 positionis
1601 242 1817 276 fundamentum,
1839 243 1891 271 l'rc-

1050 286 1180 322 quentius
1209 286 1352 320 iteratum,
1374 287 1451 315 lai-,ile
1479 291 1520 316 est
1540 288 1683 316 advertere
1710 296 1769 317 esse
1798 289 1891 317 ruino-

1050 342 1111 361 sum
1133 341 1196 361 rum
1228 334 1301 361 ouini
1323 342 1363 367 eo,
1386 334 1458 371 quod
1490 335 1742 370 siiperafflliiicatur.
1775 336 1839 364 Nam
1868 336 1890 364 si

1050 380 1215 409 marucia-are
1243 380 1411 416 prohibitum
1425 384 1488 415 ¹est,
1518 385 1544 409 et
1565 382 1731 410 mendicare
1759 390 1889 419 peccare:

1050 436 1115 463 ergo
1136 436 1194 454 esst>
1214 427 1377 455 mendicum
1398 430 1439 455 est
1459 436 1517 456 esse
1535 431 1721 464 peccatorem.
1737 429 1804 457 Cum
1826 437 1891 466 ergo

1049 474 1175 501 Christus
1205 482 1234 501 se
1261 473 1332 501 [licat
1357 474 1537 507 mendicam,
1565 475 1648 502 immo
1677 475 1835 511 Propheta⁴
1864 476 1891 504 in

1051 528 1166 556 persona
1187 520 1303 553 Cln·isti;
1326 520 1427 548 latetur
1447 529 1513 556 ergo
1534 521 1672 555 Christus,
1699 530 1727 549 se
1748 530 1807 551 esse
1828 530 1890 559 pec-

1050 570 1184 601 catorem3
1206 566 1279 603 quod
1307 566 1398 595 dicere
1420 567 1461 595 vel
1487 568 1599 596 cratere
1624 576 1676 596 non
1705 577 1821 605 parvum
1850 572 1891 597 est

1051 613 1183 650 flagitium
1212 614 1253 642 vel
1285 616 1436 650 peccatum.
1459 631 1495 635 —
1519 616 1649 649 Rursus,
1678 616 1698 644 si
1724 616 1890 644 mendicare

1051 668 1163 697 peecare
1184 663 1234 693 est,
1256 660 1416 689 mendicitas
1429 661 1486 689 sive
1501 661 1662 690 mendicatio
1684 666 1824 698 percatum
1840 666 1888 691 est.

1051 707 1100 735 Sed
1122 706 1257 735 secundae
1277 706 1311 734 ad
1332 706 1488 736 Corinthios
1508 708 1641 742 octavo⁵‚
1657 717 1740 745 super
1756 709 1837 737 illud:
1858 710 1890 738 Ut

1050 755 1112 782 eius
1134 753 1233 790 inopia
1254 762 1304 781 'uos
1325 754 1425 782 diuite-s·
1446 755 1559 787 essetis-5
1573 755 1667 783 (llossa
1681 756 1760 784 dicit:
1782 757 1891 785 «Nemo

1051 808 1078 827 so
1100 803 1270 828 contemnat:
1293 808 1398 837 pauper
1421 801 1446 829 in
1468 801 1551 835 cella,
1572 801 1648 830 dives
1677 802 1703 830 in
1726 803 1891 832 conscientia

1050 846 1174 876 securior
1194 846 1295 875 dormit
1316 847 1343 874 in
1366 850 1463 881 terra,
1476 856 1559 884 quam
1580 856 1649 876 auro
1669 848 1745 877 dives
1770 849 1797 877 in
1825 858 1891 886 pur-

1051 901 1128 927 pura.
1159 893 1214 920 Non
1236 901 1302 930 ergo
1323 901 1490 931 expavescas
1511 903 1574 922 cum
1597 898 1644 922 tua
1665 895 1837 924 mendicitate
1857 896 1890 924 ad

1050 939 1125 966 illum
1148 939 1292 973 accedere,
1314 941 1361 976 qui
1384 940 1497 969 indutus
1520 944 1561 969 est
1590 945 1683 969 nostra
1711 946 1889 979 paupertate3

1050 985 1094 1011 ubi
1118 993 1146 1011 se
1169 986 1344 1021 pauperavit,
1360 995 1409 1014 nos
1423 987 1519 1015 ditavit
1533 999 1558 1015 ».
1581 988 1649 1023 Ergo
1664 988 1823 1017 n‘iendiritas
1837 989 1891 1017 dis-

1049 1030 1139 1065 ponit,
1168 1038 1220 1058 non
1248 1032 1365 1060 retrahit
1391 1041 1407 1059 a
1427 1033 1520 1060 divino
1547 1042 1678 1067 accessu;
1708 1038 1813 1063 constat
1842 1036 1890 1072 igi-

1050 1079 1110 1109 tur,
1133 1077 1205 1112 quod
1228 1085 1284 1104 non.
1303 1081 1344 1105 est
1365 1081 1516 1113 peccatum.

1126 1122 1263 1158 Amplius,
1284 1123 1497 1159 Chrysostomus
1518 1132 1602 1160 super
1621 1126 1788 1153 lllattliaeum
1804 1127 1891 1155 homi-

1049 1169 1084 1196 lia
1105 1169 1277 1204 sexagesima
1296 1178 1369 1197 nona
1390 1170 1416 1197 in
1432 1170 1486 1198 fine
1498 1171 1508 1187 ⁶
1524 1171 1598 1204 dicit,
1613 1172 1687 1207 quod
1707 1183 1720 1196 «
1735 1173 1891 1202 mendicare

1048 1215 1074 1242 in
1096 1215 1172 1243 nullo
1193 1215 1304 1251 offendit
1325 1216 1428 1250 Deum3
1450 1216 1536 1244 furari
1559 1220 1651 1245 autem
1670 1218 1726 1245 sive
1742 1226 1839 1254 rapere
1852 1220 1891 1247 of-

1049 1261 1132 1289 fendit
1153 1262 1240 1289 Deum
1262 1265 1289 1290 et
1311 1262 1490 1291 hominem».
1514 1263 1566 1291 lloc
1588 1263 1669 1291 etiam
1691 1267 1765 1300 patet
1780 1272 1828 1301 per
1842 1273 1891 1293 au-

1047 1308 1201 1336 ctoritatem
1223 1308 1409 1345 Chrysostomi
1432 1309 1561 1346 superius
1575 1310 1718 1346 allegatam
1733 1311 1766 1339 de
1782 1312 1892 1340 homilia

1047 1357 1147 1390 quarta
1174 1362 1258 1390 super
1286 1355 1461 1383 Matthaeum.
1484 1356 1543 1384 Non
1563 1363 1629 1392 ergo
1649 1359 1691 1384 est
1711 1357 1745 1385 ab
1766 1358 1892 1394 Apostolo

1048 1401 1234 1436 prohibitum,
1262 1409 1313 1430 nec
1341 1401 1482 1430 invenitur
1509 1402 1625 1436 alicubi,
1654 1404 1706 1432 hoc
1734 1405 1891 1440 Apostolum

1046 1447 1236 1483 prohibuisse,
1265 1447 1312 1476 sed
1340 1448 1432 1484 potius
1453 1456 1516 1477 cnm
1544 1449 1602 1477 suis
1629 1451 1791 1486 coapostolis
1818 1459 1891 1480 com-

1046 1494 1196 1522 mendasse.
1218 1494 1285 1522 Nam
1306 1494 1412 1531 primae
1432 1495 1466 1523 ad
1487 1495 1643 1524 Corinthios
1663 1497 1769 1525 decimo
1788 1500 1890 1527 sext0⁷

1045 1543 1072 1568 et
1093 1540 1261 1576 praedicavit
1278 1544 1309 1572 vet
1330 1541 1490 1577 procuravit
1498 1554 1513 1575 ,-
1533 1542 1607 1578 quod
1635 1542 1763 1571 collectae
1791 1544 1890 1572 fierent

1044 1586 1071 1614 in
1103 1594 1239 1623 pauperes
1267 1587 1446 1621 Sanctorum,
1479 1587 1526 1624 qui
1554 1591 1633 1616 erant
1665 1588 1690 1616 in
1726 1590 1888 1625 ierusalem,

1044 1633 1115 1661 sicut
1136 1633 1324 1669 eleemosynae
1345 1633 1384 1662 eis
1405 1634 1490 1670 gratis
1511 1634 1658 1671 impensae.
1681 1636 1713 1664 Et
1733 1636 1766 1664 ad
1781 1637 1889 1667 Galatas

1042 1679 1164 1707 secundo
1184 1679 1265 1713 dicit,
1286 1680 1361 1716 quod
1382 1680 1489 1708 Petrus
1510 1684 1535 1709 et
1555 1681 1679 1709 Iacobus
1694 1682 1829 1719 dexterae
1841 1684 1888 1712 de-

1043 1726 1148 1754 derant
1168 1725 1242 1754 milti
1261 1729 1287 1754 et
1304 1727 1463 1755 Barnabae
1483 1727 1644 1761 societatis,
1663 1732 1695 1757 ut
1709 1738 1762 1757 nos
1776 1730 1808 1758 in
1820 1739 1887 1768 qen-

1044 1772 1136 1806 tibm,
1158 1773 1216 1810 ipsi
1236 1773 1267 1801 in
1281 1773 1517 1808 circumcisione,
1533 1778 1647 1803 tantum
1667 1779 1701 1803 ut
1718 1785 1887 1814 pauperum

1041 1827 1184 1847 memores
1201 1828 1345 1853 essemus;
1366 1820 1474 1849 Glossa:
1495 1832 1508 1846 α
1522 1821 1711 1858 Pauper-um,
1727 1823 1775 1860 qui
1790 1831 1886 1852 rerum

1042 1874 1157 1894 suarum
1179 1866 1356 1895 venditarum
1377 1868 1497 1904 pretium
1524 1868 1558 1896 ad
1585 1868 1668 1905 pedes
1695 1870 1885 1906 Apostolorum

1042 1916 1206 1949 posuerant,
1234 1922 1373 1942 memores
1397 1923 1540 1949 essem-wa,
1561 1915 1595 1943 ad
1616 1923 1686 1952 opus
1707 1916 1818 1945 illorum
1846 1916 1884 1945 fa-

1041 1959 1137 1988 ciendo
1157 1959 1284 1988 collectas
1298 1972 1325 1988 ».
1347 1960 1373 1988 Si
1395 1969 1462 1998 ergo
1482 1962 1626 1998 Apostolus
1646 1963 1811 1992 simoniacus
1829 1971 1883 1992 non

1040 2008 1100 2034 erat
1121 2005 1148 2033 in
1168 2006 1236 2040 hoc,
1258 2006 1332 2043 quod
1352 2007 1479 2036 collectas
1493 2008 1602 2044 petebat
1617 2011 1644 2037 et
1657 2002 1807 2046 discipulos
1821 2010 1883 2044 mit—

1040 2053 1114 2081 tebat
1133 2047 1167 2081 ad
1189 2053 1256 2087 hoc,
1278 2056 1309 2081 ut
1330 2057 1455 2090 peterent
1475 2055 1660 2092 eleemosynas
1674 2056 1709 2084 ab
1724 2056 1767 2085 his
1780 2057 1883 2094 quibus

1039 2099 1192 2136 spiritualia
1212 2100 1410 2135 seminaverat,
1436 2109 1487 2138 pro
1515 2102 1700 2138 pauperibus,
1729 2103 1776 2140 qui
1802 2108 1882 2133 erant

1039 2146 1065 2175 in
1094 2146 1259 2181 Ierusalem
1288 2147 1309 2176 si
1338 2155 1464 2177 summus
1491 2149 1615 2178 Pontifex
1641 2149 1757 2179 Ordines
1778 2154 1881 2179 statuat

1037 2201 1188 2230 pauperes,
1209 2193 1257 2230 qui
1278 2194 1431 2231 spiritualia
1452 2196 1586 2224 seminent
1606 2199 1634 2225 et
1651 2196 1685 2225 de
1699 2205 1795 2226 eorum
1810 2206 1880 2235 quos

1036 2239 1179 2269 aedificant
1196 2240 1282 2269 verbo
1296 2244 1323 2275 et
1336 2242 1464 2278 exemplo
1478 2243 1657 2280 eleemosynis
1671 2244 1813 2281 gratuitis,
1833 2252 1879 2281 pe-

1037 2286 1101 2321 titis,
1123 2293 1172 2315 seu
1193 2287 1268 2316 ultro
1288 2288 1401 2323 oblatis,
1423 2289 1530 2318 vivant:
1552 2290 1587 2318 ab
1607 2291 1733 2327 Apostolo
1754 2291 1781 2319 in
1803 2292 1878 2319 nullo

1035 2341 1151 2370 prorsus
1176 2333 1328 2369 discordat,
1357 2335 1424 2372 quin
1445 2336 1537 2373 potius
1556 2338 1711 2371 concordat,
1734 2346 1795 2366 cum
1819 2341 1877 2366 tan-

1033 2574 1089 2597 burn
1107 2578 1129 2597 et
1145 2576 1260 2603 Lyranum
1278 2579 1300 2597 et
1316 2579 1391 2598 sumta
1408 2579 1443 2599 est
1459 2583 1486 2600 ex
1503 2578 1609 2605 August„
1624 2578 1696 2600 Serm.
1714 2578 1751 2600 36.
1769 2578 1833 2607 (alias
1845 2579 1874 2601 de

1034 2614 1150 2642 Tempore
1167 2615 1229 2643 212.)
1241 2620 1261 2637 e.
1273 2615 1294 2637 3.
1306 2621 1330 2637 n.
1343 2615 1368 2644 4;
1380 2616 1459 2638 ultima
1477 2622 1572 2644 propos,
1583 2622 1610 2638 ex
1617 2617 1729 2640 *Enarrati
1738 2616 1760 2638 in
1773 2617 1808 2639 ΡΒ.
1823 2617 1873 2640 101.

1032 2659 1101 2676 sei-m.
1119 2654 1141 2675 ι1.
1157 2659 1179 2675 n.
1200 2654 1217 2676 1.
1234 2665 1264 2671 -
1283 2655 1325 2677 Pro
1342 2661 1484 2685 expavescas
1502 2656 1536 2678 Dl
1553 2658 1575 2678 et
1592 2657 1629 2678 ed.
1645 2657 1707 2679 Alex.
1724 2656 1774 2679 Hal.
1793 2655 1873 2680 erube-

1031 2697 1095 2720 scas,
1112 2693 1242 2719 refragante
1259 2696 1333 2716 etiamr
1344 2694 1457 2722 originali.

1093 2729 1103 2742 ὃ
1120 2731 1179 2753 Alias
1195 2731 1234 2754 70.
1255 2737 1279 2754 n.
1302 2732 1330 2759 4;
1352 2739 1453 2761 sequens
1473 2734 1576 2756 eiusdem
1600 2734 1664 2756 loeus
1685 2735 1781 2756 retertur
1802 2740 1871 2762 supra

1031 2768 1074 2792 sub
1090 2776 1114 2791 n:
1131 2770 1162 2792 lll.
1180 2770 1238 2792 circa
1258 2770 1336 2794 finem.

1065 2818 1069 2824 ι
1092 2806 1101 2820 ⁷
1118 2809 1185 2831 Vers.
1206 2809 1223 2831 Ι.
1240 2815 1318 2838 seqq.;
1330 2811 1385 2833 alter
1402 2812 1466 2833 locus
1477 2814 1511 2833 est
1522 2812 1570 2834 Gal.
1583 2812 1608 2838 2,
1621 2812 1643 2834 9.
1659 2812 1693 2834 10.
1712 2811 1834 2841 [Vulgataz
1849 2811 1870 2833 in

1030 2849 1121 2874 gentes,
1140 2847 1181 2874 ipsi
1200 2847 1221 2869 in
1240 2847 1448 2879 circumcisionem]
1466 2856 1519 2872 cum
1541 2851 1620 2872 Glossa
1643 2849 1792 2874 interlineari
1806 2850 1869 2877 apud

1028 2885 1088 2907 Petr.
1103 2884 1228 2909 Lombard.
1245 2890 1267 2909 et
1283 2888 1407 2915 Lyranum.
1419 2900 1449 2905 —
1461 2889 1514 2911 Post
1521 2894 1657 2918 pauperum
1675 2889 1693 2911 D
1710 2888 1773 2911 addit
1791 2893 1869 2910 seeun-

1029 2925 1085 2947 dum
1101 2924 1205 2947 Glossam
1223 2932 1248 2949 m
1264 2927 1402 2950 Ierusalem.

1718 2974 1773 3005 ,ρο

1905 248 2013 272 Responsio.

1920 341 1949 359 Ad
1963 342 1979 359 1.
1993 341 2029 359 olii.

1903 364 1927 383 de
1939 365 2032 384 mendica-

1903 389 1954 406 nona
1984 389 2031 407 ratio

1906 411 1972 435 prim,
2014 412 2016 417 '

1902 622 1996 641 Secunda.

1904 1134 1974 1152 Tertia.
