2285 3398
371 202 427 231 334

370 283 411 308 est
431 280 574 308 comedere
595 280 629 309 de
650 280 749 314 vetito,
772 284 803 308 ut
824 280 991 309 assimileris
1015 281 1046 309 Et
1068 289 1117 318 per
1132 281 1216 309 istum

369 327 558 363 syllogismum
573 335 669 356 omnes
684 330 813 363 peccant,
828 328 906 364 quia,
928 331 960 356 ut
973 327 1038 357 dicit
1056 328 1216 364 Dionysius,

374 386 387 399 α
402 374 495 402 nullus
517 374 607 402 malus
628 373 673 408 fit,
695 373 729 402 ad
750 374 854 402 malum
878 374 1029 411 aspiciens,
1051 374 1099 403 sed
1126 373 1216 402 omnis

369 420 485 449 intendit
505 420 609 448 bonum
631 423 658 448 et
682 420 787 457 appetit
807 420 926 455 bonum;
949 421 995 449 sed
1010 421 1128 454 fallitur,
1151 419 1215 456 quia

368 467 588 495 simulitudinem
608 467 673 495 boni
688 467 787 504 accipit
800 475 851 504 pro
866 475 932 496 vero
946 479 972 496 ».
1000 468 1050 496 Per
1065 468 1147 496 istum
1170 474 1216 503 pa-

226 522 297 553 cmpag
315 522 357 540 one»
369 514 547 550 ralogismum
569 513 681 542 induxit
707 513 833 542 diabolus
854 514 993 543 hominem
1023 514 1049 542 in
1068 512 1216 550 passibili-

256 548 296 564 aut
309 545 326 563 ³⁴
370 564 454 588 tatem
469 563 612 594 naturae,
628 560 655 588 in
677 561 872 588 necessitatem
886 561 1075 598 imtiyenhae,
1097 560 1124 588 in
1138 568 1217 587 mor-

368 606 508 635 talitatem
529 607 613 635 vitae.

446 655 491 682 27.
515 654 632 683 Econtra
662 658 859 691 argumentum
890 654 990 682 Christi
1017 654 1070 682 suit
1096 652 1216 681 saluati-

226 709 438 740 Arsunzeutunzt.'tl712
459 704 486 730 et
500 701 710 729 destructivam
723 701 878 738 argumenti
893 701 1002 729 diaboli.
1018 701 1058 728 Ex
1074 708 1130 737 quo
1144 699 1216 728 enim

254 733 330 750 cml-u.
367 748 492 777 diabolus
513 748 616 777 fecerat
636 749 775 777 hominem
804 748 963 777 dissimilem
992 748 1063 782 Deo,
1092 755 1155 776 cum
1177 749 1216 774 ta-

367 804 429 825 men
451 796 632 833 promisisset,
653 792 769 824 similem
791 803 820 824 se
841 795 999 830 facturum,
1017 802 1127 824 necesse
1149 794 1215 828 suit,

366 843 508 872 Christum
530 851 589 872 esse
611 843 727 872 similem
751 843 870 876 homini,
893 846 924 870 ut
948 842 1050 871 faceret
1075 842 1216 870 hominem

225 897 360 924 'triacnzistus
368 890 483 919 similem
506 890 556 919 sibi
579 890 635 918 sive
660 890 724 918 Deo.
746 889 874 918 Christus
894 897 960 926 ergo
981 889 1080 917 habuit
1101 887 1216 925 confor-

256 921 328 939 mm'
367 937 495 966 mitatem
515 940 643 965 naturae
664 937 692 965 in
714 939 850 973 quantum
871 936 945 965 Deus
966 944 1031 965 cum
1053 936 1147 969 Patre,
1169 944 1216 964 ae-

366 984 535 1022 qualitatem
553 984 713 1020 potentiae,
739 983 987 1011 immortalitatem
1009 983 1092 1011 vitae.
1123 983 1150 1010 ln
1172 983 1216 1011 his

366 1031 456 1059 trihus
469 1031 634 1059 coniunctus
648 1031 700 1059 suit
715 1030 795 1059 Patri.
818 1031 932 1059 Necesse
947 1038 1013 1068 ergo
1034 1030 1101 1064 luit,
1124 1030 1215 1066 ipsum

224 1085 269 1104 'tria
282 1090 351 1111 assum·
366 1079 391 1107 in
420 1078 480 1107 aliis
507 1078 598 1107 trihus
625 1078 757 1115 oppositis
782 1078 911 1115 coniungi
939 1078 1052 1107 homini.
1083 1077 1216 1106 Assumsit

273 1110 304 1127 ω’
365 1133 431 1162 ergo
448 1125 673 1162 passibilitatem
692 1128 837 1158 naturae,
859 1125 1056 1153 necessitatem
1085 1123 1214 1161 indiyen-

365 1172 438 1206 tiae,
459 1172 666 1200 morta-litatem
690 1172 773 1200 vitae.
797 1172 861 1200 Tria
888 1179 955 1208 ergo
976 1171 1076 1200 habuit
1101 1179 1151 1207 per
1172 1178 1214 1199 es-

237 1225 351 1244 Noundnrn.
365 1218 480 1246 sentiam
506 1220 533 1246 et
554 1218 607 1246 tria
627 1218 758 1246 assumsit
778 1225 827 1254 per
852 1217 1077 1246 misericordiam.
1100 1218 1214 1246 Necesse

365 1273 431 1302 ergo
451 1265 516 1299 suit,
538 1268 569 1293 ut
591 1265 644 1292 tria
665 1264 844 1293 vincerentur
859 1272 875 1292 a
896 1264 993 1292 tribus.
1017 1263 1068 1292 Sed
1088 1264 1150 1292 vita
1164 1271 1214 1300 per

365 1313 511 1341 essentiam
533 1312 660 1348 superari
681 1320 735 1340 non
757 1311 846 1348 potuit
860 1319 877 1339 a
897 1313 1002 1345 morte,
1024 1319 1073 1339 nec
1085 1310 1214 1348 potentia

365 1367 380 1387 a
401 1358 533 1395 penuria,
555 1366 605 1387 nec
620 1358 842 1395 impassibilitas
863 1366 879 1386 a
893 1357 1080 1395 passibilitate.
1098 1358 1214 1386 Necesse

365 1413 431 1442 ergo
452 1405 519 1439 fuit,
541 1408 572 1433 ut
588 1405 669 1433 homo
684 1405 814 1434 transiret
833 1413 850 1433 a
866 1404 1042 1445 mortalitate
1053 1404 1087 1432 ad
1102 1404 1213 1432 immor-

366 1451 485 1485 talitem,
507 1459 523 1479 a
543 1451 651 1480 delectu
672 1451 706 1479 ad
727 1451 910 1487 opulentiam,
932 1444 973 1480 de
987 1443 1165 1487 passibilitate
1180 1444 1213 1478 ad

366 1507 496 1528 coronam
511 1500 528 1527 ¹.
920 1495 929 1501 '⁴
1046 1500 1056 1535 J
1150 1502 1153 1504 “

185 1582 188 1586 .
444 1546 489 1575 28.
503 1546 598 1574 Maior
608 1545 760 1582 propositio
774 1545 826 1573 suit
846 1545 880 1573 ab
893 1548 1021 1578 aeterno,
1037 1544 1084 1573 sed
1099 1553 1214 1572 assum-

231 1600 351 1627 Syllogjsmus
365 1593 403 1621 tio
424 1594 451 1622 in
473 1600 571 1626 cruce;
590 1592 735 1621 com-lusio
750 1600 817 1620 vero
838 1592 865 1620 in
888 1591 1100 1620 resurrectione.
1123 1590 1214 1619 ludaei

251 1624 328 1642 ΟΜΝ
364 1640 512 1669 credebant
526 1640 666 1668 Christum
682 1638 838 1667 confudisse
859 1642 886 1667 et
911 1638 1137 1675 improperabant
1150 1637 1213 1666 ei²z

364 1687 397 1716 Si
417 1687 512 1716 Filias
536 1686 587 1715 Dei
606 1695 651 1719 es,
674 1685 808 1714 descende
828 1685 862 1713 de
883 1693 976 1713 cruce.
999 1685 1066 1713 Nam
1087 1684 1215 1712 Christus

363 1742 418 1762 non
439 1734 559 1762 dicebat:
581 1733 662 1761 sinite
676 1740 720 1761 me
740 1732 847 1765 vivere,
863 1731 910 1760 sed
931 1731 1053 1759 dicebat:
1076 1731 1156 1760 sinite
1170 1738 1215 1759 me

364 1783 481 1809 mortem
503 1787 645 1808 assumere
660 1782 687 1808 et
701 1779 780 1808 alteri
795 1778 965 1807 extremitati
980 1778 1119 1815 copulari,
1142 1778 1213 1814 pati,

363 1827 449 1861 mori;
472 1830 499 1856 et
520 1830 586 1855 tunc
614 1826 740 1863 sequitur
762 1826 910 1854 conclusio.
940 1825 1015 1854 Unde
1043 1825 1100 1862 ipse
1129 1825 1215 1854 illusit

365 1875 481 1903 diabolo.

444 1922 489 1949 29.
514 1921 544 1949 Et
575 1921 626 1949 ista
654 1923 719 1949 sunt
739 1923 919 1957 argumenta,
952 1920 1055 1956 quibus
1086 1919 1214 1948 Christus

223 1975 353 1994 Confirmazur.
366 1968 513 2001 utebatur,
539 1976 593 2004 per
628 1967 830 2005 quadrayz'nta
865 1967 925 1995 dies
959 1975 1108 2004 apparens
1138 1966 1178 1994 eis
1193 1966 1212 1993 ³.

367 2013 481 2048 Nonne,
504 2014 610 2050 inquit,
632 2014 760 2050 oportuit
789 2012 939 2042 Cltristam
956 2014 1038 2050 pati,
1060 2018 1085 2041 et
1107 2013 1148 2041 ita
1170 2013 1214 2041 in-

367 2065 448 2089 trare
469 2061 499 2089 in
526 2061 652 2098 yloriarn
681 2060 792 2089 sicam?
820 2061 859 2089 De
890 2061 941 2089 hoc
963 2060 1053 2089 medio
1084 2061 1213 2089 loannes:

368 2108 442 2137 Cum
463 2117 526 2136 sero
547 2111 616 2136 esset
630 2108 676 2136 die
696 2108 760 2141 illo,
775 2108 849 2136 stetit
872 2108 951 2136 lesus
967 2108 998 2136 in
1018 2108 1112 2136 medio
1126 2108 1214 2136 disci-

363 2155 505 2193 pulorum
526 2158 551 2183 et
565 2155 609 2183 ait
623 2155 694 2183 illis:
717 2155 784 2183 Pax:
798 2155 885 2183 vobis.
910 2155 940 2183 Et
954 2155 1009 2183 duo
1024 2155 1060 2183 ihi
1083 2155 1213 2188 ostendit,

368 2202 471 2231 scilicet
490 2201 602 2239 yloriae
627 2201 848 2235 sublimitatem,
877 2209 909 2230 eo
937 2201 1011 2238 quod
1039 2200 1215 2238 impassibilis

367 2252 394 2277 et
415 2248 592 2282 immortalis,
615 2248 714 2276 clausis
730 2248 831 2281 ianuis,
853 2248 966 2276 intravit
980 2251 1112 2284 tanquam
1127 2247 1213 2281 Deus;

368 2298 462 2333 postea
483 2295 604 2323 ostendit
624 2294 664 2322 eis
685 2303 793 2322 manus
817 2298 842 2322 et
870 2294 947 2322 latus
968 2298 995 2323 et
1016 2294 1215 2323 consessionem

368 2342 487 2371 extorsit
513 2350 529 2370 a
554 2342 673 2374 Thoma‚
705 2344 737 2369 ut
767 2340 884 2375 diceret:
909 2341 1051 2369 Dominus
1081 2350 1162 2369 meas
1190 2344 1215 2369 et

370 2390 446 2418 Deus
477 2389 575 2417 meus!
608 2388 674 2416 Vide
705 2390 886 2424 processum!
919 2388 1009 2416 Primo
1040 2388 1153 2416 intravit
1184 2391 1215 2416 ut

996 203 1026 231 ΙΝ
1049 197 1269 232 HEXAEMERON
1290 201 1453 230 COLLATlO
1476 202 1492 229 l.

1273 280 1360 313 Deus,
1384 279 1484 307 ianuis
1505 279 1633 313 claasis;
1655 280 1722 308 haec
1743 280 1794 308 suit
1815 281 1929 314 maior;
1950 282 2047 310 deinde
2068 282 2123 310 mi·

1274 334 1375 354 norem
1394 326 1610 362 propositionem
1631 327 1760 360 assumit,
1776 335 1839 355 cum
1861 328 1982 356 ostemlic
1998 329 2038 356 ets
2059 337 2122 356 ma-

1272 381 1331 400 nus
1352 376 1377 400 et
1397 373 1493 406 latas,·
1514 373 1596 401 tertio
1617 373 1822 401 conclusionem
1844 374 1977 407 extorsit,
1992 378 2023 402 ut
2038 375 2121 403 conli-

1274 423 1381 448 te’retur
1396 420 1528 448 Thomas:
1553 419 1695 448 Dominus
1714 428 1796 448 meas
1817 423 1842 448 et
1857 420 1934 448 Deus
1954 428 2043 448 meas.

1352 466 1398 495 30.
1420 467 1477 495 Non
1493 467 1551 495 sine
1566 475 1649 495 causa
1663 467 1789 503 signatur
1808 466 1877 495 liber
1892 470 1997 503 septem
2018 467 2121 504 sigillis.
2135 475 2206 501 soluto
2219 475 2265 501 inm

1275 514 1361 547 Ecce,
1377 514 1467 550 inquit
1477 514 1504 547 4,
1519 514 1588 542 vicit
1603 513 1642 541 leo
1657 513 1691 541 de
1706 513 1784 541 triba
1800 514 1891 548 Iuda,
1906 514 1998 542 radia:
2014 515 2122 548 David,
2163 500 2236 521 ”gum

1274 560 1391 597 aperire
1419 560 1528 588 librum
1548 564 1574 588 et
1600 560 1708 589 solvere
1732 564 1837 598 septem
1867 561 2025 598 signacula
2052 561 2122 589 eius.

1275 607 1328 635 Ista
1357 610 1422 635 sunt
1453 611 1557 644 septem
1589 608 1686 636 media.
1721 608 1748 636 ln
1781 607 1865 636 huius
1897 607 2123 644 significationem

1274 654 1402 682 Christus
1423 654 1581 690 sepulcrum
1603 655 1752 689 reseravit,
1784 658 1812 683 et
1840 654 1975 691 significat
1999 655 2124 691 apertio-

1274 709 1338 729 nem
1366 700 1449 734 libri,
1471 704 1498 729 et
1519 701 1678 730 linteamina
1699 702 1826 735 removit,
1848 705 1876 730 et
1905 701 2040 738 significat
2061 710 2123 730 ma—

1274 747 1487 785 nifestationem
1508 750 1722 786 mysteriorum.
1746 765 1782 769 —
1806 749 1874 777 Haec
1899 751 1940 777 est
1961 748 2047 785 logica
2075 757 2123 777 no-
2136 755 2203 787 togjqa
2217 755 2266 774 enri-

1274 798 1346 829 stra,
1369 795 1437 823 haec
1458 792 1691 825 est'ratiocinatio
1712 800 1820 829 nostra,
1842 803 1914 832 quae
1935 795 2061 824 habenda
2082 799 2123 825 est
2168 781 2235 797 ΜΗ

1274 844 1371 871 contra
1390 841 1551 876 diabolum,
1573 843 1620 879 qui
1643 843 1773 872 continuo
1801 846 1897 871 contra
1918 850 1968 871 nos
1992 842 2122 879 disputat.

1274 888 1325 917 Sed
1341 888 1367 916 in
1389 889 1558 918 assumtione
1572 889 1696 918 minoris
1713 893 1754 918 est
1776 892 1833 918 tota
1847 889 1888 917 vis
1909 889 2043 923 sacienda;
2059 890 2124 926 quia

1274 935 1404 964 nolumus
1427 935 1497 972 pati,
1520 936 1649 965 nolumus
1670 936 1805 972 cruciligi.
1831 936 1934 964 Tamen
1955 935 1989 964 ad
2010 936 2061 964 hoc
2082 939 2124 965 est

1274 985 1330 1011 tota
1351 983 1523 1011 ratiocinatio
1537 986 1646 1018 nostra,
1662 987 1694 1012 ut
1708 984 1795 1012 simus
1810 983 1913 1012 similes
1927 984 1992 1012 Deo.
2008 1000 2046 1004 —-
2060 983 2123 1012 Dia-

1273 1030 1354 1058 bolus
1375 1038 1441 1058 vero
1474 1038 1572 1066 parum
1601 1031 1747 1067 reputabat
1777 1033 1974 1067 argumentum
2005 1030 2122 1065 Christi,

1273 1084 1336 1105 cum
1369 1077 1436 1105 vidit
1461 1085 1526 1105 eum
1557 1077 1714 1114 patientem.
1745 1077 1796 1106 Sed
1817 1077 1944 1105 Christus
1972 1076 2058 1105 illusit
2079 1076 2122 1111 ei;

1273 1124 1318 1152 lot]
1330 1124 1356 1152 ⁵:
1374 1123 1516 1161 Nanquz'd
1530 1124 1633 1152 illudes
1647 1124 1673 1152 ei
1687 1124 1775 1162 quasi
1789 1123 1855 1157 am',
1871 1127 1924 1152 aut
1938 1123 2044 1160 liyabis
2057 1131 2123 1151 eum

1272 1170 1387 1199 ancillis
1408 1170 1488 1198 tais?
1509 1171 1636 1199 Christus
1658 1171 1797 1207 reputavit
1815 1173 2011 1207 argumentum
2032 1170 2123 1198 fortis-

1271 1218 1390 1251 simum,
1413 1217 1519 1246 loannis
1539 1218 1703 1247 duodecimo
1713 1216 1725 1246 τ’
1742 1218 1802 1255 Eyo
1822 1217 1850 1245 si
1869 1217 2016 1245 exaltatas
2036 1216 2122 1254 fuero

1272 1273 1291 1293 a
1312 1268 1409 1298 terra,
1432 1264 1532 1293 omnia
1553 1263 1672 1293 traham
1693 1265 1735 1293 ad
1754 1273 1798 1293 me
1819 1263 1925 1301 ipsum.

1351 1311 1396 1340 31.
1420 1312 1552 1348 Quintum
1574 1315 1616 1341 est
1636 1312 1758 1340 medium
1779 1311 1935 1339 modestiae
1954 1311 2052 1340 morali
2066 1311 2121 1340 ele—
2134 1317 2263 1338 naamam.

1271 1359 1360 1387 ctione
1382 1359 1571 1395 praecipuum.
1595 1359 1725 1388 Modestia
1745 1359 1818 1388 enim
1840 1359 1930 1388 virtus
1954 1361 2011 1392 est;
2033 1358 2265 1392 virtusnensuqrauo

1271 1409 1364 1434 autem
1385 1405 1412 1433 in
1434 1405 1523 1434 medio
1551 1406 1713 1440 consistit&
1742 1406 1794 1435 hoc
1816 1406 1939 1435 medium
1968 1405 2123 1434 considerat
2159 1389 2224 1407 emm*

1271 1452 1387 1481 ethicus.

1350 1498 1395 1527 32.
1419 1491 1475 1527 lloc
1494 1498 1615 1527 medinm
1630 1498 1682 1526 suit
1696 1499 1824 1527 Christus
1843 1499 1871 1527 in
1892 1499 2059 1527 ascensione.
2075 1497 2194 1548 Di-›fg‘f
2208 1506 2264 1524 nom

1272 1545 1344 1574 citur
1366 1545 1393 1573 in
1415 1545 1547 1573 Ex0d0⁷:
1571 1544 1726 1582 lnyressus
1747 1545 1858 1583 Moyses
1879 1545 2008 1574 mediam
2035 1542 2139 1574 voeb'u?
2174 1531 2247 1551 “⁸⁸⁰¹‘'

1272 1592 1333 1625 lae,
1355 1591 1415 1629 fuit
1442 1592 1483 1620 ibi
1509 1592 1712 1630 quadraginta
1740 1591 1840 1620 diebus
1867 1595 1892 1620 et
1920 1592 2123 1630 qaadrayz‘nta

1272 1638 1411 1667 noctibas.
1436 1639 1466 1666 Et
1488 1639 1540 1667 hoc
1560 1638 1612 1667 fuit
1633 1639 1760 1667 Christus
1782 1638 1809 1666 in
1830 1639 2017 1672 ascensione,·
2048 1639 2122 1669 unde
2139 1655 2141 1657 ·

1272 1686 1300 1714 in
1321 1685 1433 1714 Actibus
1453 1685 1570 1714 dicitur:
1605 1684 1698 1714 Nubes
1719 1686 1845 1722 suscepit
1865 1694 1931 1714 eum
1962 1685 1998 1714 ab
2031 1686 2122 1714 oculis

1272 1741 1381 1761 eoram.
1398 1733 1440 1761 Sic
1455 1733 1628 1761 Christianus
1642 1733 1723 1762 debet
1743 1733 1890 1762 ascendere
1912 1733 1945 1761 de
1966 1733 2072 1761 virtute
2091 1733 2122 1761 in

1273 1779 1422 1813 zn'rtulem,
1445 1787 1499 1807 non
1521 1779 1666 1808 statuendo
1683 1780 1834 1808 terminum
1856 1780 1983 1813 virtutis,
1999 1780 2065 1816 quia
2085 1787 2120 1808 ex

1273 1825 1323 1854 hoc
1345 1826 1417 1854 sacto
1438 1825 1577 1854 desineret
1596 1833 1656 1854 esse
1678 1825 1829 1855 virtuosus.

1351 1872 1396 1901 33.
1421 1872 1656 1900 Fundamentum
1678 1876 1770 1901 autem
1793 1872 1904 1901 virtutis
1924 1872 1995 1908 fides
2016 1875 2072 1906 est,
2093 1875 2120 1901 et
2146 1882 2201 1908 rides
2214 1886 2253 1908 ως.

1272 1928 1321 1948 nos
1343 1919 1472 1956 ponimus
1492 1927 1552 1948 eam
1575 1919 1647 1948 sicut
1667 1920 1803 1948 medinm.
1826 1919 1873 1948 llic
1893 1919 1959 1948 dicit
1980 1919 2088 1948 ethicus
2099 1919 2119 1954 ⁸,
2133 1905 2253 1947 giss‘fft.c¹¹¹¹‘

1272 1966 1344 2003 quod
1368 1966 1490 1994 inedium
1504 1969 1555 1999 est,
1572 1977 1585 1991 «
1597 1969 1629 1994 ut
1649 1966 1727 1994 ratio
1748 1968 1828 1994 recta
1845 1965 2046 1994 determinat».
2069 1965 2122 1994 Ista

1271 2016 1364 2042 autem
1386 2012 1453 2041 fides
1475 2015 1531 2046 est;
1554 2012 1622 2041 tides
1644 2015 1685 2041 est
1705 2012 1781 2040 sieut
1805 2012 1887 2040 stella
1914 2012 2063 2040 matutina
2091 2012 2122 2040 in

1270 2060 1364 2088 medio
1395 2059 1523 2088 nebulae.
1556 2059 1594 2087 Ad
1626 2059 1706 2087 istam
1738 2059 1859 2088 ascendit
1886 2059 2059 2088 Christianus
2079 2067 2121 2088 as-

1272 2109 1382 2136 sumtus
1403 2106 1435 2135 de
1457 2106 1537 2143 aquis
1558 2105 1686 2142 baptismi
1709 2109 1736 2134 et
1757 2105 1842 2134 intrat
1862 2106 2022 2142 caliginem,
2050 2113 2121 2142 quae

1272 2153 1383 2191 quidem
1405 2153 1491 2190 caligo
1511 2152 1582 2189 fides
1610 2155 1652 2181 est
1673 2160 1736 2181 cum
1765 2152 1869 2181 lumine
1891 2152 1917 2180 in
1949 2153 2119 2190 aenigmate.
2138 2181 2140 2183 ,

1272 2201 1325 2229 Hoc
1347 2199 1557 2229 tundamentum
1579 2203 1635 2234 est,
1658 2208 1707 2237 per
1736 2199 1810 2237 quod
1830 2199 1963 2228 fundatur
1985 2200 2012 2228 in
2041 2199 2120 2228 nobis

1271 2247 1410 2281 Christus;
1433 2255 1482 2284 per
1504 2247 1574 2275 hanc
1596 2247 1678 2275 fidem
1701 2247 1810 2284 proficit
1837 2246 1928 2275 anima
1948 2246 2274 2283 ascendendOSpectessvir—

1272 2293 1305 2322 ad
1326 2294 1444 2323 virtutes
1464 2294 1614 2331 politicas,
1637 2294 1716 2331 quasi
1737 2293 1771 2322 ad
1792 2293 1913 2322 radicem
1933 2293 2048 2327 montis,
2071 2293 2118 2322 ubi
2162 2283 2229 2301 ²⁰²“m‘

1272 2341 1376 2377 Moyses
1399 2341 1460 2369 lecit
1481 2341 1625 2370 duodecim
1641 2341 1801 2370 holocausta
1819 2340 1839 2374 ⁹3
1861 2339 1958 2368 deinde
1977 2340 2010 2368 ad
2032 2340 2121 2369 virtu-

1273 2391 1312 2417 tes
1340 2388 1536 2425 paryativas,
1563 2388 1641 2425 quasi
1670 2387 1704 2416 ad
1729 2387 1850 2416 medium
1878 2386 1994 2420 montis;
2023 2386 2120 2416 deinde

434 2565 442 2578 ¹
460 2566 519 2588 Vide
542 2567 646 2593 August„
668 2565 706 2587 lx.
729 2564 758 2587 de
780 2563 830 2587 Civ.
851 2565 905 2592 Dei,
926 2571 946 2587 c.
965 2565 1005 2593 15,
1028 2572 1054 2588 ex
1077 2572 1124 2594 quo
1147 2572 1217 2593 supra

372 2612 426 2634 pag.
444 2605 501 2632 248,
519 2607 572 2627 nota
591 2605 612 2626 8.
630 2603 746 2633 quaedam
764 2604 829 2625 allata
846 2607 907 2626 sunt.

434 2643 443 2657 ²
462 2645 536 2667 Matth.
555 2644 592 2671 27,
611 2644 689 2666 40.—
701 2643 796 2665 interius
816 2646 869 2670 post
884 2643 1003 2666 conclusio
1021 2644 1072 2666 Vat.
1090 2644 1153 2666 addit
1175 2643 1217 2667 sci-

374 2683 426 2707 lecet
447 2682 622 2713 impassibilitas
642 2681 774 2711 passibilis,
792 2681 959 2705 immortalitas
982 2683 1102 2711 mortalis,
1122 2683 1217 2713 opulen-

374 2722 406 2745 tia
423 2722 498 2751 inops.

437 2759 445 2772 ³
463 2761 511 2782 Act.
532 2761 550 2787 t,
568 2761 630 2782 3.-
643 2760 696 2788 seq.
719 2760 783 2781 locus
805 2762 839 2781 est
861 2760 915 2782 Luc.
933 2760 975 2787 24,
993 2761 1037 2788 26,
1056 2762 1133 2784 tertius
1155 2762 1215 2783 ioan.

375 2800 412 2826 2t1,
433 2799 467 2821 19.
484 2805 549 2827 seqq.
777 2791 781 2793 ⁵

438 2836 447 2849 ·¹
465 2838 536 2865 Apoc.
554 2838 581 2864 5,
599 2838 620 2859 5
631 2849 662 2853 —
674 2837 725 2859 Vat.
743 2836 836 2858 interius
854 2839 905 2863 post
924 2837 1089 2865 mysteriorum
1113 2839 1216 2868 quinque

377 2877 417 2898 μιᾷ(
435 2877 510 2899 media
528 2876 645 2904 adiungit,
657 2876 704 2898 scil.
717 2875 872 2906 testimonium
889 2876 1028 2902 Angelorum
1047 2877 1176 2900 sedentium
1194 2878 1216 2900 in

379 2918 453 2938 dextra
462 2933 467 2943 ,
479 2916 669 2938 resurrectionem
688 2907 823 2937 Sanctorum
832 2931 837 2941 ‚
849 2920 960 2942 pavorem
976 2916 1097 2938 custodum
1106 2934 1111 2943 ,
1124 2918 1217 2939 malitio-

377 2960 425 2977 sam
444 2955 613 2982 corruptionem
630 2954 767 2976 ludaeorum
785 2956 807 2975 et
823 2952 942 2975 denarium
960 2954 1137 2981 apparitionum.

441 2991 449 3004 ‘³
466 2993 522 3020 Cap.
539 2993 581 3021 40,
598 2993 634 3016 24.
652 3006 681 3010 —
701 2994 753 3021 Seq.
770 2993 834 3015 locus
851 2994 884 3014 est
902 2992 961 3014 loan.
983 2993 1020 3019 ¹2,
1038 2994 1074 3015 32.

1337 2564 1347 2577 ⁶
1364 2566 1391 2587 L't
1408 2565 1508 2587 ostendit
1525 2565 1630 2591 Aristot„
1647 2565 1670 2586 ll.
1687 2564 1760 2586 Ethic.
1783 2570 1801 2586 c.
1824 2564 1845 2586 6.
1867 2563 1990 2585 Terminus
2007 2562 2120 2586 modestia

1274 2604 1373 2626 sumitur
1390 2604 1488 2631 largiore
1506 2609 1575 2626 sensu
1592 2603 1622 2626 de
1639 2602 1798 2626 moderamine
1816 2602 1838 2624 in
1855 2601 1944 2632 actibus
1960 2601 2094 2624 moralibus.

1336 2641 1345 2655 '¹
1363 2642 1419 2671 Cap.
1431 2643 1460 2665 24
1468 2661 1474 2670 ,
1489 2643 1526 2665 18.
1538 2644 1590 2665 Post
1601 2641 1700 2665 nebulae
1712 2643 1810 2670 Vulgata
1823 2641 1887 2664 addit
1897 2640 2003 2664 ascendz't
2018 2640 2042 2663 in
2054 2646 2118 2664 mon-

1274 2684 1332 2710 tem,
1350 2683 1379 2705 et.
1395 2694 1426 2698 —
1444 2683 1496 2711 Seq.
1515 2683 1578 2704 locus
1600 2684 1634 2704 est
1651 2682 1700 2704 Act.
1720 2682 1739 2708 l,
1757 2681 1784 2708 9;
1803 2680 1881 2703 tertius
1898 2680 1934 2702 Ps.
1951 2679 1994 2706 83,
2011 2679 2036 2701 8:
2053 2678 2120 2702 ibunt

1274 2721 1303 2744 de
1320 2721 1404 2743 virtute
1421 2724 1463 2743 etc.
1480 2720 1526 2743 Csr.
1544 2724 1598 2743 tom.
1616 2720 1653 2743 lV.
1670 2726 1725 2748 pag.
1740 2720 1798 2746 292,
1810 2721 1864 2741 nota
1879 2718 1914 2740 tt.
1925 2717 1996 2739 verba
2009 2718 2118 2741 Bernardi

1275 2760 1304 2783 de
1320 2761 1455 2783 necessitate
1472 2760 1607 2788 proficiendi
1626 2760 1649 2781 in
1667 2759 1738 2781 hono.

1336 2798 1346 2811 Β
1363 2800 1468 2826 Aristot.,
1485 2800 1509 2821 ll.
1526 2799 1597 2821 Ethic.
1614 2805 1634 2821 e.
1651 2799 1673 2821 6.
1691 2798 1750 2820 Vide
1767 2800 1823 2819 tom.
1839 2797 1863 2819 ll.
1880 2802 1934 2824 pag.
1951 2795 1991 2818 671
2003 2813 2008 2823 ,
2026 2799 2079 2819 nota
2097 2796 2118 2818 9.

1272 2850 1303 2854 —
1316 2838 1369 2867 Seq.
1386 2839 1450 2860 locus
1467 2841 1501 2860 est
1517 2838 1585 2860 Eecli.
1602 2837 1644 2864 50,
1658 2837 1680 2860 6.
1692 2836 1787 2859 Inferius
1798 2835 1918 2864 respicitur
1929 2835 1943 2857 Ι.
1955 2834 2008 2858 Cor.
2021 2835 2062 2862 13,
2077 2835 2117 2857 le:

1274 2877 1386 2899 Videmus
1403 2883 1465 2898 nunc
1483 2882 1524 2904 per
1541 2876 1662 2904 speculum
1681 2875 1703 2897 in
1720 2874 1851 2902 aenigmate
1867 2876 1910 2896 etc.

1336 2914 1345 2927 ⁹
1362 2916 1433 2938 Exod.
1453 2916 1495 2943 24,
1513 2916 1535 2938 5.
1552 2921 1600 2943 seq.
1617 2926 1648 2930 —
1665 2914 1699 2936 De
1715 2913 1830 2936 divisione
1851 2912 1975 2940 virtutum,
1993 2912 2058 2935 cuius
2081 2912 2118 2934 hic

1273 2955 1359 2977 mentio
1371 2954 1403 2981 tit,
1415 2957 1437 2976 et
1453 2960 1513 2983 quae
1530 2956 1564 2976 est
1581 2953 1709 2975 secundum
1726 2952 1839 2975 Plotinum
1857 2957 1883 2974 ac
1899 2950 2052 2978 Macrobium,
2064 2950 2118 2973 vide

1274 2995 1330 3016 intra
1348 2994 1421 3016 collat.
1440 2994 1466 3020 G,
1484 2992 1522 3015 ubi
1541 2993 1588 3020 ipsa
1606 2992 1696 3020 plenius
1713 2992 1841 3020 exponitur.
