2285 3398
432 181 478 209 XX
1128 174 1370 205 PROLEGOMENA
1390 175 1418 203 C.
1440 175 1480 204 III.

429 264 476 288 quo
492 257 552 281 niIii'l
567 258 603 280 est
618 256 696 284 triste,
716 255 829 285 quoniam
846 254 904 278 liber
921 253 1018 284 explicit
1028 254 1078 277 iste.
1095 252 1172 276 44:56.
1189 252 1272 282 Empti-

429 305 461 328 cit
475 302 652 333 Breviloquium
668 303 832 326 Bonaventw·e
848 300 876 324 de
892 300 975 324 ordine
991 299 1077 323 mundi
1093 299 1154 327 (sicl-

493 350 529 372 49.
547 349 645 377 Ibidem,
663 349 714 371 cod.
732 349 785 371 139.
802 347 902 370 membr.
918 347 941 369 in
959 347 995 369 tol.
1013 352 1074 369 saec.
1091 346 1151 368 XIV.
1165 344 1272 366 -Initio

428 397 581 426 praemittitur
597 398 697 418 tantum:
716 394 798 424 Incipit
811 393 929 423 proleque
945 392 970 415 in
987 391 1170 421 Breviloquium.
1186 390 1273 413 Desinit

429 448 454 467 ut
470 445 492 466 in
509 443 587 470 editis,
599 443 684 465 deinde
700 441 807 464 additur:
823 439 924 469 Explicit
940 439 1083 469 opusculum
1099 437 1185 467 fratris
1202 437 1274 460 Bone-

429 493 526 515 venture
543 490 570 512 de
587 488 669 512 ordine
685 489 791 518 fratrum
809 486 943 514 minorum,
962 485 1004 515 qui
1019 476 1188 515 fuitmayister
1205 482 1273 505 Pari-

429 538 494 566 δίας,-
505 538 526 560 et
538 536 624 560 dicitur
636 541 695 564 opas
707 534 771 557 istud
783 532 959 562 tii-evitoqzu'um
976 532 1112 554 excoctum
1124 529 1151 552 de
1162 535 1271 557 summa,

429 590 502 614 quam
518 583 572 613 fecit
581 589 654 612 super
671 580 806 605 senwntias.
818 579 914 604 Gratias
933 578 1025 601 Christo
1042 582 1157 607 cyamus,
1171 575 1214 605 qui
1221 581 1274 605 per-

429 630 476 661 ficit
493 630 517 653 in
534 629 608 652 nobis'
624 634 673 651 esse
699 627 785 650 bonnm
803 631 871 655 opus.
889 624 935 652 Otii
950 623 1046 653 scripsit
1061 622 1163 649 scribat,
1181 627 1274 650 semper

429 683 485 701 cum
501 676 601 700 Domino
619 674 690 698 vivat.
706 674 733 696 B.
751 672 786 701 (in
804 678 878 699 marg.
900 669 1056 698 Bernhardus)
1079 668 1241 697 nuncupatur,
1258 672 1274 688 α

430 722 522 746 Christo
540 721 697 745 benedicatur.

492 769 530 791 50.
541 767 697 797 Cantabriqac
710 767 731 789 in
743 766 823 793 Anglia
831 782 836 792 ,
849 764 986 786 bibliotheca
996 761 1166 788 Universitatis,
1178 760 1230 783 cod.
1242 760 1275 782 Li.

430 818 468 840 VI.
485 817 521 839 15.
540 814 639 838 membr.
656 814 677 836 in
696 813 716 835 4.
734 818 794 835 saec.
812 812 863 833 XV.
882 822 913 827 —
932 810 980 832 Fol.
996 809 1035 831 23.
1051 815 1070 830 r.
1087 808 1165 835 incipit
1186 803 1286 835 absque‘

430 864 475 886 ullo
492 863 570 885 titulo:
588 860 665 884 Flecto
682 865 759 888 qenaa
782 864 835 880 mea
852 860 894 879 etc.
912 856 990 878 Desin.
1005 856 1043 877 tol.
1061 854 1114 876 104.
1130 860 1167 880 v.‚
1184 853 1220 875 cui
1237 852 1276 875 ad-

430 910 503 933 ditur:
521 907 624 937 Eapti‘cit
642 904 819 934 Breriloqnium
836 903 1008 926 Bonaventure.

493 955 531 978 51.
548 953 647 981 Ibidem,
665 952 717 974 cod.
735 951 778 973 Dd.
796 951 833 972 IV.
850 949 888 971 50.
904 949 977 972 chart.
993 953 1054 970 saec.
1070 946 1163 968 XV.—
1174 945 1221 967 Fol.
1238 944 1275 966 52.

430 1010 479 1033 seq.
496 1001 655 1030 complectitur
672 999 746 1027 capita
764 996 873 1019 nonnulla
889 996 914 1018 11.
931 994 1002 1023 partis
1019 991 1167 1021 Breviloquii.

494 1050 532 1072 52.
548 1047 648 1075 Ibidem,
667 1046 720 1068 cod.
736 1046 769 1067 Fr.
791 1045 807 1066 1.
827 1044 861 1065 18.
884 1040 982 1064 membr.
1000 1040 1023 1062 in
1046 1039 1069 1062 4.
1089 1044 1150 1061 saec.
1167 1037 1226 1060 XIV.
1245 1049 1276 1053 —

431 1097 477 1119 Fol.
495 1094 547 1117 121.
565 1094 608 1116 col.
624 1094 651 1115 2:
663 1090 748 1120 Incipit
761 1088 880 1119 quoddam
897 1085 1040 1117 opusculum
1057 1083 1084 1107 de
1105 1082 1219 1106 Trinitate
1235 1080 1278 1104 Dei

431 1145 454 1166 et
469 1142 496 1165 de
513 1142 620 1165 creatore
636 1137 721 1162 mundi
737 1140 780 1159 ete.
798 1134 884 1158 Desinit
901 1134 939 1156 tol.
957 1133 1010 1155 182.
1027 1138 1046 1153 ι·.
1062 1132 1087 1153 ut
1103 1129 1166 1152 editi.

495 1189 532 1211 53.
550 1186 649 1213 Ibidem,
666 1185 717 1207 cod.
734 1185 767 1206 Fr.
784 1183 821 1205 Vl.
839 1182 876 1204 5l.
894 1179 993 1203 membr.
1010 1178 1033 1200 in
1050 1178 1072 1199 8.
1089 1182 1150 1199 saec.
1167 1175 1228 1197 XIV.
1245 1186 1277 1191 —

432 1235 537 1259 Continet
553 1233 656 1256 rubricas
673 1231 774 1259 capitum
791 1232 813 1251 et
831 1227 930 1256 partium
948 1224 1095 1253 Breviloquii.

496 1281 533 1303 54.
545 1279 639 1305 Ibidem,
652 1277 788 1299 bibliotheca
798 1273 891 1301 Collegii
901 1271 1011 1299 Corporis
1019 1269 1109 1296 Christi,
1119 1268 1170 1291 cod.
1180 1267 1277 1290 LXXIII.

434 1327 533 1351 membr.
550 1327 572 1348 in
590 1326 628 1348 tol.
645 1330 705 1347 saec.
722 1322 781 1345 XIV.
798 1327 843 1344 non
860 1325 951 1342 numer.
966 1330 996 1335 —
1013 1318 1066 1339 Post
1082 1316 1151 1338 tinem
1168 1313 1278 1337 Itinerarii

433 1374 517 1397 mentis
535 1374 557 1395 in
583 1373 656 1394 Deum
673 1370 789 1399 sequitur:
812 1366 896 1396 Incipit
909 1364 1060 1395 prohemium
1078 1362 1103 1385 in
1120 1361 1221 1388 librum,
1238 1359 1280 1389 qui

434 1420 521 1444 dicitur
538 1417 688 1441 Brcciarz'um
711 1413 823 1444 nzaqistri
844 1413 907 1435 Bone
927 1411 1022 1440 soi-tune
1043 1408 1133 1432 ordinis
1155 1406 1278 1430 minorum

434 1465 539 1489 ministri
554 1463 679 1494 qeneralts.

498 1512 536 1535 55.
553 1510 653 1537 Ibidem,
671 1509 723 1531 cod.
742 1508 791 1530 477.
810 1505 910 1529 membr.
926 1505 948 1527 in
966 1505 988 1526 8.
1005 1508 1065 1525 saec.
1082 1500 1238 1524 XIV.—-Fol.
1257 1499 1279 1521 1.

434 1559 515 1582 habet:
528 1557 610 1587 Incipit
622 1554 798 1584 Breviloquinm
807 1552 922 1582 pauperis
934 1550 958 1573 in
969 1555 1041 1573 sacra
1052 1547 1181 1577 scriptura.
1192 1545 1278 1568 Eadem

434 1605 516 1634 repetit
527 1605 549 1627 in
562 1604 606 1626 fine
617 1602 661 1625 sub
674 1601 759 1624 verbo:
772 1598 892 1629 Empticit,
903 1597 992 1626 absque
1008 1596 1053 1618 ullo
1068 1594 1160 1617 nomine
1171 1592 1280 1615 auctoris.

498 1652 536 1674 56.
552 1649 652 1677 Ibidem,
671 1648 694 1670 in
711 1648 767 1670 Aula
785 1644 978 1671 Pembrochiana,
989 1642 1041 1664 cod.
1057 1641 1082 1663 B.
1099 1641 1124 1662 Il.
1140 1638 1240 1662 membr.
1257 1637 1280 1660 in

436 1700 458 1721 8.
474 1704 535 1721 saec.
552 1697 611 1720 XlV.
622 1708 653 1713 -
665 1696 703 1718 Est
719 1694 763 1716 sub
783 1692 888 1715 nomine:
905 1687 1082 1718 Breviloquinm
1107 1686 1280 1709 Bonavcnture.

436 1746 519 1768 lterum
537 1745 560 1766 in
577 1745 633 1766 llne:
651 1740 755 1770 Eoeplicit
773 1736 960 1767 Breviloquium.

499 1791 536 1813 57.
560 1789 660 1816 Ibidem,
688 1786 825 1809 bibliotheca
850 1782 943 1810 Collegii
967 1780 1126 1804 sanctissimae
1150 1777 1280 1804 Trinitatis,

436 1839 488 1862 cod.
505 1839 530 1860 Β.
548 1838 563 1859 1.
585 1837 623 1858 44.
647 1834 746 1857 membr.
764 1833 787 1854 in
806 1832 826 1854 4.
851 1836 912 1853 saec.
929 1829 989 1851 XIV.
1007 1840 1038 1844 —
1058 1826 1139 1854 Incipit
1162 1825 1212 1847 sine
1237 1824 1281 1846 ullo

436 1885 513 1910 titulo,
530 1883 614 1905 desinit
630 1883 655 1903 ut
670 1880 693 1902 in
710 1879 789 1904 editis;
806 1877 858 1899 hinc
875 1876 973 1903 scriptor
992 1873 1070 1896 addit:
1088 1870 1193 1900 Explicit
1205 1869 1282 1893 Brevi-

438 1929 545 1960 loquium
561 1927 646 1958 fratris
663 1925 835 1949 Bonaeentiire.

501 1976 539 1998 58.
556 1974 654 2000 Ibidem,
672 1972 810 1994 bibliotheca
822 1968 916 1996 Collegii
928 1967 998 1990 sancti
1016 1964 1180 1992 Emmanuelis,
1198 1963 1249 1985 cod.
1267 1963 1282 1985 I.

439 2024 516 2048 3.,22.
534 2020 632 2044 membr.
651 2020 673 2041 in
692 2018 712 2040 4.
729 2023 789 2039 saec.
807 2016 858 2038 XV.
872 2027 903 2031 —
915 2015 937 2036 ln
954 2013 1029 2041 capite
1046 2012 1114 2040 primi
1131 2011 1169 2033 tol.
1184 2010 1281 2037 legitur:

439 2068 524 2098 Incipit
540 2065 715 2095 Breciloquinm
730 2062 844 2093 pauperis
866 2061 891 2084 in
907 2066 979 2083 sacra
997 2058 1118 2088 scriptura
1134 2056 1219 2087 [ratris
1240 2056 1283 2079 Bo-

438 2116 576 2139 nacenture.
593 2113 677 2135 Eadem
694 2112 828 2138 repetuntur
845 2108 867 2130 in
880 2108 937 2135 fine,
955 2106 994 2129 ubi
1011 2105 1097 2128 nomini
1108 2105 1283 2127 Bonaventurae

439 2162 542 2185 additur:
561 2159 657 2183 Ordinis
673 2157 795 2180 minorum
812 2157 833 2178 ct
850 2152 979 2177 cardinalis
996 2150 1139 2175 albanensis.

502 2208 539 2230 59.
557 2206 656 2230 Cesenae
673 2205 695 2226 in
712 2203 784 2229 ltalia,
807 2201 945 2224 bibliotheca
968 2197 1131 2223 Malatestiana‚
1148 2197 1205 2218 Plut.
1228 2195 1284 2217 XIII.

440 2255 492 2277 cod.
503 2254 527 2276 11.
539 2253 612 2275 mehr.
624 2252 645 2273 in
659 2252 696 2273 sol.
708 2256 768 2272 saec.
780 2249 829 2271 XV.
842 2260 873 2264 —
884 2246 964 2273 Incipit
981 2245 1018 2267 sol.
1031 2244 1051 2266 1.
1062 2250 1081 2266 r.
1093 2243 1142 2266 sine
1158 2242 1235 2268 titulo,
1246 2241 1284 2263 de-

440 2300 493 2323 sinit
509 2300 546 2321 tol.
563 2298 599 2320 64.
622 2304 646 2319 v.
663 2297 715 2319 Post
736 2296 805 2317 tinem
822 2293 926 2315 additur:
944 2289 1049 2319 Eaplwit
1069 2289 1185 2312 tractatus
1210 2286 1284 2309 intro-

441 2345 563 2369 ductorius
582 2344 623 2374 [in]
636 2341 814 2371 intelliyentiam
830 2345 898 2362 sacre
915 2338 1033 2366 scripture
1047 2337 1069 2359 et
1078 2335 1133 2365 fidei
1149 2333 1284 2357 christiane.

441 2393 486 2415 Iste
503 2390 561 2414 liber
577 2389 652 2413 editus
669 2389 703 2411 est
719 2393 734 2410 a
752 2384 879 2409 reverendo
893 2384 963 2413 patre
978 2382 1055 2411 fratre
1071 2381 1241 2404 Bonaventura
1257 2378 1284 2401 de

442 2437 524 2461 ordine
536 2436 658 2459 minorum
669 2433 729 2457 sedis
746 2431 873 2462 apostolice
884 2428 1011 2453 cardinali.
1025 2428 1055 2451 Et
1069 2428 1103 2450 est
1120 2424 1285 2455 compendium

442 2483 554 2512 tlieoloqie
571 2484 592 2505 et
608 2481 662 2512 fidei
678 2480 813 2504 christiane.

505 2530 543 2551 60.
561 2527 699 2553 Cracoviae,
717 2526 854 2548 bibliotheca
873 2522 1045 2548 Universitatis,
1062 2520 1114 2543 cod.
1132 2519 1201 2541 1248.
1218 2518 1243 2540 Α.
1257 2518 1283 2539 Α.

443 2576 480 2597 Vl.
497 2576 519 2597 2.
536 2575 608 2596 chart.
630 2573 651 2594 iu
670 2573 783 2599 sotsaec.
802 2571 853 2592 XV.
873 2572 963 2591 exeunt.
974 2580 1004 2585 -
1016 2566 1189 2594 Breviloquium
1206 2563 1286 2592 incipit

443 2628 498 2650 pag.
515 2622 523 2642 1
545 2623 567 2643 et
584 2619 666 2642 desinit
683 2624 736 2645 pag.
754 2618 799 2639 210
818 2620 841 2638 ut
859 2616 880 2637 in
898 2614 1046 2637 editionibus.

506 2668 544 2689 61.
561 2665 660 2692 Ibidem,
673 2664 725 2686 cod.
743 2664 768 2685 D.
784 2664 809 2685 D.
822 2663 867 2684 Xll.
880 2662 917 2683 20.
929 2663 1000 2683 chart.
1012 2660 1032 2682 in
1046 2661 1067 2682 8.
1078 2671 1109 2676 —
1121 2658 1202 2686 Incipit
1213 2658 1250 2680 sol.
1264 2657 1286 2679 7.

444 2721 473 2729 ν·
494 2713 569 2736 F‘vcto
587 2717 664 2741 venua
682 2716 757 2733 mea...
775 2707 945 2738 plenitudinem
962 2706 1010 2729 Dei.
1023 2705 1187 2733 interponitur:
1205 2702 1287 2726 Nodus

445 2760 532 2789 triplae
549 2758 675 2787 incolome,
694 2761 715 2779 ct
732 2756 846 2784 sequitur:
865 2754 967 2782 Magnus
987 2752 1067 2775 doctor
1089 2754 1131 2773 etc.
1148 2751 1200 2773 Post
1217 2750 1287 2772 finem

445 2806 551 2828 additur:
571 2804 673 2833 Empta-ii
695 2801 870 2831 Breviloquium
888 2800 950 2823 Bone
965 2800 1076 2825 venture,
1093 2796 1218 2820 Millesz'mo
1232 2801 1287 2825 qua·

446 2850 625 2874 ffrincentesimo
639 2848 786 2877 sesa-(lesina)
800 2846 912 2870 secundo.

508 2898 545 2919 62.
563 2895 695 2919 (Ji-emiseni
712 2894 917 2923 (Krcmsmunster)
936 2893 957 2914 in
974 2891 1076 2917 nustria,
1094 2890 1230 2912 bibliotheca
1250 2889 1287 2910 Pa-

447 2947 506 2966 trem
523 2942 609 2965 ordinis
626 2943 648 2963 S.
666 2941 792 2967 Benedicti,
810 2940 862 2961 cod.
882 2940 932 2961 113.
949 2940 1019 2961 chart.
1036 2938 1059 2959 in
1072 2937 1093 2959 4.
1110 2942 1170 2959 saec.
1187 2935 1246 2957 XIV.
1257 2947 1288 2951 —

1328 253 1408 281 Incipit
1419 253 1591 282 Breviloquium
1605 253 1642 275 tol.
1653 253 1691 275 61.
1702 259 1722 275 r.
1733 253 1776 275 col.
1789 253 1809 274 1.
1825 252 1875 274 sine
1887 252 1963 278 titulo,
1975 252 2059 274 desinit
2072 252 2109 274 tol.
2122 252 2174 274 130.

1328 299 1371 321 col.
1389 300 1414 326 25
1431 299 1536 322 additur:
1554 299 1658 329 Explicit
1671 298 1849 328 Breviloquinm
1859 298 2034 321 Bonavcnlure.

1391 346 1429 367 63.
1447 345 1547 373 Ibidem,
1564 345 1616 368 cod.
1634 345 1685 367 117.
1704 346 1776 367 chart.
1797 345 1820 366 in
1838 344 1865 367 4..
1876 351 1937 367 saec.
1955 345 2006 366 XV.
2025 357 2056 361 —
2076 345 2174 366 Brevilo-

1329 391 1409 419 quium
1428 394 1461 413 est
1484 391 1519 413 tol.
1542 391 1626 413 119.Γ.
1642 391 1686 414 sub
1698 392 1777 414 titulo:
1795 390 1879 420 Incipit
1898 392 2015 414 tractatas
2033 390 2174 413 introducto-

1329 436 1381 459 rius
1398 437 1423 459 in
1439 436 1622 466 intelliycnciam
1637 444 1706 461 sacre
1721 438 1840 467 scripture
1856 439 1879 460 et
1894 437 1949 467 fidei
1964 436 2100 460 christiane.
2114 437 2175 459 Desi-

1329 483 1362 504 nit
1378 483 1415 505 tol.
1433 483 1486 504 189.
1502 489 1521 505 r.
1539 483 1590 505 Post
1606 489 1676 506 amen
1692 483 1790 511 scriptor
1807 483 1965 512 prosequitur:
1983 482 2075 506 Finitus
2092 484 2126 505 est
2148 482 2175 505 li-

1330 528 1404 552 bellus
1421 528 1463 552 iste
1479 534 1544 551 anno
1561 528 1651 552 domini
1664 529 1871 553 MCGGGXLVIII.
1888 528 2013 552 undecima
2035 528 2071 551 die
2088 528 2175 552 niensis

1329 575 1475 605 septmnbris.
1492 574 1598 604 Explicit
1614 575 1672 598 liber
1689 575 1763 599 bonus
1775 578 1797 599 et
1813 575 1923 605 optimus.

1393 620 1432 642 64.
1450 620 1526 644 Cusae
1542 620 1605 648 apud
1622 620 1743 644 Castellum
1760 621 1920 644 Tabornarum
1933 622 2084 649 (Berncastel)
2098 622 2119 644 in
2135 622 2176 644 Bo-

1330 667 1416 695 russia,
1434 666 1572 689 bibliotheca
1594 667 1727 694 Hospitalis,
1743 668 1794 690 cod.
1811 668 1838 690 D.
1856 668 1893 690 46.
1916 667 2016 690 membr.
2032 667 2053 689 in
2077 668 2099 689 8.
2115 674 2176 690 saec.

1331 715 1392 737 XIV.
1410 714 1494 735 ineunt.
1513 725 1544 729 —
1563 713 1610 735 Fol.
1634 713 1654 734 1.
1671 719 1690 735 r.
1712 713 1755 735 col.
1773 714 1801 735 l:
1824 713 1909 743 Incipit
1929 713 2107 743 Brcviloquium
2127 720 2176 737 nut-

1330 759 1401 789 oistri
1417 758 1529 783 Iohannis
1546 759 1609 782 Bone
1620 760 1741 782 aventure.
1759 759 1840 782 Prima
1853 766 1925 789 pars,
1942 759 1969 782 de
1991 759 2105 783 Trinitate
2122 759 2175 786 Dei,

1331 805 1400 829 habet
1415 805 1521 835 capitula
1537 811 1629 828 novem.
1646 806 1673 827 In
1687 804 1806 834 principio
1823 808 1878 831 etc.‚
1896 806 2039 833 protenditur
2057 811 2130 833 usquc
2147 805 2176 827 ad

1331 859 1383 880 cap.
1400 853 1422 874 2.
1439 852 1551 879 septimae
1568 851 1651 879 partis,
1668 851 1754 879 reIIqua
1771 851 1850 873 avulsa
1867 854 1928 873 sunt.

1394 899 1432 921 65.
1450 898 1549 926 Ibidem,
1569 898 1620 920 cod.
1639 898 1666 919 D.
1682 897 1719 919 59.
1738 896 1829 919 membr
1853 897 1876 919 in
1898 898 1920 919 8.
1936 904 1996 920 saec.
2014 898 2070 920 Xlll.
2086 900 2178 920 exeunt.

1331 958 1362 963 —
1385 946 1407 968 ln
1426 945 1489 967 initio
1506 944 1587 967 habet:
1606 943 1690 973 Incipit
1705 943 1882 973 Breciloqnium
1898 944 2071 967 Bonaventure.
2088 944 2177 967 Mutilus

1331 995 1366 1015 est
1383 992 1404 1014 in
1422 993 1468 1014 sine
1484 992 1542 1014 sicut
1559 991 1708 1019 praecedens.

1395 1038 1433 1060 66.
1449 1036 1597 1060 Darmstadii
1609 1037 1631 1058 ln
1643 1035 1778 1063 Germania,
1796 1035 1932 1058 bibliotheca
1944 1036 2047 1063 Ducalis,
2059 1036 2112 1058 cod.
2123 1036 2178 1057 696.

1333 1084 1432 1107 membr.
1449 1084 1472 1106 in
1490 1085 1512 1106 8,
1528 1089 1589 1106 saec.
1605 1083 1657 1105 XV.
1676 1095 1707 1099 —
1726 1083 1773 1104 Fol.
1791 1082 1844 1104 101.
1860 1088 1891 1104 r.:
1908 1081 1992 1111 Incipit
2013 1080 2175 1111 compendium

1331 1137 1401 1154 sacre
1417 1129 1536 1159 scripture
1552 1129 1725 1152 Bonacentmw.
1742 1128 1829 1150 Desinit
1845 1128 1882 1150 Iol.
1901 1128 1952 1150 168.
1968 1135 1986 1150 r.
1998 1131 2051 1156 post
2066 1128 2163 1150 initium.

1395 1178 1433 1200 67.
1452 1176 1551 1204 Ibidem,
1569 1176 1621 1199 cod.
1643 1176 1712 1198 1004.
1729 1175 1828 1198 membr.
1846 1175 1867 1197 in
1889 1176 1911 1198 8.
1927 1182 1987 1198 saec.
2010 1176 2070 1197 XIV.
2087 1178 2177 1197 exeunt.

1333 1237 1363 1242 —
1374 1224 1540 1247 Praemittitur:
1558 1222 1735 1252 Brevitoqnitim
1748 1223 1810 1245 Bone
1822 1223 1918 1245 ventare
1932 1221 1957 1244 in
1968 1228 2065 1244 sacram
2076 1221 2178 1250 scriptii-

1333 1277 1396 1294 ram.
1414 1270 1508 1298 Explicit
1525 1270 1562 1292 tol.
1577 1270 1657 1291 ultimo
1674 1269 1761 1292 codicis
1780 1270 1844 1296 parte
1861 1274 1935 1290 versa.

1396 1318 1434 1340 68.
1452 1316 1551 1344 Ibidem,
1571 1316 1689 1338 eod.706.
1706 1315 1805 1338 membr.
1822 1315 1844 1337 iu
1857 1315 1878 1336 8.
1895 1320 1954 1337 saec.
1972 1315 2031 1336 XIV.
2048 1314 2135 1336 ineunt.
2148 1326 2178 1330 —

1334 1366 1387 1387 Post
1403 1363 1486 1386 verba:
1504 1363 1581 1386 Flecto
1599 1368 1678 1392 genua
1694 1368 1747 1385 mea
1765 1362 1821 1384 intra
1834 1362 1963 1384 columnam
1981 1360 2101 1383 scribitur:
2119 1366 2179 1383 com-

1331 1411 1445 1441 pendium
1463 1411 1525 1433 Bone
1543 1410 1648 1432 venture.
1664 1408 1750 1431 Desinit
1768 1409 1804 1430 sol.
1822 1408 1860 1430 89.
1876 1410 1900 1430 ut
1917 1407 1938 1429 in
1955 1407 2030 1429 editis.

1397 1458 1436 1479 69.
1453 1455 1664 1484 Donaneschinqen
1680 1455 1709 1477 ad
1728 1456 1799 1476 tontes
1814 1453 1910 1476 Danuin
1928 1454 1950 1475 in
1968 1453 2057 1481 Baden,
2075 1452 2178 1475 biblioth.

1334 1504 1446 1532 Principis
1457 1502 1624 1530 Fiirstenberg,
1636 1502 1688 1524 cod.
1705 1502 1759 1523 223.
1770 1500 1869 1523 membr.
1881 1500 1902 1522 iii
1915 1500 1935 1522 4.
1947 1506 2007 1521 saec.
2022 1499 2080 1521 XIV.
2092 1499 2179 1521 ineunt.

1333 1563 1365 1568 —
1376 1551 1446 1579 Operi
1463 1549 1628 1578 praemittitur:
1645 1546 1729 1577 Incipit
1745 1546 1921 1576 Breviloquium
1935 1545 2049 1575 pauperis
2067 1545 2091 1567 in
2106 1551 2178 1568 sacra

1334 1597 1464 1627 scriptura.
1481 1596 1528 1618 Alia
1546 1601 1628 1618 manus
1644 1594 1747 1617 notavit:
1760 1593 1856 1623 primus
1873 1592 1930 1616 liber
1950 1593 1984 1615 est
2000 1591 2178 1621 Brcviloqiiium

1334 1643 1446 1673 magistri
1461 1642 1627 1665 Bonaventure
1643 1640 1668 1663 in
1684 1639 1807 1669 theoloyia.

1398 1690 1437 1711 70.
1454 1687 1558 1711 Dresdae
1574 1687 1598 1708 in
1615 1686 1710 1708 saxonia
1719 1702 1724 1712 ,
1740 1685 1792 1707 cod.
1803 1686 1828 1707 Α.
1841 1685 1876 1707 55.
1889 1686 1959 1706 chart.
1972 1684 1994 1706 in
2008 1684 2046 1706 sol.
2057 1690 2116 1706 saec.
2129 1683 2180 1706 XV.

1335 1749 1367 1755 —
1383 1736 1429 1759 Fol.
1446 1734 1500 1757 204.
1516 1734 1559 1755 alia
1576 1738 1658 1754 manus
1675 1732 1804 1759 Inscripsit:
1821 1730 1996 1759 Brcviloqm'iim
2013 1729 2090 1753 sancti
2107 1730 2180 1752 Bona-

1336 1785 1451 1809 vcnture,
1469 1784 1491 1804 ct
1508 1781 1546 1803 sol.
1562 1780 1616 1802 205,
1632 1781 1684 1807 post
1701 1779 1770 1800 finem
1783 1778 1879 1800 adiecit:
1896 1777 1943 1799 Deo
1960 1776 2059 1805 qratias.
2077 1775 2180 1805 Emplicit

1338 1827 1515 1857 Brevitoquium
1533 1826 1595 1848 Bone
1611 1826 1719 1852 venture,
1737 1824 1831 1854 finitam
1851 1823 1875 1846 in
1894 1821 2056 1855 die'Oswaldi
2070 1825 2114 1844 etc.
2131 1822 2181 1845 LX.

1337 1881 1401 1899 armo
1414 1875 1433 1902 (1
1441 1874 1503 1905 460),

1400 1922 1439 1944 71.
1455 1919 1555 1948 Ibidem,
1578 1919 1630 1942 cod.
1651 1919 1677 1940 Α.
1701 1918 1752 1939 let.
1769 1916 1868 1939 membr.
1885 1916 1906 1938 ln
1924 1915 1945 1938 4.
1961 1921 2022 1937 saec.
2039 1915 2094 1937 Χ111.
2110 1927 2142 1931 -
2157 1916 2180 1937 In

1339 1971 1404 1997 parte
1420 1966 1539 1995 superiore
1566 1965 1587 1987 1.
1612 1964 1649 1986 tol.
1666 1969 1748 1986 manus
1765 1962 1876 1990 posterior
1892 1961 2007 1983 exaravit:
2024 1960 2119 1983 Fratris
2140 1961 2182 1983 Bc-

1338 2015 1469 2038 naccnture
1486 2011 1577 2035 ordinis
1587 2011 1695 2040 fratrum
1706 2008 1828 2031 minorum
1844 2008 1865 2030 et
1880 2005 2018 2029 cardinalis.
2035 2006 2091 2029 IIiuc
2107 2005 2181 2033 prima

1340 2065 1436 2082 manus:
1455 2057 1537 2087 Incipit
1557 2055 1734 2085 Breciloquinm
1755 2052 1838 2084 fratris
1860 2053 2031 2076 Bonaventtirc.
2048 2051 2134 2074 Desinit
2150 2052 2183 2073 to-

1339 2107 1368 2128 lio
1386 2106 1424 2127 65.
1440 2112 1458 2127 r.
1476 2107 1500 2126 ut
1517 2104 1538 2126 in
1555 2103 1630 2125 editis.

1401 2152 1440 2174 72.
1454 2149 1587 2174 Einsiedeln
1602 2150 1623 2171 in
1638 2149 1752 2175 Helvetia,
1766 2147 1899 2170 bibliotheca
1914 2145 2054 2172 Monasterii,
2068 2144 2120 2167 cod.
2129 2144 2182 2166 276.

1340 2197 1440 2219 membr.
1457 2197 1479 2218 in
1497 2197 1518 2218 8.
1531 2201 1591 2217 saec.
1603 2195 1662 2217 XIV.
1672 2206 1704 2210 —
1715 2194 1794 2215 Manus
1810 2191 1922 2220 posterior
1938 2190 2039 2213 exaravit
2050 2195 2093 2218 pro
2104 2189 2182 2211 titulo:

1341 2243 1505 2266 Bonaventure
1522 2240 1647 2269 theotoyia.
1657 2240 1762 2263 Continet
1778 2237 1948 2265 Breviloquium
1961 2243 1973 2258 a
1986 2242 2040 2264 pag.
2052 2236 2073 2258 1.
2084 2235 2113 2258 ad
2129 2236 2182 2257 223,

1403 2288 1441 2310 73.
1458 2286 1584 2317 Ersordiac
1601 2287 1623 2308 in
1641 2285 1759 2313 Borussia,
1771 2283 1907 2306 bibliotheca
1920 2283 2004 2310 Regia,
2016 2281 2118 2305 collectio
2130 2282 2184 2303 Am-

1340 2334 1460 2362 ploniana,
1478 2333 1530 2355 cod.
1550 2332 1602 2354 103.
1628 2330 1727 2354 membr.
1744 2330 1765 2352 in
1783 2330 1819 2352 sol.
1835 2341 1865 2345 —
1882 2328 2029 2356 Breviloquio
2048 2326 2182 2350 subiicitur:

1341 2380 1447 2409 Explicit
1468 2377 1646 2408 Breviloquium
1668 2377 1832 2400 Bonaventure
1853 2373 1997 2401 cardinalis,
2021 2373 2137 2403 scriptum
2156 2372 2183 2395 cle

1340 2433 1404 2450 anno
1426 2425 1557 2450 MCCCLX.
1579 2425 1671 2448 XXIII.
1693 2423 1783 2447 martii.

1403 2472 1442 2494 74.
1460 2470 1556 2497 Ibidem,
1582 2470 1634 2492 cod.
1651 2470 1688 2492 35.
1705 2471 1777 2492 chart.
1793 2468 1815 2490 in
1833 2467 1855 2488 8.
1871 2472 1929 2488 saec.
1948 2466 1998 2488 XV.
2020 2477 2050 2481 —
2071 2464 2144 2487 Habet
2160 2464 2184 2486 in

1342 2517 1419 2539 initio:
1436 2515 1521 2544 Incipit
1531 2514 1708 2544 Breviloquz'am
1725 2513 1749 2536 in
1765 2513 1812 2535 tota
1826 2516 1896 2534 sacra
1910 2509 2014 2539 paqz‘na,
2026 2512 2048 2531 et
2064 2508 2184 2531 subiicitur

1342 2563 1396 2586 tlni:
1415 2561 1520 2591 Empticit
1539 2560 1715 2590 Breciloquium
1733 2564 1800 2582 saci-e
1819 2556 1932 2586 theotoqie
1948 2557 2113 2579 Bonaventare
2128 2554 2184 2577 scri-

1341 2611 1409 2639 plum
1421 2610 1443 2631 et
1453 2608 1596 2637 completum
1605 2613 1649 2636 per
1660 2613 1698 2629 me
1708 2604 1875 2635 Enyelbertam
1890 2602 1997 2631 Toylant.

1404 2655 1442 2677 75.
1460 2654 1559 2681 Ibidem,
1585 2654 1637 2676 cod.
1656 2654 1692 2675 12.
1709 2651 1806 2674 membr.
1823 2650 1845 2672 in
1863 2649 1883 2671 4.
1900 2654 1961 2671 saec„
1977 2648 2037 2671 XIV.
2053 2648 2138 2670 ineunt.
2153 2658 2184 2663 --

1342 2703 1388 2725 Fol.
1408 2701 1444 2724 48.
1462 2707 1485 2723 v.
1504 2701 1527 2722 in
1544 2705 1634 2722 summa
1653 2700 1718 2726 parte
1733 2696 1829 2724 legitur:
1847 2694 1930 2724 Incipit
1950 2692 2140 2723 Breviloquium,
2163 2694 2185 2714 et

1343 2749 1380 2770 tol.
1403 2747 1456 2769 131.
1477 2753 1500 2768 v.
1523 2748 1574 2773 post
1594 2745 1662 2767 ssnem
1680 2743 1785 2766 additur:
1801 2741 1905 2764 Deaeaera
1923 2739 2048 2769 scriptoris
2068 2737 2183 2761 benedicta

1342 2793 1373 2817 sit
1384 2792 1492 2816 omnibus
1503 2791 1576 2814 horis.

1405 2840 1444 2861 76.
1461 2838 1561 2866 Ibidem,
1575 2838 1626 2860 cod.
1639 2838 1676 2871 20
1690 2834 1787 2858 membr.
1803 2833 1825 2855 in
1843 2832 1864 2855 4.
1880 2838 1940 2855 saec.
1958 2832 2016 2854 XIV.
2033 2843 2064 2848 —
2080 2831 2117 2852 Est
2133 2830 2183 2852 titu-

1343 2888 1378 2909 lus
1388 2895 1393 2908 :
1405 2887 1438 2909 De
1450 2886 1518 2912 ortu,
1527 2890 1658 2913 proyrcssu
1675 2885 1695 2906 et
1711 2882 1775 2905 statu
1790 2885 1858 2903 sacre
1874 2878 2000 2908 scripture.
2012 2877 2184 2905 Breviloquium

1344 2922 1429 2961 pass'im
1447 2922 1607 2953 abb'reviatum
1625 2932 1647 2951 et
1663 2927 1834 2955 incompletum.
