2285 3398
829 155 859 183 ni
881 147 1099 183 uaxuinssuou
1120 154 1282 183 COLLATIO
1306 156 1356 183 vu.

1909 158 1964 186 :3433

894 311 1159 359 GOLLATIO
1194 312 1291 359 VII.

285 427 331 460 De
357 427 454 472 prima
481 427 595 461 visione
623 427 758 461 tractatio
785 434 912 473 quarta,
939 439 1019 473 quac
1045 433 1090 460 est
1115 427 1153 460 dc
1180 427 1285 472 triplici
1312 428 1430 462 defectu
1458 429 1603 462 virtutum
1631 429 1659 463 in
1687 429 1893 475 philosophis,

636 486 790 528 secundo,
818 486 856 520 de
882 486 940 520 side
967 491 1114 527 sanante,
1142 486 1346 528 sactificantc,
1374 487 1543 522 ordinante.

214 612 391 640 Summanum.
414 629 453 632 —
474 612 654 640 lntrodactio
675 616 700 640 et
721 612 863 649 repetitio,
889 614 912 641 l.
935 630 972 633 —
996 613 1119 641 Errores
1142 612 1304 641 Aristotelis
1325 617 1350 641 ct
1370 613 1519 642 excusatio
1540 614 1683 647 eiusdem,
1706 616 1732 642 ἱ).
1755 631 1793 634 —
1815 614 1855 642 De
1872 612 1965 650 pltilo—

292 662 391 700 sophis
413 663 510 700 mayis
532 662 721 697 illuminatis,
743 664 795 702 qui
815 664 896 692 ideas
916 664 1060 692 virtutum
1078 667 1241 701 posuerunt
1262 664 1294 693 in
1315 665 1386 698 Deo,
1408 664 1459 693 scd
1478 664 1512 693 ob
1532 664 1675 702 defectum
1694 664 1763 702 fidei
1783 663 1965 702 defecerunt,

293 714 319 742 3.
342 714 368 742 [ι.
392 731 430 734 -
451 714 517 742 Pars
538 714 556 742 l.
579 713 692 750 Triplex
713 714 837 743 defectus
861 715 887 743 in
917 715 1067 743 virtutihus
1088 715 1316 752 philosophorum
1338 716 1391 745 fide
1412 715 1574 745 carentium.
1608 716 1677 744 Tres
1707 715 1886 753 operationes
1906 715 1966 743 vir-

293 768 388 793 tutum
408 764 610 793 necessariae:
629 765 728 802 primo
749 766 890 795 ordinare
910 766 1044 795 animam
1072 767 1103 795 in
1129 766 1234 804 sinem;
1255 766 1307 795 ltoc
1335 767 1384 795 isti
1410 776 1469 795 non
1492 770 1651 804 potuerunt
1674 770 1796 804 propter
1823 766 1968 803 duplicem

292 815 451 853 defectum,
474 817 500 844 b'.
524 816 549 843 6.
572 832 611 836 —
632 816 777 851 Secundo,
806 817 968 854 rectificare
995 816 1133 856 affeetus;
1154 819 1231 855 quod
1252 818 1358 847 iterum
1387 818 1436 846 isti
1462 827 1520 846 non
1545 821 1721 855 potuerunt,
1744 819 1769 846 7.
1794 833 1831 838 —-
1858 817 1966 851 Tertio,

292 875 402 895 sanare
422 866 587 900 morbidos,·
609 867 649 896 ad
670 866 721 896 ltoc
742 872 871 906 quatuor
891 869 1074 897 necessaria.-
1097 878 1265 906 coynoscere
1283 869 1381 906 primo
1403 869 1626 907 quadruplicem
1647 869 1798 903 morbum,
1821 870 1847 897 8.
1862 886 1902 890 —-
1919 868 1967 897 Se-

292 918 397 951 cunde,
419 917 515 946 morbi
534 926 676 953 causam,
699 920 725 947 9.
740 937 780 940 —
801 919 905 953 Tertio,
927 920 1087 954 medicum,
1114 921 1156 948 10.
1174 937 1209 940 —
1227 921 1348 956 Quarto,
1370 920 1561 954 medicinan‘i,
1587 921 1630 949 11.
1647 937 1683 941 —
1704 921 1739 948 In
1766 919 1812 948 liis
1839 923 1967 958 quatuor

292 967 459 1006 defecerunt
469 968 647 1006 philosophi,
666 971 708 999 12.
722 987 759 991 —
772 971 837 999 Pars
852 970 879 998 ll.
895 971 957 999 Sola
972 971 1039 1000 fides
1052 971 1144 1000 divisit
1160 972 1249 1000 lucem
1264 974 1291 1000 et
1306 972 1433 1000 tenebras
1446 982 1451 1005 ;
1474 971 1533 1008 ipsa
1553 974 1630 1000 sanat
1643 995 1649 1005 ,
1671 971 1819 1005 rectificat,
1841 970 1966 1005 ordinat,

295 1020 338 1049 13.
361 1037 399 1041 -
422 1020 540 1049 Caritas
560 1024 650 1049 sanat
670 1020 822 1059 affectum;
844 1020 927 1049 habet
954 1025 1083 1060 quatuor
1107 1022 1272 1060 qualitates,
1297 1023 1340 1051 14.
1362 1040 1402 1044 —-
1430 1023 1513 1051 Vestit
1532 1023 1675 1056 virtutes‚·
1696 1031 1784 1051 arma
1805 1022 1879 1051 lucis
1899 1026 1969 1050 sunt

292 1075 420 1109 quatuor
441 1072 563 1100 virtutes
582 1071 747 1109 formatam
768 1072 823 1101 liae
842 1071 991 1110 ftffltratae
1013 1072 1175 1110 tripliciter,
1201 1075 1299 1102 151—
1317 1073 1435 1108 Primo,
1449 1082 1501 1110 per
1516 1076 1644 1112 quatuor
1664 1072 1792 1110 flumina
1812 1073 1967 1110 paradisi,

295 1123 338 1151 16.
361 1140 400 1143 —
421 1123 562 1157 Secundo,
587 1131 642 1160 per
670 1127 798 1162 quatuor
825 1127 999 1151 ornamenta
1027 1123 1227 1158 tabernaculi;
1249 1124 1345 1159 tertio,
1363 1133 1418 1162 per
1439 1127 1568 1162 quatuor
1588 1124 1682 1152 latera
1703 1124 1839 1158 civitatis,
1864 1125 1907 1152 17.
1930 1140 1969 1145 —

297 1174 399 1202 Uatiae
424 1174 518 1203 tribus
546 1174 706 1203 virtutibus
735 1174 897 1211 tlteoloyicis
924 1177 994 1202 sunt
1020 1177 1146 1211 septem;
1166 1174 1316 1212 figuratae
1343 1175 1506 1212 tripliciter,
1525 1175 1624 1212 primo
1645 1178 1677 1202 nt
1697 1174 1840 1212 fulgidae,
1865 1175 1908 1203 18.
1930 1191 1970 1195 ——

292 1225 433 1259 Secundo,
457 1229 488 1254 ut
508 1225 662 1263 fecundae,
688 1227 730 1255 19.
747 1242 785 1246 —
807 1225 910 1259 Tertio,
933 1229 965 1253 ut
986 1225 1147 1263 vigyorosae,
1169 1227 1215 1254 20.
1231 1242 1270 1247 —-
1286 1225 1435 1254 Numerus
1456 1234 1561 1254 earum
1582 1226 1802 1259 duodenarium
1817 1226 1969 1263 tripliciter

291 1276 451 1313 fiquratas,
474 1279 519 1306 321.
542 1294 581 1298 —
602 1276 707 1306 Adhuc
726 1276 901 1315 qeminatae,
922 1279 992 1304 sunt
1013 1276 1118 1314 viyinti
1138 1280 1286 1315 quatuor‚·
1308 1276 1460 1314 tripliciter
1481 1276 1640 1314 fiyuratac,
1663 1278 1708 1306 ΞΩ.

298 1401 318 1428 1,
348 1400 422 1429 Vidit
445 1400 521 1428 Deus
542 1399 650 1433 lucem,
672 1399 749 1437 qaod
769 1402 839 1427 esset
860 1398 949 1432 bona,
971 1402 996 1427 et
1016 1399 1060 1427 di-

77 1451 198 1471 ¹ntroducti0-
215 1446 279 1475 visit
304 1447 395 1475 lucem
416 1455 436 1474 a
457 1446 600 1475 tenebris¹
621 1448 672 1474 etc.
694 1445 733 1473 Ad
757 1444 950 1481 explicandam
979 1445 1060 1474 visio-

212 1502 274 1522 nem
296 1493 490 1530 intelligentiae
511 1500 561 1529 per
581 1496 726 1521 naturam
746 1492 856 1521 inditae
877 1495 999 1521 sumtum
1019 1495 1061 1521 est

107 1545 203 1572 [terentio
213 1541 329 1569 verbum
352 1540 412 1568 hoc.
434 1540 467 1568 Et
487 1542 623 1576 quantum
644 1539 678 1567 ad
699 1539 765 1573 hoc,
781 1539 858 1577 quod
878 1542 948 1567 esset
970 1538 1059 1573 bona,

82 1574 159 1611 iiiiii?
174 1576 199 1587 w
212 1587 305 1616 videre
326 1594 376 1615 nos
397 1586 459 1615 fecit
480 1589 507 1615 et
528 1594 578 1623 per
603 1586 863 1615 considerationem
883 1586 1058 1615 scientialem

211 1637 238 1663 ot
259 1642 308 1671 per
332 1633 598 1670 contemplationem
622 1633 831 1671 sapientialem.
854 1634 904 1662 Per
933 1633 1060 1662 conside—

211 1681 352 1710 rationem
377 1681 565 1715 scientialem,
587 1681 614 1709 in
639 1684 775 1718 quantum
798 1681 920 1710 illustrat
941 1683 972 1709 ut
993 1681 1059 1714 lux,

211 1728 313 1757 scilicet
334 1731 365 1756 ut
386 1728 488 1757 veritas
515 1736 634 1763 rerum,
655 1730 688 1757 ut
715 1728 817 1757 veritas
843 1737 946 1757 vocum
975 1730 1002 1757 et
1029 1730 1061 1756 ut

210 1775 313 1804 veritas
333 1784 460 1803 morum.
484 1775 533 1804 Per
554 1775 822 1813 contemplationem
841 1775 1060 1813 sapientialem,

211 1823 239 1851 in
267 1825 403 1860 quantum
432 1823 553 1851 illustrat
573 1831 623 1860 per
644 1823 786 1852 influxum
807 1823 876 1852 radii
897 1832 914 1852 a.
935 1823 996 1852 luce
1016 1831 1060 1852 ae-

212 1873 290 1899 terna
311 1869 338 1898 in
360 1869 542 1903 animam,ut
559 1869 651 1898 videat
671 1870 745 1899 illam
767 1870 857 1899 lucem
874 1870 909 1898 ‘in
930 1879 960 1898 se
980 1872 1013 1898 ut
1034 1870 1060 1898 in

211 1918 338 1955 speculo;
354 1917 382 1946 in
397 1917 589 1954 Ititelliyentia
606 1921 763 1955 separata,
779 1920 811 1946 ut
832 1918 859 1946 in
881 1917 971 1947 medio
993 1926 1061 1955 quo—

210 1964 273 1993 dam
294 1965 431 1999 delativo;
454 1964 481 1993 in
504 1964 565 1993 luce
592 1968 727 1999 aeterna,
750 1968 781 1993 ut
802 1965 829 1993 in
851 1965 976 1994 subiecto
1003 1965 1062 1994 fon-

211 2014 283 2040 tano.
304 2028 340 2032 —
359 2012 470 2041 Dictum
499 2011 581 2040 etiam
602 2011 670 2045 fuit,
694 2012 769 2049 quod
797 2012 897 2041 diuisit
924 2012 1015 2040 lucem
1043 2021 1062 2040 a

212 2059 344 2093 tenebris,
363 2059 438 2096 quod
459 2059 572 2096 quidam
594 2058 668 2088 ideas
689 2059 936 2096 impugnaverunt,
952 2067 988 2088 ex
1006 2067 1062 2096 quo

212 2107 315 2144 triplex
340 2106 520 2144 intelligentia
548 2106 671 2135 veritatis
699 2106 863 2140 occultatur,
889 2106 992 2135 scilicet
1016 2114 1061 2135 ve-

212 2154 279 2183 ritas
303 2154 379 2183 artis
404 2157 554 2187 aeternae,
577 2153 678 2182 veritas
706 2153 822 2182 (livinae
843 2154 1060 2190 prouidentiae,

213 2201 314 2230 veritas
336 2202 443 2230 ruinae
464 2200 629 2238 amnicae,-
646 2200 721 2237 quod
742 2200 878 2237 sequitur,
900 2200 922 2229 si
944 2201 1062 2237 Angelus

212 2248 407 2285 perfectionem
429 2255 508 2289 suam
529 2255 584 2276 non
606 2247 721 2276 haberet
742 2247 793 2276 nisi
815 2256 865 2285 per
885 2250 999 2276 motum.
1020 2247 1060 2275 Ex

211 2304 267 2333 quo
289 2296 416 2333 sequitur
438 2295 541 2332 triplex
563 2294 698 2329 caecitas,
717 2294 819 2324 scilicet
840 2295 873 2324 de
894 2295 1062 2323 aeternitate

213 2343 334 2377 inundi,
356 2343 389 2371 de
414 2342 525 2370 unitate
550 2341 716 2376 intellectus,
738 2341 771 2370 de
792 2350 884 2379 poena
908 2346 933 2370 et
952 2341 1058 2379 9loria.

291 2392 317 2419 Ξ.
342 2389 479 2418 Primam
493 2388 605 2417 videtur
619 2396 722 2425 ponere
736 2389 909 2423 Aristoteles,
924 2389 1060 2418 ultimam

76 2440 201 2483 Ogiffi'ssri·
213 2437 312 2471 etiam,
333 2436 399 2473 quia
427 2443 481 2464 non
514 2435 669 2469 invenitur,
691 2435 765 2472 quod
793 2439 876 2473 ponat
903 2436 1058 2470 felicitatem

1117 1402 1180 1436 post
1202 1400 1273 1428 hanc
1294 1400 1395 1434 vilam;
1418 1400 1451 1430 de
1476 1401 1573 1429 media
1594 1404 1687 1430 autem
1709 1401 1774 1430 dicit
1795 1401 1968 1430 Commenta-

1118 1448 1161 1474 tor
1177 1446 1197 1480 ²,
1219 1446 1294 1483 quod
1315 1446 1374 1483 ipse
1395 1447 1448 1476 hoc
1467 1448 1559 1476 sensit.
1574 1464 1615 1468 —
1628 1448 1667 1476 De
1689 1448 1851 1477 aeternitate
1872 1448 1968 1476 mundi
1981 1459 2078 1485 Quomodo
2092 1459 2110 1477 ,n

1116 1493 1245 1521 excusari
1268 1496 1376 1530 posset,
1397 1494 1471 1530 quod
1492 1494 1629 1524 intellexit
1650 1495 1702 1524 hoc
1723 1495 1967 1532 utphilosoptms,
1993 1483 2112 1524 ?t‡.‘¹⁰“³²·

1116 1539 1233 1576 loquens
1254 1542 1285 1568 ut
1306 1540 1453 1575 naturaliS,
1474 1541 1578 1570 scilicet
1599 1541 1673 1578 quod
1685 1550 1740 1579 per
1753 1545 1898 1570 naturam
1912 1550 1967 1570 non

1116 1587 1207 1623 potuit
1227 1587 1356 1624 incipere.
1373 1587 1451 1624 Quod
1467 1588 1662 1625 Intelligentiae
1684 1589 1803 1618 habeant
1823 1589 1968 1626 perfectio-

1117 1641 1180 1662 nem
1201 1641 1251 1670 per
1274 1636 1396 1668 motum,
1418 1642 1470 1671 pro
1491 1636 1567 1663 tanto
1588 1635 1641 1663 hoc
1662 1635 1752 1672 potuit
1773 1635 1880 1669 dicere,
1902 1635 1968 1672 quia

1116 1688 1171 1708 non
1193 1682 1259 1709 sunt
1278 1680 1393 1715 otiosae,
1415 1680 1482 1718 quia
1502 1681 1570 1710 nihil
1598 1681 1718 1710 otiosum
1739 1682 1767 1711 in
1788 1682 1967 1711 fundamento

1117 1730 1233 1756 naturae
1244 1727 1264 1755 3.
1288 1744 1324 1748 —
1346 1728 1428 1762 Item,
1450 1728 1525 1766 quod
1556 1729 1649 1766 posuit
1676 1729 1834 1758 felicitatem
1866 1730 1893 1758 in
1916 1730 1967 1758 hac

1116 1775 1187 1809 vita,
1209 1775 1290 1812 quia,
1312 1775 1376 1804 licet
1396 1776 1511 1805 sentiret
1541 1779 1699 1811 aeternam,
1721 1777 1754 1806 [le
1777 1777 1823 1806 illa
1852 1785 1880 1806 se
1912 1785 1967 1806 non

1116 1821 1277 1857 intromisit,
1300 1822 1366 1860 quia
1385 1822 1456 1852 forte
1477 1831 1531 1852 non
1553 1826 1613 1853 erat
1626 1824 1660 1853 de
1675 1825 1893 1854 consideratione
1908 1832 1966 1853 sua.

1117 1885 1153 1890 —
1169 1869 1208 1898 De
1229 1869 1334 1899 unitate
1356 1870 1511 1900 intellectus
1532 1874 1624 1908 posset
1644 1871 1710 1906 dici,
1733 1872 1807 1910 quod
1822 1872 1967 1905 intellexit,

1118 1916 1192 1954 quod
1206 1920 1247 1946 est
1261 1925 1336 1946 unus
1350 1918 1505 1947 intellectus
1520 1919 1626 1948 ratione
1648 1920 1722 1948 lacis
1741 1919 1898 1956 influentis,
1913 1927 1967 1947 non

1118 1964 1224 1993 ratione
1245 1965 1310 1999 sui,
1332 1965 1397 2002 quia
1418 1969 1583 1995 numeratur
1604 1966 1757 1995 secundum
1778 1966 1934 1995 subiectum
1946 1966 1966 1994 4.

1198 2012 1224 2041 3.
1248 2012 1299 2041 Sed
1320 2012 1455 2050 quidquid
1476 2013 1605 2047 senserit,
1620 2013 1665 2041 alii
1687 2013 1844 2050 philosophi
1865 2013 1968 2042 illumi-
1992 2024 2030 2043 Am
2043 2029 2065 2051 eq
2091 2030 2110 2043 0-

1118 2060 1173 2088 nati
1196 2063 1351 2096 posuerunt
1366 2060 1461 2092 ideas,·
1479 2060 1526 2097 qui
1542 2060 1657 2089 fuerunt
1671 2061 1793 2090 cultores
1807 2061 1891 2090 unius
1905 2061 1967 2095 Dei,
1981 2050 2112 2091 {isslffileiiff

1118 2108 1166 2145 qui
1181 2107 1272 2136 omnia
1293 2107 1365 2136 bona
1378 2110 1534 2144 posuerunt
1555 2108 1582 2136 in
1597 2108 1701 2145 optimo
1722 2109 1791 2142 Deo,
1806 2109 1853 2145 qui
1870 2116 1968 2145 posue-
1981 2096 2093 2120 “mmm

1118 2157 1185 2182 runt
1206 2154 1324 2183 virtutes
1345 2154 1539 2191 exemplares,
1562 2163 1577 2183 a
1599 2155 1702 2192 quibus
1729 2155 1822 2183 fluunt
1850 2155 1968 2184 virtutes

1118 2201 1302 2236 cardinales,
1324 2202 1415 2239 primo
1441 2202 1468 2231 in
1490 2202 1544 2230 vim
1567 2202 1744 2240 coymticam
1765 2205 1793 2231 et
1820 2210 1870 2239 per
1892 2202 1967 2234 illam

1118 2249 1145 2278 in
1161 2248 1341 2287 affectiva-m,
1356 2250 1455 2279 deinde
1475 2250 1503 2278 in
1518 2250 1715 2287 operativum,
1731 2250 1883 2279 secundnm
1899 2250 1967 2279 illud

1122 2297 1241 2331 «scire,
1270 2297 1337 2325 velle
1358 2300 1385 2326 et
1412 2297 1673 2334 impermutabiliter
1701 2297 1867 2333 operari»,
1895 2297 1967 2326 sicut

1116 2344 1209 2380 posuit
1223 2344 1411 2373 nobilissimus
1426 2344 1548 2373 Plotinus
1560 2345 1570 2360 5
1585 2344 1618 2372 (le
1640 2346 1714 2372 secta
1729 2344 1846 2372 Platonis
1861 2346 1887 2372 et
1902 2344 1966 2372 Tul-

1117 2390 1171 2419 lius
1192 2393 1281 2420 sectae
1302 2391 1482 2420 academicae.
1506 2391 1536 2420 Et
1558 2391 1595 2419 ita
1614 2391 1656 2419 isti
1680 2391 1843 2419 videbantur
1865 2391 1965 2419 illumi-

1117 2437 1171 2466 nati
1195 2440 1222 2466 et
1243 2446 1293 2474 per
1315 2446 1343 2467 se
1359 2446 1438 2475 posse
1453 2438 1556 2467 habere
1578 2438 1743 2467 felicitatem.
1757 2455 1793 2458 —
1809 2438 1860 2466 Sed
1874 2438 1964 2466 adhuc

276 2601 284 2614 ¹
303 2603 359 2624 Gen.
381 2602 398 2629 l,
411 2601 503 2624 4.-111
517 2607 583 2630 seqq.
595 2602 662 2624 datur
674 2608 765 2625 summa
778 2603 924 2626 collationum
937 2604 958 2627 4.
971 2604 992 2626 5.
1004 2607 1026 2626 et
1038 2605 1059 2627 6.

275 2640 284 2653 ²
302 2641 348 2664 Cfr.
365 2647 435 2668 supra
457 2647 511 2669 pag.
529 2641 582 2668 361,
599 2644 652 2663 nota
670 2641 692 2664 5.
708 2654 739 2659 -—
756 2642 788 2665 De
805 2649 853 2672 seq.
870 2644 945 2672 prima
968 2650 1060 2666 excusa-

214 2682 274 2704 tione
292 2681 346 2703 vide
363 2686 433 2708 supra
451 2682 526 2703 collat.
543 2681 563 2703 5.
577 2687 598 2703 n.
612 2681 650 2703 29.
663 2681 685 2703 in
702 2682 747 2704 fine
764 2685 785 2704 ct
802 2683 827 2705 ll.
844 2675 947 2706 Sentsd.
966 2684 987 2706 1.
1004 2690 1027 2712 p.
1044 2684 1059 2706 l.

213 2728 234 2750 a.
255 2722 274 2743 1.
291 2727 314 2749 q.
332 2721 353 2742 9..
371 2720 400 2741 ad
422 2720 441 2741 i.
457 2723 479 2742 et
497 2721 518 2742 2.

277 2759 286 2771 5
304 2759 362 2782 Vide
380 2759 478 2786 Aristot,
496 2759 511 2781 1.
534 2759 563 2781 de
588 2759 655 2782 Caelo
681 2762 703 2782 et
719 2761 815 2789 mundo,
833 2764 884 2784 text.
903 2763 940 2784 32.
966 2762 996 2789 (c.
1014 2762 1059 2791 4.);

214 2800 238 2822 ll.
255 2802 308 2821 text.
331 2799 368 2821 59.
392 2798 421 2825 (c.
443 2799 500 2827 ll.);
518 2799 551 2820 lll.
576 2799 605 2821 de
627 2799 717 2826 Anima,
739 2802 792 2823 text.
817 2800 855 2823 45.
877 2801 906 2829 (c.
924 2802 968 2831 9.);
987 2802 1007 2823 in
1026 2802 1060 2824 his

214 2839 269 2861 locis
286 2839 362 2860 versio
387 2837 572 2860 Arabico-Latina
598 2844 640 2866 pro
664 2839 759 2868 frustra
783 2840 853 2862 utitur
870 2847 928 2863 voce
945 2841 1059 2869 otiosum,

214 2876 274 2906 quae
291 2878 359 2900 ctiam
377 2877 392 2899 l.
418 2877 516 2904 Metaph.
541 2879 594 2899 text.
612 2877 648 2899 17.
674 2877 768 2901 adhibet
792 2879 916 2902 dictionem
933 2879 958 2903 in
975 2880 1060 2910 fanda-

213 2919 290 2940 mento
308 2918 410 2940 natm-ae
429 2916 566 2945 (materiae).
583 2915 629 2939 Csr.
646 2923 716 2945 supra
734 2924 789 2946 pag.
806 2918 864 2946 358,
881 2922 935 2941 nota
953 2919 976 2942 5.

275 2954 285 2967 ⁴
302 2955 349 2978 Csr.
366 2955 390 2977 ll.
408 2955 469 2977 Scnt.
487 2955 510 2977 d.
528 2954 565 2977 24.
583 2961 606 2982 p.
624 2956 639 2977 l.
656 2961 676 2978 a.
694 2956 716 2978 2.
733 2962 755 2984 q.
774 2956 794 2979 4.
808 2957 829 2979 in
842 2963 905 2985 corp.
918 2958 951 2985 (2.
962 2959 1060 2987 opinio).

1180 2604 1190 2616 ⁵
1203 2605 1252 2628 .Cfr.
1274 2611 1345 2633 supra
1358 2593 1423 2633 pag.
1441 2605 1498 2632 364,
1516 2608 1569 2627 nota
1587 2606 1609 2627 Ξ.
1625 2617 1656 2622 -
1673 2605 1706 2627 De
1728 2604 1850 2632 Cicerone,
1868 2611 1896 2627 ex
1918 2611 1964 2634 quo

1117 2645 1169 2667 coll.
1178 2645 1199 2671 6,
1208 2650 1232 2666 n.
1245 2644 1278 2666 15.
1290 2651 1357 2673 seqq.
1368 2644 1484 2673 quaedam
1497 2645 1563 2667 allata
1574 2647 1640 2671 sunt,
1651 2644 1792 2672 notandum,
1804 2644 1868 2673 quod
1880 2644 1929 2672 ipse
1942 2643 1964 2666 in

1117 2683 1263 2711 philosophia
1280 2686 1372 2706 secutus
1390 2683 1418 2706 sit
1435 2683 1578 2706 academiam
1595 2689 1695 2711 norum,
1713 2683 1780 2706 cuius
1796 2685 1902 2705 auctores
1920 2684 1965 2705 sue-

1116 2725 1170 2744 runt
1187 2722 1259 2750 ipsius
1276 2726 1439 2751 praeceptores
1456 2723 1519 2745 Philo
1536 2722 1620 2745 Lariss.
1636 2725 1659 2745 et
1674 2723 1801 2745 Antiochus
1813 2722 1842 2744 ab
1859 2723 1979 2746 Ascalon..

1117 2762 1178 2784 llaec
1195 2762 1314 2785 academia
1332 2762 1420 2790 placitis
1442 2762 1540 2784 Platonis
1565 2761 1723 2790 coniungebat
1748 2761 1868 2793 quaedam>
1881 2767 1908 2783 ex
1925 2761 1964 2783 do-

1117 2803 1189 2824 ctrina
1203 2803 1329 2825 Aristotelis
1346 2805 1368 2825 et
1386 2802 1520 2830 praesertim
1534 2802 1677 2829 Stoicorum,
1690 2802 1787 2830 ipsaque
1799 2802 1887 2823 initium
1900 2806 1964 2828 prae-

1117 2841 1167 2864 buit
1183 2842 1300 2870 systemati
1318 2841 1557 2871 Neoplatonicorum,
1575 2838 1639 2870 quod
1657 2848 1669 2863 a
1687 2841 1774 2863 Plotino
1787 2840 1911 2868 praecipue
1928 2845 1963 2860 ex-

1117 2881 1218 2909 positum
1232 2882 1280 2904 suit.
1291 2881 1371 2905 Cicero
1384 2881 1413 2904 ad
1426 2879 1489 2904 ideas
1500 2881 1600 2904 Platonis
1611 2881 1707 2903 recurrit
1719 2881 1742 2902 in
1754 2879 1819 2906 libro,
1832 2879 1867 2901 cui
1886 2879 1962 2900 titula<

1121 2928 1132 2940 e
1143 2920 1179 2943 Ad
1195 2921 1298 2943 Marcum
1315 2922 1411 2944 Brutum
1429 2924 1506 2944 orator
1519 2930 1540 2948 xv,
1558 2927 1579 2943 c.
1591 2921 1613 2942 3.
1630 2923 1652 2942 et
1668 2920 1706 2942 29.
1717 2931 1749 2936 —
1760 2918 1901 2941 Praecedens
1913 2922 1961 2939 sen-

1117 2960 1185 2982 tentia
1203 2959 1280 2988 (scire,
1293 2959 1351 2984 celle
1362 2961 1414 2989 etc.)
1427 2963 1461 2983 est
1473 2960 1576 2987 Aristot.;
1589 2959 1643 2982 vide
1655 2965 1724 2986 supra
1737 2964 1790 2986 pag.
1807 2958 1861 2983 119,
1874 2959 1926 2978 nota
1940 2957 1961 2977 8.
