2285 3398
58 500 151 520 sseduetio

40 527 116 546 moralis
128 525 169 549 phi-

58 551 97 569 loso
112 550 154 577 hiae

47 579 95 598 quoa
120 576 162 592 tria.

46 691 122 715 Triplex
136 696 165 710 re-

76 717 133 734 Cium.

62 785 90 804 De
103 785 164 809 primo

34 814 77 836 ctum
81 809 164 834 applica-

34 834 93 851 none.

35 1538 88 1561 item,
98 1539 121 1558 de
135 1544 163 1559 ue-

64 1563 132 1582 cundo.

692 179 732 207 nti
755 177 964 207 utititjst'sloxti
987 176 1107 206 ,tRTtUM
1132 176 1173 204 Ati
1195 176 1416 204 't'ttssotoflttitt

177 258 296 286 ricuidis
321 265 370 294 per
392 259 580 294 contemptum
602 257 692 286 omnis
715 257 895 291 terrenitatis,
918 256 968 284 nisi
990 256 1025 284 sit

175 305 274 333 calida
296 313 345 341 per
366 305 534 334 desiderium
558 305 662 342 patriae
684 304 808 333 caelestis
830 307 857 333 et
878 303 964 340 ipsius
984 303 1024 331 di-

177 352 245 381 lecti.
264 368 300 372 -—-
316 352 399 387 Ecce,
421 352 541 389 qualiter
563 352 590 380 in
612 352 786 389 philosophia
814 351 930 379 naturali
962 351 1025 378 latet

175 399 309 435 sapientia
329 399 386 428 Dei.

255 446 300 474 23.
324 447 408 475 Penes
430 447 525 475 modos
545 446 699 483 praedictos
713 449 754 474 est
769 445 892 483 reperire
914 445 940 473 in
963 444 1025 472 illu-

175 493 323 522 minatione
342 492 542 531 philosophiae
563 493 686 522 moralis
708 493 801 521 lumen
823 500 928 521 sacrae
947 491 1025 520 Scri-

174 543 298 577 pturae:
317 541 447 578 quoniam
470 540 584 569 intentio
605 540 718 569 moralis
740 539 928 576 philosophiae
950 538 1025 575 prin-

176 587 300 624 cipaliter
322 590 451 617 versatur
473 587 547 616 circa
567 587 777 620 rectitudinem;
800 589 927 615 versatur
952 585 1025 614 enim

176 634 249 662 circa
270 634 402 664 iustitiam
417 634 586 672 generalem,
602 642 689 671 quae,
711 636 742 662 ut
763 633 829 661 dicit
849 633 993 662 Anseimus
1006 633 1024 665 ¹,

182 692 194 706 «
209 684 251 710 est
271 681 408 710 rectitudo
431 680 581 710 voluntatis
592 692 619 708 n.
636 681 749 709 Rectum
770 682 863 709 autem
880 680 962 708 habet
976 679 1025 708 tri-

178 728 284 765 pliciter
306 728 458 762 notificari,
480 730 507 756 et
538 727 691 756 secundum
724 727 776 756 hoc
797 727 850 756 tria
876 727 1026 764 praemissa

178 775 270 803 lucent
291 775 318 803 in
341 774 559 803 consideratione
580 774 762 803 rectitudinis.
784 774 843 802 Uno
864 773 945 802 modo
959 773 1025 802 dici-

178 825 224 850 tur
245 834 257 846 «
272 825 393 855 rectum,
408 821 489 850 cuius
504 820 626 850 medium
642 829 696 849 non
711 821 770 850 exit
784 821 819 850 ab
833 821 986 850 extremis²
998 833 1023 849 ».

177 868 202 896 Si
225 876 290 905 ergo
312 868 338 896 in
367 868 424 897 Deo
451 870 493 897 est
523 876 633 897 summa
655 868 791 897 rectitudo
819 871 846 897 et
873 868 1025 897 seeundum

177 922 221 948 se,
237 917 263 943 et
285 914 312 943 in
333 917 469 952 quantum
490 917 532 944 est
552 915 735 952 principium,
751 918 778 944 et
792 915 819 944 in
834 917 969 952 quantum
985 917 1026 944 est

177 961 239 990 finis
260 961 400 997 omnium;
423 969 533 991 necesse
564 955 606 991 est
634 962 659 990 in
694 963 749 991 Deo
773 970 876 1000 ponere
907 962 1025 991 mediam

178 1016 322 1045 personam
337 1009 498 1038 secundum
512 1018 557 1044 Se,
574 1012 605 1038 ut
619 1018 675 1038 una
689 1010 724 1038 sit
739 1012 845 1038 tantum
861 1008 1025 1048 producens,

176 1055 229 1083 alia
250 1058 356 1084 tantum
378 1056 529 1093 producta,
550 1056 641 1085 media
662 1065 728 1086 vero
750 1056 906 1094 producens
920 1058 948 1084 et
962 1064 1025 1092 pro-

177 1101 267 1131 ducta.
290 1103 405 1132 Necesse
426 1106 468 1132 est
488 1103 571 1132 etiam
592 1112 696 1141 ponere
716 1103 837 1133 medium
859 1103 891 1131 in
908 1111 1025 1140 eyressu

176 1151 201 1176 et
219 1157 354 1186 reyressv,
377 1157 489 1184 rerum,
512 1150 558 1179 sed
580 1150 701 1179 medium
723 1150 755 1178 in
775 1157 893 1187 egressu
914 1156 1025 1177 necesse

177 1198 230 1229 est,
252 1196 325 1233 quod
347 1197 410 1234 plus
442 1199 532 1226 teneat
564 1205 592 1226 se
613 1206 629 1226 a
658 1199 735 1235 parte
756 1195 946 1234 producentis,
968 1203 1025 1224 me-

176 1242 252 1272 dium
274 1252 341 1273 vero
362 1245 394 1273 in
411 1253 558 1282 regressu,
572 1245 636 1282 plus
650 1253 667 1273 a
681 1247 760 1282 parte
782 1243 938 1272 redeuntis:
954 1242 1025 1271 sicut

176 1297 242 1327 ergo
270 1299 315 1320 res
342 1291 474 1321 exierunt
495 1300 511 1320 a
538 1292 595 1321 Deo
620 1300 670 1329 per
691 1291 813 1320 Verbum
845 1290 915 1324 Dei,
932 1289 970 1318 sie
991 1289 1025 1317 ad

176 1338 344 1375 completum
366 1339 487 1368 reditum
508 1347 620 1368 necesse
651 1341 707 1372 est,
730 1337 907 1367 Mediatorem
928 1337 982 1365 Dei
1001 1339 1026 1365 et

177 1383 329 1414 hominum
341 1386 351 1403 ³
373 1394 428 1415 non·
450 1389 558 1415 tantum
573 1386 661 1415 Deum
676 1392 748 1419 esse,
770 1384 817 1413 sed
833 1383 915 1412 etiam
936 1383 1025 1412 homi-

177 1439 255 1466 nem,
277 1436 309 1461 ut
330 1433 456 1462 homines
477 1433 591 1462 reducat
612 1432 645 1461 ad
667 1432 763 1460 Deum.

255 1480 301 1508 24.
325 1480 382 1509 Alio
403 1480 484 1509 modo
505 1480 607 1509 dicitur
622 1482 733 1507 rectum
751 1478 826 1516 quod
846 1478 974 1516 dirigenti
997 1486 1026 1507 se

175 1526 372 1556 conformatur.
395 1527 428 1556 Et
447 1526 600 1556 secundum
622 1526 674 1554 hoc
695 1525 723 1554 in
742 1525 960 1555 consideratione
981 1534 1025 1554 re-

176 1573 318 1602 ctitudinis
338 1573 507 1611 conspicitur
528 1573 601 1601 ordo
628 1572 751 1602 vivendi.
774 1573 820 1602 Ille
845 1573 919 1602 enim
951 1576 1025 1603 recte

178 1620 260 1655 vivit,
282 1621 330 1658 qui
362 1620 492 1658 dirigitur
523 1620 679 1650 secundum
700 1621 811 1658 regulas
839 1621 910 1650 iuris
930 1621 1024 1650 divini.

176 1666 207 1695 Et
228 1667 280 1696 hoc
301 1670 357 1702 est,
379 1668 490 1705 quando
511 1668 639 1697 voluntas
664 1668 784 1697 hominis
804 1669 920 1698 assentit
936 1677 1025 1706 prae-

175 1714 262 1751 ceptis
276 1714 453 1749 necessariis,
474 1715 593 1744 monitis
624 1715 789 1751 salutiferis,
812 1716 942 1745 consiliis
962 1724 1025 1753 per-

1872 175 1927 203 :3223

1082 255 1174 289 sectis,
1197 258 1228 283 ut
1250 256 1347 291 prolwt
1370 256 1466 289 homo,
1488 263 1562 293 qumi
1586 255 1772 283 .s·t'ce.·0l11m‹t.s·
1788 253 1840 282 Dei
1854 254 1929 281 bona

1081 306 1105 330 ct
1121 302 1303 339 beneplacens
1325 305 1349 330 ct
1369 302 1529 339 persecut&
1547 302 1577 330 tit
1599 305 1663 330 tunc
1686 305 1727 330 cst
1749 304 1841 330 rectus
1861 301 1928 328 ordo

1083 349 1206 383 vivendi,
1230 349 1255 377 in
1277 357 1333 386 quo
1355 350 1431 377 nulla
1451 349 1598 386 obliquitas
1620 352 1709 386 potest
1731 348 1855 386 reperiri.

1161 397 1207 424 225.
1229 396 1321 424 Tertio
1343 396 1424 424 niodo
1444 396 1546 425 (licitur
1562 400 1671 425 rectum
1686 396 1766 425 cuins
1785 395 1929 424 summitas
1943 401 2032 443 ¹i5³¹i¹tioi⁰

1082 446 1123 471 est
1137 451 1250 471 sursunt
1266 447 1371 477 erecta,
1386 444 1457 472 sicut
1473 444 1554 473 homo
1570 445 1652 473 hahet
1666 447 1800 472 staturam
1816 445 1927 471 rectam.

1083 490 1113 518 Et
1135 490 1288 518 secundum
1312 490 1363 519 hoc
1385 490 1411 519 in
1440 491 1657 519 consideratione
1679 490 1852 519 rectitudinis
1873 498 1929 518 ma-

1082 537 1228 565 nifestatur
1251 537 1303 565 Dei
1322 540 1346 565 ec
1368 537 1487 565 animae
1509 538 1586 566 unio.
1609 538 1677 566 Cum
1699 538 1771 566 enim
1801 537 1874 565 Dens
1895 536 1930 564 sit

1082 592 1212 618 sursum,
1234 592 1346 613 necesse
1366 588 1421 618 est,
1444 585 1518 622 quod
1547 593 1618 622 apex
1640 585 1727 622 ipsius
1748 585 1846 614 mentis
1868 592 1930 612 sur-

1082 639 1143 659 sum
1166 631 1289 668 erigatur
1302 631 1321 659 5.
1344 631 1398 659 Hoc
1426 635 1518 660 autem
1548 635 1602 666 est,
1625 640 1688 661 cum
1711 632 1866 661 rationalis
1888 640 1930 660 as-

1082 678 1164 707 sentit
1191 678 1297 715 primae
1329 679 1437 707 veritati
1470 682 1583 716 propter
1605 688 1634 708 se
1665 682 1692 708 et
1716 687 1801 716 super
1822 679 1929 713 omnia,

1082 733 1146 754 curn
1178 725 1339 754 irascibilis
1366 726 1494 755 innititur
1515 734 1639 755 summae
1660 727 1796 764 largitati,
1818 729 1845 755 et
1866 734 1929 755 cum

1082 772 1316 809 concupiscibilis
1330 773 1462 802 adhaeret
1483 773 1695 807 bonitati;‘tunc
1716 774 1763 811 qui
1780 774 1831 802 hoc
1851 773 1931 802 modo

1082 818 1140 848 Deo
1162 818 1301 848 adhaeret
1320 828 1400 848 unus
1420 820 1545 858 spiritus
1566 824 1606 849 est
1617 820 1637 848 ⁶.

1162 868 1208 896 ⁶26.
1231 867 1262 896 Et
1282 867 1321 896 sic
1336 870 1426 904 patet,
1448 867 1587 904 quomodo
1608 867 1801 905 multiformis
1815 868 1931 905 sapien·
1944 874 2034 903 Epilogus
2046 876 2075 894 20-

1083 914 1125 943 tia
1148 914 1238 949 Dci⁷,
1260 922 1331 951 quae
1364 914 1453 943 lucide
1482 914 1601 943 traditur
1622 915 1650 943 in
1671 923 1750 944 sacra
1771 915 1930 952 Scriptura,
1965 901 2062 942 ffliif'pu‘

1082 961 1238 990 occultatur
1260 961 1287 989 in
1308 961 1382 990 omni
1403 961 1558 998 cognitione
1572 965 1600 991 et
1615 962 1641 991 in
1663 963 1737 991 omni
1759 965 1867 991 natura.
1883 963 1931 991 Pa-

1084 1011 1122 1037 tet
1152 1008 1249 1042 etiam,
1272 1008 1410 1045 quomodo
1441 1016 1536 1037 omnes
1567 1009 1736 1045 cognitiones
1760 1010 1930 1038 famulantur

1084 1055 1248 1092 theologiae;
1271 1058 1297 1084 et
1326 1055 1387 1084 ideo
1414 1055 1473 1092 ipsa
1500 1056 1617 1084 assumit
1644 1057 1773 1093 exempla
1793 1059 1820 1085 et
1841 1057 1930 1085 utitur

1083 1102 1224 1131 vocabulis
1245 1102 1448 1139 pertinentibus
1469 1102 1503 1130 ad
1528 1110 1609 1131 omne
1639 1111 1727 1140 genus
1759 1103 1929 1140 cognitionis.

1083 1148 1158 1177 Patet
1179 1149 1260 1177 etiam
1270 1172 1277 1183 ,
1292 1157 1376 1186 quam
1392 1149 1483 1186 ampla
1497 1149 1532 1177 sit
1546 1149 1590 1177 via
1604 1149 1802 1184 illuminativa,
1821 1153 1848 1178 et
1862 1158 1931 1187 quo-

1082 1195 1164 1224 modo
1185 1196 1212 1224 in
1233 1196 1307 1224 omni
1333 1204 1379 1229 re,
1401 1203 1472 1233 quae
1504 1196 1622 1224 sentitur
1651 1196 1708 1225 sive
1733 1204 1804 1233 quae
1832 1205 1932 1234 cogno-

1082 1243 1185 1276 scitur,
1207 1243 1325 1271 interius
1343 1243 1426 1271 lateat
1440 1243 1498 1279 ipse
1512 1243 1594 1272 Deus.
1611 1260 1648 1264 —
1664 1243 1695 1271 Et
1709 1243 1754 1272 liic
1768 1246 1810 1272 est
1823 1243 1932 1272 fructus
1947 1251 2027 1278 Fructus
2039 1257 2059 1270 0-

1082 1289 1207 1317 omnium
1229 1289 1425 1324 scientiarum,
1440 1292 1472 1318 ut
1494 1290 1521 1318 in
1535 1290 1665 1319 omnibus
1678 1290 1840 1319 aedificetur
1855 1291 1932 1323 fides,
1945 1280 2075 1318 scissiissssum.

1082 1335 1290 1374 honorificetur
1313 1337 1389 1365 Deus
1401 1337 1422 1371 ⁸,
1448 1340 1650 1374 componantur
1670 1345 1778 1372 mores,
1801 1338 1932 1367 haurian-

1083 1387 1129 1413 tur
1161 1384 1376 1419 consolationes,
1398 1392 1470 1422 quae
1498 1388 1564 1414 sunt
1595 1384 1622 1413 in
1654 1385 1756 1414 unione
1787 1386 1879 1423 sponsi
1905 1389 1932 1415 et

1082 1439 1211 1468 sponsae,
1233 1439 1305 1468 quae
1326 1431 1438 1469 quidem
1460 1432 1490 1460 fit
1522 1440 1571 1469 per
1599 1432 1757 1466 caritatem,
1786 1432 1819 1461 ad
1848 1440 1931 1470 quam

1083 1479 1250 1508 terminatur
1272 1481 1327 1508 tota
1353 1479 1468 1508 intentio
1500 1487 1594 1508 sacrae
1626 1480 1801 1517 Scripturae,
1823 1483 1850 1509 ct
1881 1488 1931 1517 per

1083 1534 1255 1564 consequens
1275 1526 1365 1555 omnis
1386 1526 1551 1555 illuminatio
1578 1526 1727 1556 desursum
1749 1526 1929 1560 descendens,

1083 1577 1110 1603 et
1131 1574 1189 1603 sine
1211 1582 1267 1611 qua
1287 1574 1376 1603 omnis
1394 1573 1513 1611 cognitio
1538 1582 1608 1602 vana
1623 1576 1679 1608 est,
1695 1574 1761 1611 quia
1786 1582 1929 1611 nunquam

1084 1622 1246 1659 pervenitur
1260 1621 1294 1650 ad
1309 1621 1406 1650 Filium
1422 1621 1472 1650 nisi
1499 1629 1549 1658 per
1563 1621 1697 1658 Spiritum
1717 1624 1859 1655 sanctum,
1882 1622 1930 1658 qui

1082 1669 1162 1698 docet
1183 1677 1233 1698 nos
1254 1677 1367 1697 omnem
1387 1668 1555 1702 veritatatem
1579 1668 1631 1707 qui
1650 1672 1691 1697 est
1716 1668 1877 1697 benedictus
1899 1669 1930 1697 in

1082 1716 1201 1744 saecula
1222 1715 1416 1744 saeculorum.
1440 1716 1533 1743 Amen
1544 1715 1563 1743 ⁹.

986 1800 1119 1820 EXPLICIT.

239 2316 246 2330 ¹
265 2318 298 2340 De
314 2317 433 2346 Conceptu
452 2317 510 2345 virg.
530 2320 552 2340 et
568 2318 626 2345 orig.
644 2323 709 2345 pecc.
726 2324 747 2341 c.
764 2318 785 2341 3.
802 2321 824 2341 et
841 2319 929 2347 Dialog.
944 2319 973 2341 de
989 2325 1026 2342 ve-

175 2357 252 2384 ritate,
270 2363 289 2380 e.
308 2358 346 2380 42.
363 2357 409 2380 Cir.
426 2363 497 2385 supra
514 2363 569 2386 pag.
586 2357 643 2384 256,
661 2360 714 2380 nota
732 2358 752 2380 6,

238 2395 248 2408 ²
265 2397 339 2424 Plato,
357 2397 378 2419 in
396 2397 502 2419 Parmen.
518 2396 565 2419 Cir.
582 2399 637 2419 tom.
654 2397 678 2419 il.
694 2403 750 2425 pag.
767 2397 792 2425 4,
809 2400 863 2420 nota
886 2398 922 2420 sil.
941 2410 972 2414 —
992 2399 1025 2420 De

175 2440 271 2462 egressu
289 2438 311 2458 et
327 2442 435 2464 regressu
452 2442 531 2459 rerum
548 2436 603 2458 vide
619 2436 734 2465 Breviloq.
752 2443 776 2465 p.
792 2437 808 2459 1.
825 2443 845 2459 c.
862 2438 884 2459 8.

239 2471 249 2484 ¹³
266 2474 336 2501 Epist.
354 2476 370 2497 l.
394 2476 455 2498 Tim.
471 2476 497 2503 2,
520 2476 543 2498 5.
558 2487 590 2492 —
607 2476 677 2498 Paulo
699 2476 806 2504 superius
822 2479 876 2505 post
897 2483 911 2499 α
935 2477 982 2500 Deo
1005 2477 1023 2498 H

176 2511 240 2533 addit
256 2511 281 2534 in
298 2519 348 2537 esse
366 2514 394 2539 (K
404 2515 421 2536 L
438 2515 518 2543 legunt
534 2514 559 2537 in
576 2521 626 2538 esse
642 2522 656 2537 η
674 2516 741 2545 Deo).

238 2549 248 2562 ⁴
265 2551 332 2574 Rom.
352 2554 393 2580 42,
411 2555 438 2576 2:
456 2554 484 2576 Ut
500 2553 616 2582 probetis,
634 2561 694 2583 quae
711 2555 739 2578 sit
756 2558 799 2578 etc.
816 2568 847 2573 -
862 2557 927 2579 Hanc
943 2563 1023 2580 secun-

175 2588 232 2612 dam
248 2590 408 2618 acceptionem
431 2592 574 2615 rectitudinis
591 2594 700 2622 proponit
716 2595 813 2622 August.
831 2595 936 2624 pluribus
954 2596 976 2618 in
994 2597 1023 2619 lo-

176 2629 220 2656 cis;
238 2629 270 2651 sic
294 2630 397 2652 Enarrat.
420 2631 441 2652 in
465 2632 501 2653 Ps.
518 2632 556 2654 31.
577 2636 675 2655 enarrat.
698 2635 718 2656 2.
742 2641 763 2656 n.
787 2635 827 2657 26:
851 2635 962 2658 Voluntas
986 2639 1022 2658 tua

176 2668 305 2696 corrigatur
323 2669 352 2691 ad
370 2670 512 2692 voluntatem
530 2670 583 2697 Dei,
601 2677 648 2693 non
666 2673 773 2695 voluntas
794 2673 835 2695 Dei
858 2674 1023 2703 detorqueatur

175 2708 203 2730 ad
222 2711 292 2730 tuam.
310 2709 383 2730 Prava
401 2711 435 2731 est
452 2708 513 2731 enim
532 2712 583 2736 tua,
600 2711 680 2737 regula
703 2715 736 2734 est
753 2712 802 2739 itta;
825 2715 868 2735 stet
884 2715 975 2741 regula,
998 2717 1023 2737 ut

175 2748 239 2776 quod
257 2754 357 2776 pravum
376 2751 410 2770 est
430 2748 460 2770 ad
477 2749 582 2775 regulam
605 2749 742 2776 corrigatur.
761 2750 807 2774 Csr.
830 2753 930 2775 Enarrat.
955 2754 977 2776 2.
999 2753 1021 2776 in

175 2787 210 2809 Ps.
229 2788 266 2810 32.
283 2794 305 2810 n.
323 2788 349 2814 2;
367 2788 470 2809 Enarrat.
487 2787 509 2808 in
527 2787 562 2809 ΡΞ.
586 2787 623 2809 63.
640 2794 663 2809 n.
690 2788 726 2815 ¹83
745 2789 767 2811 in
784 2790 819 2812 Ps.
838 2790 874 2812 67.
892 2797 914 2813 n.
933 2792 974 2819 40;
1000 2792 1022 2814 in

175 2827 211 2849 ΡΞ.
228 2827 266 2850 93.
284 2834 305 2849 n.
328 2828 361 2849 18.
379 2829 401 2849 et
413 2827 435 2848 in
453 2827 487 2849 i’s.
501 2826 553 2848 424.
571 2832 593 2848 n.
612 2827 634 2849 2.
645 2838 676 2843 -·
695 2827 805 2855 Superius
818 2835 859 2856 pro
877 2830 1021 2860 conspicitur

174 2866 243 2888 IIKL
260 2867 385 2897 accipitur-

237 2905 246 2917 ⁵
264 2907 372 2934 August„
390 2907 490 2929 Enni-rat.
509 2906 531 2928 in
549 2907 584 2928 Ps.
602 2906 640 2928 50.
657 2913 680 2928 n.
698 2907 738 2929 45:
760 2907 786 2929 Et
802 2908 896 2936 quando
908 2915 933 2931 se
951 2911 1021 2933 homo

175 2950 275 2971 pronum
295 2946 347 2968 facit
363 2946 393 2968 ad
410 2948 512 2968 terrenas
529 2946 741 2974 concupiscentias,
759 2946 900 2971 incurvatur
918 2949 1021 2977 quodam

174 2984 257 3011 modo,
276 2991 329 3007 cnm
348 2988 424 3008 autem
442 2985 537 3012 erigitur
555 2985 578 3007 in
594 2991 707 3012 superna,
724 2987 815 3009 rectum
828 2987 851 3009 fit
868 2993 908 3010 cor
924 2988 984 3015 cius,
999 2991 1022 3011 ut

1084 2319 1159 2342 bonus
1176 2320 1206 2342 illi
1223 2320 1249 2342 sit
1268 2321 1338 2342 Deus.
1354 2319 1400 2343 Cir.
1413 2319 1534 2347 Bernard„
1553 2320 1658 2342 Sermon.
1677 2320 1699 2342 in
1712 2320 1797 2344 Cantic.
1810 2328 1879 2344 serni.
1892 2322 1930 2344 22.

1082 2365 1106 2381 n.
1123 2359 1144 2381 5.
1161 2366 1228 2388 seqq.
1246 2359 1305 2382 Vide
1321 2360 1390 2381 etiarn
1407 2359 1523 2388 Brevitoq.
1540 2366 1563 2388 p.
1582 2360 1606 2381 ll.
1623 2366 1644 2382 r.
1662 2360 1698 2382 to.

1144 2397 1154 2410 ⁶
1171 2399 1242 2426 Epist.
1268 2399 1283 2420 l.
1308 2398 1360 2421 Cor.
1386 2399 1399 2420 6
1410 2416 1415 2426 ,
1442 2398 1470 2420 17
1485 2406 1490 2420 z
1516 2399 1558 2427 Qui
1585 2401 1662 2422 autem
1692 2400 1802 2423 adhaeret
1830 2401 1929 2423 Domino

1083 2444 1143 2461 unus
1160 2441 1203 2461 etc.
1227 2438 1281 2467 (Csr.
1299 2438 1415 2467 Breviloq.
1438 2444 1461 2466 p.
1479 2438 1507 2460 V.
1524 2444 1543 2461 e.
1562 2438 1601 2468 4.).
1613 2451 1644 2455 -
1662 2439 1773 2467 Superius
1790 2443 1843 2468 post
1858 2439 1930 2470 lai-qi-

1082 2477 1126 2500 tati
1141 2478 1160 2500 A
1177 2477 1241 2500 addit
1255 2478 1355 2507 propter
1371 2483 1396 2500 se
1413 2478 1434 2500 el
1450 2483 1523 2507 super
1538 2478 1626 2506 omnia,
1640 2481 1726 2507 etpost
1743 2478 1929 2509 concupiscibilis

1082 2523 1135 2539 cum
1153 2518 1169 2539 B
1180 2517 1197 2538 C
1207 2517 1250 2539 DE
1260 2517 1275 2539 F
1292 2516 1413 2545 subiungit
1428 2516 1472 2540 hon
1488 2516 1566 2540 modo.

1144 2555 1152 2568 ⁷
1171 2558 1229 2585 Eph.
1247 2558 1274 2583 3,
1293 2557 1329 2579 io.
1341 2569 1372 2573 —
1384 2557 1480 2579 inferius
1498 2563 1540 2585 pro
1557 2559 1579 2580 et
1595 2557 1645 2581 ideo
1663 2558 1738 2580 HKL
1755 2559 1776 2581 et
1797 2557 1929 2588 quomodo,-

1081 2603 1124 2625 pro
1136 2596 1218 2626 ampla
1230 2597 1247 2618 A
1257 2597 1273 2618 D
1283 2597 1302 2618 D
1312 2597 1327 2619 Ε
1336 2597 1352 2618 F
1365 2595 1429 2625 lala,-
1442 2599 1464 2619 et
1476 2603 1518 2625 pro
1531 2598 1682 2627 coqnoscilm·
1700 2598 1718 2620 A
1727 2598 1744 2620 B
1753 2598 1772 2620 D
1781 2599 1797 2620 E
1807 2598 1824 2620 G
1842 2600 1864 2620 et
1886 2599 1903 2625 t,
1915 2599 1928 2620 ‘2

1081 2636 1207 2666 coquatur.

1143 2674 1152 2688 Β
1170 2676 1241 2703 Epist.
1257 2676 1271 2698 l.
1290 2676 1349 2699 Petr.
1366 2676 1392 2703 4,
1411 2677 1449 2699 Μ.
1466 2676 1569 2705 (ACDF
1587 2680 1609 2699 et
1624 2678 1646 2705 t,
1664 2678 1677 2700 2
1696 2678 1739 2700 hoc
1757 2678 1886 2707 omittunt).
1898 2690 1929 2694 —

1081 2715 1133 2738 Post
1150 2717 1176 2738 ut
1193 2715 1216 2737 in
1234 2714 1343 2738 omnibus
1360 2714 1376 2738 C
1395 2715 1460 2738 addit
1477 2722 1538 2746 quac
1554 2718 1619 2740 sunl-

1144 2753 1153 2766 ⁰
1171 2755 1233 2777 toan.
1251 2755 1292 2782 ifi,
1311 2755 1355 2777 43:
1378 2755 1475 2778 Docebit
1496 2762 1539 2779 vos
1556 2762 1650 2786 omnem
1672 2757 1801 2779 veritatem.
1817 2757 1883 2779 Rom.
1907 2756 1927 2782 Ἰ,

1080 2794 1122 2816 25:
1141 2794 1184 2823 Qui
1202 2797 1236 2816 est
1254 2793 1390 2817 benedictus
1408 2795 1430 2817 in
1447 2796 1547 2818 saecula.
1563 2795 1846 2819 Amen.—ABCDGL
1864 2795 1928 2817 omit-

1080 2836 1131 2855 tunt
1148 2832 1190 2863 qui
1205 2834 1262 2856 est...
1278 2833 1445 2863 saeculorum,
1464 2841 1506 2863 pro
1524 2841 1571 2864 quo
1588 2835 1607 2857 H
1625 2834 1667 2864 qui
1682 2841 1736 2858 cum
1747 2835 1819 2858 Putre
1835 2835 1857 2857 ct
1867 2834 1926 2857 Filio

1079 2872 1167 2901 regnat
1182 2872 1254 2895 Deus.
1270 2884 1302 2888 —
1320 2872 1343 2894 ln
1361 2873 1407 2895 tine
1424 2873 1590 2901 observamus,
1612 2874 1676 2902 quod
1694 2874 1744 2896 idea
1760 2872 1927 2903 fundamenta-

1079 2910 1108 2933 lis
1127 2910 1195 2933 huius
1213 2910 1281 2933 libelli
1303 2914 1380 2935 sumta
1398 2919 1449 2935 esse
1466 2913 1559 2936 videtur
1576 2919 1603 2936 ex
1620 2913 1725 2941 Hugonis
1742 2919 1754 2935 a
1773 2913 1795 2935 S.
1812 2912 1870 2934 Viri.
1888 2913 1926 2934 Ex-

1079 2950 1146 2978 posit.
1165 2950 1186 2972 in
1204 2951 1321 2974 Hierarcn.
1339 2952 1430 2975 caelest.
1447 2953 1550 2981 Dionysii
1568 2952 1607 2975 lib.
1624 2953 1648 2974 n.
1665 2958 1684 2974 e.
1703 2952 1723 2974 1l.
