2285 3398
58 913 108 937 Quid
118 913 146 932 101
157 917 188 931 113-

83 937 148 955 iuratis
169 939 187 955 ot

83 962 167 979 aeterna.

70 1292 118 1317 Quid
132 1293 184 1312 ordo.

55 1387 157 1407 Conclusio
168 1387 183 1405 t.

53 1719 86 1738 Tri
101 1719 130 1738 lex
146 1724 184 1738 mo-

78 1747 185 1785 ri¹1²³⁸riffii³2⁵f⁴

648 212 689 240 DE
713 212 934 241 PERFECTIONE
956 212 1157 241 EVANGELICA
1179 213 1314 249 QUAEST.
1340 215 1378 242 lV.
1402 216 1473 244 AiiT.
1498 216 1514 244 Ι.

205 290 341 325 arduum,
362 299 391 320 se
412 294 504 320 autem
527 291 646 320 subdere
666 292 745 320 alteri
760 291 976 329 obtemperando
990 300 1054 321 con-

204 338 337 367 trariatur
358 338 458 368 arduo:
481 347 547 376 ergo
568 342 619 368 etc.

525 441 737 471 CONCLthtO.

205 529 262 557 Lex
283 528 434 557 naturalis
456 529 545 557 dictat
568 529 597 557 in
612 529 799 566 gyencralitate
820 529 961 567 quadam,
976 529 1054 567 quod

284 576 410 614 inferior
424 576 574 614 superiori
587 576 739 605 obczliemlo
760 576 923 611 subiaceat,
939 576 1053 605 diverso

284 628 380 652 lamen
402 624 486 653 modo
507 624 665 652 secundum
681 624 815 653 ‹liversas
835 623 1053 662 superioritatis

282 675 306 699 ct
328 670 535 709 inferioritatis
556 670 749 709 differentias,·
764 670 816 700 lioc
838 676 934 701 autem
954 681 1052 702 conso-

282 723 334 748 nat
355 719 410 757 legi
430 719 557 757 scriptae
577 723 602 748 et
623 719 679 756 leyi
697 720 822 756 qrati'ae.

282 814 458 842 Rssvonnco:
481 813 517 842 Ad
546 813 751 850 praedictorum
779 814 985 852 intelligentiam
1011 817 1052 843 est

204 861 369 895 notandum,
385 861 472 898 quod,
488 861 642 889 secundum
665 861 739 898 quod
753 861 819 890 dicit
839 862 1009 899 Augustinus
1025 862 1050 890 in

202 908 271 937 libro
285 908 428 945 Octoginta
450 908 535 937 trium
551 908 749 944 Quaestionum
763 910 782 943 ¹,
799 909 843 938 lex
862 909 997 938 naturalis
1011 912 1052 938 est

202 955 345 992 impressio
366 955 436 984 iacta
457 955 484 984 in
505 955 598 984 anima
618 963 634 984 a
656 956 714 993 lege
734 958 862 991 aeterna;
885 956 930 985 lex
958 959 1050 985 autem

201 1007 313 1032 aeterna
335 1007 375 1031 est
400 1003 458 1037 illa,
481 1011 537 1040 qua
552 1003 769 1032 incommutabili
791 1006 985 1040 permanente,
1007 1011 1051 1032 ce-

202 1054 260 1079 tera
280 1050 452 1079 ordinantur.
476 1049 551 1079 Unde
572 1050 754 1087 Augustinus,
780 1049 870 1087 primo
891 1049 924 1078 de
953 1049 1050 1078 Libero

201 1097 334 1126 xrbitrio:
362 1109 374 1122 «
390 1098 423 1126 Ut
444 1097 566 1126 breviter
580 1100 708 1126 aeternae
730 1097 796 1135 legis
810 1097 962 1131 notionem,
978 1105 1049 1134 quae

201 1146 333 1182 impressa
348 1147 389 1174 cst
411 1144 505 1178 nobis,
521 1147 656 1182 quantum
672 1145 762 1178 valeo,
782 1144 874 1173 verbis
895 1143 1048 1181 explicem:

200 1201 232 1221 ea
246 1196 299 1225 est,
315 1200 370 1229 qua
385 1192 488 1221 iustum
504 1194 557 1227 est,
573 1195 604 1220 ut
621 1192 718 1225 ‚omnia
732 1192 786 1220 sint
806 1190 1007 1220 ordinatissima
1021 1203 1047 1219 ».

199 1239 248 1268 Sed
272 1239 342 1268 sicut
357 1239 458 1268 dicitur
473 1239 579 1268 decimo
593 1247 665 1268 nono
679 1239 712 1267 de
726 1238 841 1267 Civitate
862 1238 923 1272 Dei,
942 1238 1049 1267 decimo

200 1287 281 1320 tertio
302 1286 437 1323 capitulo:
465 1286 567 1315 «Ordo
588 1288 630 1315 est
644 1285 753 1323 parium
773 1284 983 1322 dispariumque
998 1292 1049 1313 sua

199 1334 299 1371 cuique
321 1334 379 1363 loca
400 1334 526 1363 tribuens
546 1333 688 1371 dispositio
705 1345 732 1361 ».
754 1332 779 1362 Si
808 1340 875 1370 ergo
896 1331 1049 1369 superioris

198 1384 239 1410 est
253 1389 393 1418 praeesse,
413 1384 440 1410 et
454 1380 592 1410 inferioris
606 1380 728 1413 subesse,
744 1380 789 1409 lex
811 1379 958 1413 naturalis,
977 1386 1049 1416 quae

198 1433 291 1458 manat
311 1437 327 1457 a
350 1429 407 1466 lege
428 1431 553 1462 aeterna,
574 1428 738 1457 naturaliter
758 1427 858 1461 dictat,
881 1426 955 1464 quod
980 1426 1048 1459 infe-

198 1476 256 1504 rior
284 1475 420 1512 superiori
443 1474 594 1504 obediendo
622 1474 776 1508 subiaceat;
799 1477 826 1503 et
854 1474 906 1502 hoe
935 1472 1047 1510 quidem

196 1523 279 1552 dictat
301 1524 328 1552 111
361 1522 538 1560 generalitate
552 1560 554 1563 .
569 1522 702 1559 quadam,
723 1521 908 1551 diversimode
940 1524 1047 1555 tamen,

196 1571 348 1600 secundum
374 1570 448 1608 quod
473 1569 676 1607 superioritatis
704 1573 731 1598 et
759 1568 948 1598 interioritatis
970 1576 1048 1606 repe-

196 1617 252 1646 rire
273 1617 406 1654 contingit
427 1616 595 1645 differentias
615 1616 747 1645 diversas.

274 1664 380 1693 Dicitur
394 1664 467 1693 enim
488 1659 559 1693 alter
572 1664 652 1693 alteri
674 1672 734 1693 esse
748 1664 877 1702 superior
897 1668 946 1693 aut
960 1673 1048 1702 quan-

198 1715 256 1740 tum
279 1711 311 1740 ad
333 1712 476 1749 oriyiioem
497 1715 641 1745 naturae,
664 1715 712 1740 aut
733 1715 869 1749 quantum
895 1712 928 1741 ad
957 1712 1048 1740 zlomi-

197 1759 281 1788 nium
301 1759 444 1797 potentiae
475 1767 525 1788 seu
546 1759 760 1796 praesidentiae,
786 1763 835 1788 aut
856 1763 991 1797 quantuni
1014 1760 1047 1788 ad

197 1807 325 1844 reyimen
353 1806 561 1844 providentiae.
591 1806 681 1835 Prima
709 1807 890 1844 superioritas
918 1806 1049 1843 competit

197 1854 247 1892 ipsi
269 1857 386 1883 naturae
409 1853 514 1883 ratione
534 1854 600 1887 sui,
616 1854 682 1890 quia
708 1856 833 1882 «natura
846 1856 888 1882 est
905 1853 946 1881 vis
967 1853 1048 1881 insita

197 1901 282 1930 rebus
313 1909 349 1930 ex
381 1900 518 1930 similibus
550 1900 648 1929 similia
679 1900 850 1937 procreans²
865 1910 896 1934 »;
928 1900 1049 1929 secunda

198 1956 264 1978 vero
285 1949 391 1978 ratione
412 1948 484 1982 vicii,
507 1948 572 1985 quia
584 1970 591 1981 ,
607 1950 638 1976 ut
657 1947 723 1976 dicit
738 1947 906 1981 Ambrosius,
928 1948 1048 1977 servitus

197 2000 238 2026 est
269 2004 357 2033 poena
387 1995 510 2033 peccati;
544 1994 624 2033 tertia
654 1997 748 2023 autem
780 1995 912 2032 competit
943 1995 1048 2024 ratione

196 2043 334 2078 remedii,
364 2042 516 2072 secundum
540 2041 607 2070 illud
628 2041 814 2071 Numerorum
846 2042 978 2080 vigesimo
1006 2051 1048 2072 se-

198 2091 284 2128 ptimo
295 2090 319 2118 ⁸:
336 2089 494 2118 Provideat
511 2089 586 2117 Deus
601 2089 763 2126 spirituum
777 2090 933 2119 universae
946 2091 1048 2120 earnis

197 2136 355 2171 hominem,
370 2136 422 2175 qui
435 2136 473 2165 sit
493 2145 582 2175 Super
603 2135 679 2165 Itane
693 2136 922 2172 multitudinem,
942 2147 977 2167 ne
989 2138 1048 2167 sint

196 2184 273 2213 sicut
294 2192 358 2213 oves
380 2183 488 2222 absque
512 2187 639 2221 pastore.
666 2200 703 2205 -
728 2184 835 2213 Primae
859 2185 1046 2222 superioritati

1901 218 1949 246 181

1111 292 1229 321 debetur
1250 292 1404 322 obedientia
1423 294 1541 330 filialis,
1563 295 1698 323 secundae
1726 295 1880 325 obedientia
1900 304 1961 324 ser·
1975 301 2095 343 Trdiniuw

1110 339 1192 373 vilis,
1224 340 1319 369 tertiae
1350 350 1414 370 vcro
1435 342 1588 371 olnsslientia
1610 343 1866 377 iurisdictimmliff,
1889 351 1960 380 quae
1993 327 2095 368 ωτοιῡοιοὺῗ

1111 387 1222 424 respicit
1243 387 1401 424 dignitatem
1418 389 1600 425 praelationis.

1190 434 1255 463 llinc
1276 438 1317 463 est
1340 435 1431 472 igitur,
1464 437 1536 473 quod
1561 437 1603 465 lex
1626 437 1760 465 naturalis
1786 437 1870 466 dictat
1894 438 1958 466 obe-
1974 443 2100 463 eumn-⁴⁰²-

1110 479 1240 510 dientiain
1271 481 1406 519 filialem,
1438 483 1495 511 sive
1526 484 1678 513 secundum
1710 488 1811 513 statum
1843 488 1958 513 naturae

1111 528 1226 566 lapsae,
1242 529 1299 558 sive
1321 530 1473 560 secundum
1496 534 1597 560 statum
1620 535 1735 561 naturae
1750 532 1905 561 ias-titulae.
1922 548 1957 553 -

1111 576 1298 606 Obedientiam
1327 581 1418 606 autem
1447 579 1578 607 servilem
1600 579 1682 608 dictat
1711 588 1763 608 11011
1786 580 1958 617 simpliciter,
1974 585 2100 605 Commius.

1110 624 1156 653 sed
1178 624 1204 652 in
1227 627 1299 653 statu
1328 628 1443 654 naturae
1465 625 1565 663 lapsae
1586 626 1618 654 ad
1648 627 1748 663 pcccati
1772 627 1957 664 punitionem,

1109 672 1261 701 secundum
1284 672 1419 701 dictamen
1446 673 1514 702 iuris
1542 674 1677 711 gentium,
1700 675 1773 712 quod
1802 677 1893 703 manat
1921 683 1956 704 ex

1110 719 1215 748 ratione
1230 723 1257 749 et
1272 720 1402 749 instinctu
1415 723 1530 750 naturae
1542 722 1561 749 ⁴.
1579 738 1614 742 —
1630 721 1817 751 Obedientiam
1834 731 1899 751 vero
1913 723 1958 751 iu-
1972 728 2071 748 concinna
2082 728 2098 747 ⁶·

1112 767 1340 796 risdictionalem
1355 768 1438 797 dictat
1452 768 1604 798 secundum
1623 772 1725 798 statum
1742 773 1856 798 naturae
1875 778 1958 807 repa-

1109 813 1215 843 rabilis
1237 823 1285 843 seu
1308 818 1466 852 reparatae,
1488 819 1515 845 et
1537 816 1588 845 hoc
1610 817 1636 845 in
1665 820 1738 846 statu
1759 817 1839 852 viae,
1862 826 1959 847 sccun-

1110 861 1176 890 dum
1209 862 1276 891 illud
1304 863 1410 900 primae
1441 863 1474 892 ad
1500 863 1655 893 Corinthios
1686 865 1791 893 decimo
1822 864 1957 902 quinto⁶:

1112 909 1183 937 Cum
1207 910 1393 939 evacuaverit
1414 919 1525 939 omnem
1544 912 1748 949 principatum
1763 915 1830 947 etc.;
1845 912 1957 941 Glossa:

1115 968 1128 981 α
1143 957 1214 985 Dum
1236 957 1319 986 durat
1341 958 1477 993 mundus,
1500 959 1591 996 Angeli
1618 960 1740 997 Angelis,
1763 960 1887 989 homines
1910 961 1958 989 lio-

1108 1004 1229 1033 minibus
1248 1008 1399 1041 praeerunt
1413 1005 1447 1034 ad
1462 1006 1608 1035 utilitatem
1625 1007 1789 1042 viventium;
1809 1007 1856 1036 sed
1871 1008 1958 1036 omni-

1108 1050 1160 1079 bus
1181 1051 1313 1085 collectis,
1337 1052 1388 1080 iam
1411 1053 1499 1081 omnis
1522 1054 1652 1090 praelatio
1674 1055 1803 1088 cessabit,
1825 1055 1890 1092 quia
1911 1063 1957 1084 ne-

1107 1097 1227 1126 cessaria
1248 1106 1301 1126 11011
1324 1099 1417 1127 erit».
1436 1116 1471 1120 -
1491 1100 1558 1128 Cum
1582 1100 1665 1137 igitur
1687 1102 1838 1130 secundum
1866 1102 1958 1131 trifor-
1968 1108 2062 1132 Evnom-

1108 1152 1180 1172 mem
1212 1144 1393 1173 differentiam
1427 1146 1629 1182 superioritatis
1662 1147 1762 1184 triplex
1794 1149 1828 1177 sit
1859 1149 1956 1177 modus

1106 1190 1265 1226 obediendi;
1294 1192 1415 1228 primum
1445 1195 1545 1221 natura
1572 1193 1656 1222 dictat
1683 1194 1863 1232 simpliciter,
1891 1196 1956 1233 quia

1106 1238 1300 1267 universaliter
1314 1242 1341 1268 et
1356 1239 1485 1276 explicite
1499 1243 1526 1268 et
1541 1240 1693 1269 secundum
1709 1249 1819 1270 omnem
1837 1245 1954 1277 statum;

1106 1285 1259 1314 secundum
1280 1289 1373 1315 autem
1399 1290 1426 1315 et
1455 1287 1566 1316 tertium
1596 1287 1731 1325 implicite
1751 1292 1779 1317 et
1803 1289 1955 1318 secundum

1105 1337 1215 1361 statum
1237 1333 1470 1362 determinatum.

1186 1380 1260 1410 Unde
1281 1380 1421 1418 quaelibet
1437 1381 1573 1411 dictarum
1588 1382 1807 1412 obedientiarum
1826 1387 1957 1413 consonat
1970 1391 2069 1413 Conclusio
2078 1393 2096 1411 5.

1106 1428 1156 1465 legi
1180 1432 1322 1463 naturae,
1346 1437 1395 1458 nec
1417 1433 1523 1458 tantum
1541 1430 1591 1468 legi
1607 1433 1736 1466 naturae,
1758 1440 1856 1461 verum
1874 1432 1956 1461 etiam

1106 1475 1156 1513 legi
1177 1476 1294 1514 gratiae
1315 1480 1342 1505 et
1364 1477 1414 1514 legi
1437 1478 1571 1515 scriptae.
1585 1494 1621 1499 --
1637 1478 1706 1515 Quia
1727 1479 1800 1508 enim
1819 1479 1864 1508 lex
1884 1489 1957 1518 yra·
1969 1489 2067 1508 Probatur.

1106 1523 1163 1552 tiae
1188 1523 1343 1553 considerat
1371 1528 1487 1554 naturae
1518 1529 1633 1560 ortum,
1666 1526 1781 1564 lapsum
1814 1530 1841 1556 et
1868 1536 1956 1556 reme-

1106 1570 1205 1604 dium;
1227 1571 1287 1600 ideo
1315 1572 1402 1609 ipsius
1423 1574 1465 1601 est
1492 1572 1657 1610 approbare
1678 1574 1814 1611 triplicem
1842 1574 1955 1603 modum

1105 1621 1133 1647 et
1146 1618 1328 1648 differentiam
1344 1619 1515 1648 obedientiae
1529 1620 1710 1656 supradictae.
1730 1621 1869 1658 Approbat
1882 1621 1955 1650 enim

1105 1666 1287 1694 obedientiam
1308 1665 1427 1702 filialem
1441 1667 1475 1695 ad
1496 1667 1627 1703 Ephesios
1648 1668 1765 1696 sext0⁸:
1786 1668 1868 1702 Filii,
1894 1667 1954 1696 obe-

1105 1713 1161 1741 dite
1173 1712 1348 1749 parentibus
1361 1713 1464 1742 vestris
1478 1714 1509 1742 in
1526 1713 1665 1748 Domum,-
1680 1713 1732 1743 lioc
1752 1715 1828 1744 enim
1838 1715 1954 1752 ,iustum

1104 1759 1312 1796 cstApprobat
1333 1760 1415 1788 etiam
1430 1760 1612 1792 obedientiam
1631 1762 1781 1797 servilem,
1800 1762 1906 1800 primae
1920 1762 1954 1791 ad

1105 1806 1281 1835 Timotheum
1303 1810 1399 1836 sexto:
1417 1807 1597 1847 Quicumque
1617 1813 1687 1837 sunt
1700 1809 1754 1838 sub
1775 1810 1844 1848 iuyo
1864 1810 1954 1839 selvi-

1105 1853 1184 1887 tutis,
1199 1854 1332 1883 dominos
1345 1863 1415 1883 suos
1430 1856 1510 1884 omni
1523 1854 1631 1885 honore
1644 1857 1748 1895 diynos
1762 1857 1953 1887 arbitrentur.

1105 1900 1209 1929 Laudat
1236 1901 1318 1930 etiam
1346 1902 1528 1932 obedientiam
1557 1903 1820 1934 iurisdictimialem
1846 1905 1880 1934 ad
1904 1904 1955 1934 lle-

1105 1948 1203 1978 braeos
1224 1949 1337 1979 ultimo:
1362 1949 1475 1979 Obedite
1493 1952 1671 1989 praepositis
1692 1953 1795 1982 vestris
1809 1958 1835 1982 et
1854 1953 1955 1983 subia-

1104 2001 1160 2025 cete
1181 1997 1239 2030 eis:
1260 1997 1319 2035 ipsi
1338 1998 1414 2027 enim
1432 1999 1610 2037 pereiyilant
1631 2003 1682 2029 etc.
1706 2017 1742 2021 —
1765 2001 1881 2030 Econtra
1906 2009 1955 2030 au·
1973 2011 2096 2032 Camurium

1105 2046 1177 2079 tem,
1199 2045 1265 2082 quia
1285 2045 1331 2074 lex
1352 2046 1465 2084 scripta
1486 2049 1546 2076 erat
1566 2047 1612 2076 lex
1634 2047 1749 2085 rigoris,
1772 2056 1825 2077 11011
1848 2051 1955 2078 tantum
1965 2035 2097 2084 giafmaen'

1105 2091 1250 2129 approbat
1269 2091 1350 2121 istam
1366 2092 1501 2130 triplicem
1516 2093 1712 2129 obedientiam,
1734 2095 1782 2124 sed
1803 2095 1885 2124 etiam
1897 2104 1954 2133 pu-

1104 2139 1147 2167 m't
1160 2139 1239 2168 istius
1253 2139 1423 2169 obedientiae
1438 2144 1664 2178 transgressores.
1677 2142 1757 2171 Punit
1771 2142 1843 2172 enim
1857 2142 1953 2180 filium

1104 2190 1319 2221 contumacem,
1341 2187 1547 2217 Deuteronomii
1563 2188 1694 2226 vigesimo
1714 2190 1839 2227 prim0⁷:
1862 2190 1896 2219 Si
1907 2199 1953 2229 ye-

260 2362 268 2376 ¹
287 2365 381 2393 Quaest.
397 2364 435 2387 53.
452 2370 475 2386 11.
493 2364 519 2390 2,
537 2362 589 2390 ubi,
607 2368 679 2391 agens
700 2363 730 2386 de
754 2363 835 2387 ablatis
852 2364 881 2387 ab
898 2365 1003 2388 Israelitis
1024 2365 1047 2388 in

197 2404 304 2432 Aegypto
322 2404 403 2433 (Exod.
422 2404 463 2431 ⁴2,
476 2404 513 2426 35.
530 2403 602 2432 seq.),
615 2403 656 2424 ait:
669 2403 700 2425 Ex
712 2404 755 2426 hac
772 2403 841 2431 igitur
858 2402 965 2427 ineffabili
977 2407 1046 2434 atque

197 2442 291 2466 sublimi
308 2450 387 2466 rerum
405 2443 615 2470 administratione,
626 2448 687 2471 quae
703 2442 728 2465 111
745 2449 786 2471 per
803 2443 907 2466 divinam
923 2444 1047 2472 providen-

197 2482 266 2510 tiam,
279 2483 345 2512 quasi
358 2484 494 2511 transcripta
512 2485 546 2505 est
562 2482 672 2504 naturalis
689 2482 724 2505 lex
741 2482 764 2504 in
781 2483 881 2506 animam
898 2484 1046 2512 rationalem,

198 2524 224 2544 ut
240 2521 263 2544 in
281 2521 331 2550 ipsa
348 2522 410 2545 vitae
426 2522 495 2545 huius
512 2522 689 2544 conversatione
713 2521 864 2551 moribusque
889 2523 985 2548 terrenis
1005 2524 1047 2546 ho-

197 2559 368 2584 mines'talium
387 2561 574 2584 distributionum
593 2561 706 2589 imagines
726 2564 826 2584 servent.
843 2561 889 2585 Cir.
906 2569 929 2592 q.
947 2562 988 2590 51,
1006 2562 1045 2585 ubi

195 2601 310 2628 ostendit,
328 2601 430 2623 animam
448 2602 587 2628 humanam,
599 2606 627 2622 eo
645 2600 695 2628 ipso
712 2600 776 2629 quod
793 2597 871 2629 imago
887 2601 941 2629 Dei,
953 2602 1047 2625 divinae

197 2641 324 2670 sapientiae
341 2640 477 2669 participem
495 2646 545 2663 esse
563 2642 585 2663 et
601 2639 630 2662 ab
647 2640 696 2668 ipsa
709 2640 809 2663 Veritate
826 2641 928 2665 formari.
943 2654 975 2659 —
993 2643 1045 2672 Seq.
1061 2638 1063 2641 ’

183 2669 241 2704 xioe.
257 2683 292 2703 est
308 2680 324 2703 1.
340 2680 370 2703 de
387 2679 437 2702 Lib.
453 2679 508 2702 Arb.
525 2686 547 2702 c.
563 2680 585 2702 e.
601 2686 625 2702 n.
643 2679 680 2702 15.

259 2718 269 2732 ²
286 2719 346 2743 Vide
363 2725 435 2747 supra
452 2724 508 2747 pag.
525 2719 567 2746 63,
579 2721 632 2741 nota
651 2719 688 2741 10.
703 2730 736 2747 -;
752 2718 806 2748 Seq.
822 2720 933 2743 sententia
950 2720 1045 2743 Ambro-
1066 2739 1068 2741 .

196 2759 224 2782 sii
242 2758 317 2787 colligi
335 2760 411 2787 potest
428 2764 455 2780 ex
473 2757 512 2780 lib.
529 2758 558 2780 de
574 2757 622 2780 Elia
638 2760 660 2780 et
678 2757 774 2785 ieiunio,
792 2764 811 2781 0.
823 2758 846 2781 5.
857 2765 880 2781 11.
894 2759 918 2782 tt
929 2777 935 2787 ,
947 2760 1046 2788 allegato

197 2799 221 2821 ll.
240 2799 302 2822 Seni.
318 2799 342 2822 d.
360 2798 397 2821 44.
414 2804 434 2820 a.
452 2799 474 2820 2.
492 2804 515 2827 q.
533 2799 554 2820 2.
572 2798 602 2820 ad
619 2798 645 2825 33
663 2797 687 2820 11.
704 2797 733 2820 de
755 2797 823 2821 Iacob
847 2801 869 2821 et
893 2799 938 2821 vita
965 2799 1044 2827 beata,

198 2843 218 2861 c.
240 2839 262 2861 3.
284 2845 309 2862 11.
332 2838 374 2866 ⁴2,
396 2837 466 2866 Epist.
489 2837 527 2860 37.
549 2843 571 2859 n.
595 2837 617 2860 6.
637 2840 662 2859 'et
683 2837 712 2865 95
738 2836 867 2861 Comment.
888 2838 911 2861 in
928 2839 999 2867 Epist.
1015 2839 1045 2862 ad

196 2877 254 2900 Phil.
266 2878 292 2905 2,
309 2877 333 2901 7.
350 2877 418 2907 (inter
434 2882 505 2905 opera
521 2875 654 2906 Ambrosii),
672 2875 711 2899 ubi
729 2876 823 2899 dicitur:
841 2877 905 2899 Servi
923 2881 1000 2901 autem
1017 2884 1044 2901 ex

197 2919 294 2944 peccato
311 2917 382 2945 flunt,
400 2916 459 2939 sicut
474 2915 547 2939 cham
559 2915 619 2938 filius
631 2916 690 2943 Noe,
702 2916 742 2945 qui
754 2916 843 2944 primus
860 2916 941 2939 merito
958 2923 1044 2940 nomen

198 2955 263 2979 servi
278 2957 368 2986 accepit
380 2957 447 2985 (Gen.
458 2956 484 2983 9,
497 2955 553 2984 25.),
565 2957 588 2977 et
599 2955 629 2977 ad
645 2954 694 2978 Col.
711 2955 737 2983 4,
755 2956 777 2979 1.
793 2955 839 2979 Cir.
855 2956 880 2979 ll.
896 2957 959 2980 Sent.
971 2957 994 2980 d.
1007 2957 1045 2981 44.

195 3001 219 3018 3.
230 2996 252 3018 2.
264 3002 288 3026 q.
300 2997 322 3019 2.
335 2997 439 3020 tundam.
455 2996 482 3023 5,
499 2992 540 3018 ubi
556 2995 638 3018 eadem
656 2996 767 3019 sententia
784 2996 912 3025 Augustino
929 2996 1044 3021 tribuitur.

259 3032 269 3046 ⁸
287 3035 352 3058 Vers.
368 3035 404 3058 16.
415 3041 477 3064 seq.:
489 3033 611 3057 Provideat
622 3033 735 3057 Dominus
751 3034 813 3057 Deus
828 3035 951 3064 spirituum
968 3037 1044 3059 omnis

1103 2367 1202 2389 carnis...
1213 2367 1383 2390 multitudinem
1396 2368 1479 2391 hane...
1490 2374 1520 2391 ne
1529 2369 1558 2392 sit
1566 2369 1668 2398 populus
1676 2369 1768 2392 Domini
1777 2369 1836 2392 sicut
1844 2375 1900 2392 oves
1909 2372 1952 2391 etc*

1102 2417 1134 2421 —
1150 2405 1247 2429 Interius
1263 2413 1307 2435 pro
1324 2406 1519 2431 iurssdtccionalss
1537 2408 1556 2430 D
1572 2407 1750 2432 iurisdictionis.

1166 2444 1176 2458 ¹
1194 2446 1323 2474 lustinum„
1340 2447 1437 2470 lustitut.
1454 2447 1567 2476 imperial.
1584 2446 1623 2470 lib.
1640 2448 1654 2470 1.
1672 2447 1704 2471 tit.
1721 2449 1743 2471 2.
1760 2448 1811 2476 lege
1826 2448 1894 2470 unica
1911 2448 1951 2471 lua·

1102 2485 1217 2509 naturate
1233 2485 1247 2514 S
1262 2486 1304 2510 Ius
1320 2488 1400 2510 autem
1412 2486 1480 2511 civile
1495 2491 1508 2509 a
1526 2487 1575 2509 iure
1587 2487 1691 2515 gentium
1703 2487 1876 2516 distinguitur...
1887 2487 1951 2516 quod

1102 2530 1160 2547 vero
1176 2521 1286 2548 naturalis
1302 2525 1360 2548 ratio
1382 2526 1440 2549 inter
1464 2532 1546 2549 omnes
1571 2527 1677 2549 homines
1701 2527 1829 2554 constituit,
1847 2526 1870 2549 id
1887 2526 1951 2555 apud

1102 2569 1185 2587 omnes
1202 2565 1302 2593 populos
1319 2571 1436 2595 peraeque
1456 2566 1584 2588 custoditur
1605 2568 1749 2595 vocaturque
1770 2565 1808 2589 ius
1832 2565 1949 2596 ymnum,

1103 2604 1169 2633 quasi
1186 2610 1234 2633 quo
1251 2610 1333 2627 omnes
1351 2608 1432 2633 gentes
1449 2608 1549 2628 utantur.
1566 2604 1612 2628 Cir.
1630 2604 1686 2628 ibid.
1702 2604 1716 2634 S
1732 2606 1773 2628 lus
1794 2606 1874 2629 autem
1898 2611 1951 2635 yen-

1102 2643 1170 2672 tium,
1190 2646 1212 2666 et
1228 2643 1321 2671 isidor„
1338 2644 1367 2667 V.
1383 2644 1514 2673 Etymolog.
1531 2650 1551 2667 c.
1568 2644 1595 2671 6,
1613 2643 1652 2666 ubi
1669 2645 1699 2667 ad
1717 2646 1761 2667 hoc
1778 2644 1813 2667 ius
1835 2644 1951 2667 reducun-

1103 2685 1139 2705 tur
1156 2682 1302 2713 captivitales
1319 2686 1342 2706 et
1357 2684 1490 2708 servitutes.

1165 2720 1174 2734 ⁶
1192 2722 1258 2745 Vers.
1275 2722 1314 2746 24.
1330 2735 1362 2740 —
1379 2724 1403 2746 111
1420 2724 1512 2751 Glossa,
1530 2723 1559 2746 de
1576 2729 1623 2752 qua
1644 2724 1698 2746 vide
1723 2730 1793 2752 supra
1819 2730 1874 2752 pag.
1892 2724 1949 2751 480,

1102 2764 1156 2784 nota
1175 2762 1216 2789 13,
1234 2759 1308 2785 textus
1325 2762 1444 2791 origilialis
1461 2766 1514 2792 post
1529 2761 1657 2786 viventium
1674 2762 1739 2785 addit
1750 2762 1788 2786 vel
1797 2762 1830 2786 ad
1840 2762 1950 2792 deceptio-

1101 2807 1171 2829 rwm;
1189 2801 1268 2823 ultima
1286 2802 1414 2830 propositio
1431 2802 1487 2833 quia
1504 2801 1639 2825 necessaria
1650 2807 1699 2825 mn
1710 2802 1756 2826 erit
1767 2808 1814 2825 non
1831 2801 1950 2825 exhibetur

1101 2847 1114 2862 a
1128 2839 1222 2868 Strabo,
1240 2840 1338 2864 nabetur
1355 2845 1431 2868 tamen
1443 2842 1507 2871 apud
1519 2842 1577 2864 Petr.
1594 2840 1732 2869 Lombard„
1750 2842 1773 2864 in
1791 2843 1853 2865 hunc
1864 2842 1906 2864 loc.
1917 2854 1948 2858 —

1093 2879 1196 2908 Jnrerius
1212 2886 1256 2908 pro
1272 2880 1406 2911 wiser-mem
1423 2881 1442 2904 D
1459 2887 1560 2905 omnem.

1164 2917 1174 2931 ⁶
1191 2919 1257 2942 Vers.
1281 2920 1302 2943 1.
1318 2932 1350 2937 -—
1367 2921 1421 2949 Seq.
1445 2921 1509 2943 locus
1533 2923 1567 2943 est
1584 2920 1599 2942 Ι.
1617 2920 1678 2942 Tim.
1694 2920 1721 2947 6,
1740 2920 1766 2947 i,
1784 2919 1822 2942 ubi
1849 2920 1947 2947 Vulgata

1100 2957 1164 2982 servi
1179 2964 1222 2987 pro
1238 2959 1374 2989 ser—vnum,-
1392 2960 1470 2983 tertius
1486 2959 1557 2988 Hebr.
1577 2959 1618 2986 13,
1636 2958 1673 2981 47.

1162 2995 1171 3009 ⁷
1190 2997 1256 3020 Vei-s.
1273 2998 1311 3021 18.
1327 3004 1377 3028 seq.
1393 2999 1446 3032 Post
1459 2998 1540 3029 patris
1557 2998 1655 3025 Vulgata
1672 2997 1736 3020 addit
1751 2999 1796 3020 aut
1811 2996 1904 3021 matre.
1914 3009 1946 3014 -

1101 3037 1155 3066 50¹1·
1171 3037 1235 3060 locus
1251 3040 1286 3060 aet
1302 3038 1374 3062 Exod.
1386 3038 1411 3061 2⁴
1422 3055 1428 3065 ,
1440 3038 1479 3061 20.
1490 3043 1552 3067 seq:
1564 3036 1607 3069 Qui
1620 3036 1758 3065 percusserit
1769 3041 1863 3058 servum
1875 3041 1945 3058 suum
