2285 3398
793 216 1034 246 PROLEGOMENA
1055 217 1082 245 C.
1106 217 1168 245 vill.

108 297 132 316 ut
149 293 287 322 probemus,
306 295 346 316 has
368 295 500 318 collationes
517 301 561 317 uon
584 301 634 317 csse
652 295 729 322 istiuS,
746 295 786 317 sed
810 296 951 318 Bonaventu-

107 347 158 368 rae,
181 346 233 363 cum
257 344 341 363 textum
365 346 456 364 nostrae
478 342 585 365 editionis
608 342 761 365 sumserimus
783 349 809 365 ex
831 342 952 365 codicibus

107 387 197 415 scriptis
214 393 274 410 saer.
291 388 347 410 Xlll.

169 434 182 462 S
199 435 220 456 3.
237 433 385 457 unitatum
402 434 478 458 tanum
495 435 544 465 eat,
565 435 655 458 textum
673 434 774 465 opusculi
792 435 815 458 in
837 434 953 458 Vaticana

106 480 130 503 et
144 479 330 510 praecedentibus
347 480 485 505 editionibus
501 488 549 505 ene
566 481 635 505 nimie
651 482 781 512 «surruptum
798 482 821 505 ei:
838 489 890 505 vero
905 482 953 505 foe-

106 526 193 550 datum.
205 540 236 544 —
252 528 327 550 scatet
344 529 490 556 corruptelis,
509 528 577 551 habet
594 530 677 551 multas
694 530 800 557 lacunas,
817 533 839 551 ct
862 530 952 557 longior

106 574 142 596 ille
158 574 222 596 locus
239 574 262 595 in
279 574 351 596 collat.
370 575 391 596 3.
408 581 430 597 u.
448 575 511 597 2-14.
525 575 546 597 111
560 575 601 597 illis
613 575 752 597 editionibus
770 576 846 603 inepte
863 576 953 603 positus

105 623 139 642 est
150 620 172 642 in
184 620 228 643 tine
245 621 317 643 collat.
331 622 352 643 2.
369 621 418 649 Ope
431 622 538 644 codicum
556 623 642 650 passim
655 623 779 645 sententias
792 623 889 645 omissas
901 629 957 659 διψᾷ

105 667 219 694 plevimus
234 670 257 690 et
273 668 319 690 tere
337 671 369 691 tot
386 669 539 692 correctiones
554 670 632 697 magni
655 670 690 692 vel
709 670 774 697 parvi
793 670 903 692 momenti
925 672 952 692 te-

105 714 191 741 cimus,
208 717 264 743 quot
286 718 339 737 sunt
356 716 428 738 lineae
446 716 468 737 in
485 716 585 753 editione
603 717 724 743 Vaticana,
748 723 819 745 quam
836 718 876 746 qui
899 717 952 739 velit

104 762 208 782 conterre
224 767 277 783 cuin
300 764 376 783 nostra
393 761 493 784 editione
511 763 575 784 facile
597 763 704 790 colligere
721 763 816 791 poterit,
838 765 951 791 quantum

103 807 205 830 laborem
223 808 244 829 in
262 808 400 835 corrigendo
418 809 461 830 hoc
478 810 589 836 opusculo
606 810 810 832 consumserimus.

521 902 535 923 l.

164 993 256 1017 Codices
272 1001 286 1017 e.
302 994 366 1018 nobie
382 993 461 1018 oolieti
478 1001 528 1017 oum
545 994 614 1018 textu
631 994 757 1018 Vaticano
773 993 890 1017 editionis.

167 1087 186 1108 i.
203 1087 230 1109 Ι11
248 1086 349 1116 Colteyio
362 1087 386 1110 S.
399 1088 590 1116 Bonaventurae,
603 1087 670 1110 nobis
682 1087 711 1110 ad
724 1091 816 1115 tempus
829 1093 840 1108 a
860 1092 948 1114 posses-

101 1139 152 1155 sore
169 1133 281 1155 benevole
300 1137 428 1161 mutuatus,
449 1134 500 1156 cod.
526 1133 717 1156 membranaceus
735 1134 756 1155 in
783 1133 835 1155 solio
861 1139 947 1161 parvo,

100 1180 184 1201 saeculi
202 1180 262 1202 ΚΝ.
274 1181 379 1203 ineuntis.
392 1193 424 1197 —
436 1181 493 1203 inter
505 1181 547 1202 alia
560 1181 661 1202 continet
672 1180 807 1202 Collationcs
824 1180 853 1202 de
865 1180 946 1202 decem

100 1226 240 1254 praeceptis,
257 1233 317 1255 quac
339 1227 451 1255 incipiunt
467 1227 515 1249 sine
541 1227 585 1249 ullo
611 1227 674 1249 titulo
691 1229 713 1249 et
730 1227 830 1249 auctoris
855 1227 947 1249 nomine

100 1273 136 1295 sol.
153 1272 192 1295 74.
209 1272 288 1300 ν.;,81”
303 1273 337 1296 vis
354 1273 387 1296 ud
412 1273 484 1297 vitam
501 1273 607 1303 ingredi,
631 1280 702 1297 serva
722 1273 844 1296 mandata.
863 1273 947 1297 Matth.

99 1319 145 1342 Hec
170 1321 226 1343 sunt
242 1319 314 1343 verba
330 1320 465 1344 Salvatoris
483 1320 560 1344 nostri
576 1323 619 1343 etc.
636 1321 747 1343 Desinunt
765 1321 800 1343 sol.
819 1321 857 1343 91.
873 1327 904 1344 r.:
921 1322 949 1344 ut

95 1366 264 1395 perveniamus
286 1365 318 1389 ud
342 1368 448 1390 eternam
474 1367 635 1397 resectionem,
661 1373 735 1397 qnam
757 1366 823 1390 nobis
838 1368 948 1396 prestare

98 1412 208 1442 diynetur
233 1412 276 1442 qui
292 1412 424 1436 benedictus
440 1415 474 1436 est
490 1413 515 1436 in
530 1413 682 1444 lirnmmento
698 1413 755 1442 celi,
773 1413 902 1437 laudabilis
921 1416 945 1437 et

98 1457 217 1488 gloriosus
228 1460 251 1482 et
266 1459 460 1488 superezaltatus
478 1460 502 1482 ἱ1ι
518 1459 606 1483 secula.
624 1461 705 1483 Amen.
723 1472 754 1476 —
771 1461 793 1482 ln
811 1461 853 1482 hac
871 1463 947 1482 nostra

100 1506 199 1528 editione
217 1507 322 1534 signatur
339 1507 412 1529 littera
430 1508 455 1529 Α.

160 1556 182 1577 2.
200 1554 290 1578 Oct-onii
306 1555 329 1577 in
348 1555 442 1583 anglia,
455 1554 593 1577 bibilotheca
611 1556 744 1582 Bodleiano,
767 1556 871 1578 collectio
894 1556 947 1579 cod.

97 1602 267 1625 Laudianorum
289 1602 338 1624 181.
366 1602 492 1631 (quondam
518 1603 612 1624 tratrum
639 1603 720 1625 Montis
737 1603 809 1625 sancti
832 1603 946 1626 Michaelis

97 1654 170 1676 prope
188 1648 328 1676 Mogontiam
344 1648 394 1670 ord.
407 1647 611 1671 Carthusianorum
624 1649 686 1677 779.)
701 1649 799 1672 membr.
817 1650 838 1671 in
852 1649 873 1672 4.
886 1656 945 1673 saec.

97 1695 237 1720 XiV.,circa
260 1695 371 1720 medium,
388 1707 419 1711 —
441 1695 533 1718 Ponitur
550 1696 627 1718 titulus
644 1697 681 1718 sol.
707 1696 760 1718 1142.
777 1703 795 1718 r.
813 1697 857 1720 col.
874 1698 895 1719 1.
912 1698 944 1719 sic

96 1747 231 1769 expressus:
249 1740 333 1770 Incipit
350 1740 408 1763 liber
430 1741 475 1765 vite
500 1741 566 1775 Bona
585 1743 690 1765 venture.
712 1742 741 1766 Si
761 1743 795 1765 vis
818 1742 850 1765 ad
873 1743 944 1766 vitam

97 1787 190 1817 ingredi
205 1791 248 1810 etc.
266 1787 351 1809 Desinit
368 1788 406 1809 tol.
424 1787 477 1810 154.
495 1794 518 1810 v.
534 1789 577 1810 col.
595 1789 620 1810 2:
646 1790 671 1812 ut
683 1789 853 1818 perveniamus
864 1789 897 1811 ad
907 1796 943 1812 re-

95 1834 217 1864 sectionem
239 1836 353 1858 eternam.
379 1834 448 1862 Quod
470 1834 536 1858 nobis
558 1837 669 1864 prestare
694 1834 805 1864 diffitetur
830 1836 943 1865 quicum

96 1881 167 1904 Patre
185 1883 207 1904 et
224 1880 317 1910 Spiritu
333 1883 424 1904 sancto.
444 1883 526 1904 Amen.
538 1894 568 1899 —
586 1883 649 1910 sign.
668 1883 691 1904 B.

160 1929 181 1951 3.
198 1928 318 1952 Monachii
340 1929 361 1951 in
388 1929 495 1957 Bavaria,
518 1928 656 1952 bibliotheca
683 1930 767 1958 Regia,
795 1931 846 1953 cod.
873 1931 941 1953 8084.

94 1977 166 1998 chart.
184 1976 205 1998 in
224 1976 244 1998 4.
261 1988 292 1996 -—
308 1975 446 1998 Collationes
462 1976 492 1998 de
516 1976 597 1999 decem
624 1977 754 2004 praeceptis
777 1977 888 2005 incipiunt
906 1978 942 2000 tol.

94 2023 132 2045 70.
149 2030 184 2046 xx:
201 2023 229 2047 Si
249 2023 284 2046 vis
306 2023 339 2046 ad
354 2023 428 2046 vitam
447 2023 541 2053 inqredz'
558 2027 601 2046 etc.
619 2024 729 2046 Desinunt
746 2025 785 2047 sol.
802 2025 839 2046 81.
857 2031 892 2047 x·.:
915 2027 942 2048 ut

93 2070 260 2099 perveniamus
281 2069 313 2092 ad
333 2071 440 2093 eternam
462 2069 529 2092 illam
557 2070 719 2099 resectionem,
746 2070 778 2093 ad
803 2077 875 2101 qaam
897 2078 941 2095 nos

91 2116 208 2146 perducat
220 2117 262 2146 qui
277 2123 328 2140 stne
343 2116 390 2147 fine
408 2116 463 2140 vicit
479 2118 502 2139 et
519 2118 613 2146 regnat.
625 2118 706 2139 Amen.
720 2117 798 2140 Finivi
817 2117 841 2140 in
858 2120 941 2141 octava

94 2163 171 2186 sancti
187 2163 310 2186 Laurentii
325 2169 388 2186 anno
407 2162 484 2187 1480.
495 2175 526 2180 —
539 2164 602 2191 Sign.
619 2163 643 2186 C.

158 2209 180 2232 4.
196 2210 308 2238 Paris-iic,
326 2210 463 2233 bibliotheca
481 2210 615 2237 Nationalis,
631 2210 682 2233 cod.
701 2211 785 2233 15034.
803 2211 901 2235 membr.
918 2213 939 2235 111

95 2256 196 2280 4.-5300.
213 2257 268 2280 Χ111.
285 2258 396 2280 exeuntis.
421 2270 453 2274 —
477 2257 524 2280 rol.
548 2258 585 2280 93.
610 2264 628 2280 r.
646 2258 668 2281 in
694 2259 815 2287 superiore
840 2263 904 2288 parte
927 2267 939 2282 a

93 2304 167 2331 prima
184 2311 254 2327 manu
272 2308 390 2327 exaratum
407 2305 505 2333 legitur:
525 2305 650 2329 Tractatus
669 2305 755 2335 [ratris
775 2306 941 2331 Bonaventure

93 2349 120 2373 de
131 2351 158 2374 X
164 2351 280 2381 preceptis
292 2351 357 2381 teqis.
377 2352 405 2375 Si
420 2352 455 2375 vis
472 2351 505 2375 ad
520 2351 594 2375 vitam
611 2352 718 2382 inm-edi,
735 2360 805 2378 serva
816 2355 938 2379 mandata.

92 2396 148 2420 Mac.
169 2398 238 2421 XIX.
261 2398 336 2422 Verba
356 2399 401 2423 ista
421 2398 512 2428 scripta
531 2401 589 2423 sunt·
609 2399 634 2422 in
657 2400 761 2424 Mattheo
783 2403 804 2425 ec
819 2404 878 2426 sunt
897 2406 940 2426 etc.

92 2432 203 2466 Desinunt
219 2443 354 2469 Collationes
372 2445 409 2468 tol.
430 2446 481 2467 106.
498 2448 522 2468 ut
539 2445 561 2468 in
578 2446 686 2469 editione.
703 2460 734 2464 —
751 2448 814 2476 Sign.
831 2449 858 2471 D.

156 2488 177 2510 5.
194 2488 294 2518 Ibidem,
317 2491 368 2513 cod.
396 2491 480 2519 16499,
502 2492 532 2514 de
547 2498 595 2521 quo
620 2493 675 2515 vide
696 2500 766 2522 supra
790 2501 844 2523 pag.
869 2496 938 2518 XVlil

92 2538 115 2554 n.
136 2533 169 2555 19.
184 2546 216 2551 —
231 2535 368 2560 Collationes
386 2538 498 2566 incipiunt
516 2538 553 2560 sol.
571 2539 624 2561 326.
641 2545 659 2562 r.
677 2541 719 2562 001.
736 2541 759 2569 Ι,
776 2539 863 2570 quibus
875 2548 939 2569 prae-

93 2579 189 2602 mittitur
212 2582 358 2610 simpliciter:
385 2586 432 2608 Ave
454 2585 542 2609 Maria.
564 2585 633 2609 Hinc:
658 2586 686 2610 Si
708 2587 741 2611 vis
761 2588 794 2611 ad
810 2588 883 2612 vitam
906 2589 938 2611 in-

91 2625 161 2656 yredi
176 2631 218 2649 etc.
237 2628 348 2655 Desinunt
368 2632 405 2655 tol.
418 2632 501 2669 33013.
514 2633 556 2655 coi.
574 2633 596 2655 2.
613 2634 649 2656 his
666 2634 756 2657 verbis:
773 2636 795 2658 et
815 2641 870 2658 cum
883 2635 938 2665 Xpo

89 2675 256 2704 perveniamus
267 2676 300 2699 aa
315 2679 422 2704 eternam
438 2679 505 2703 iliam
525 2680 687 2710 resectionem,
698 2681 731 2705 ad
747 2689 820 2712 quam
831 2689 875 2706 nos
884 2689 937 2713 per-

92 2719 164 2744 ducat
178 2720 220 2750 qui
237 2721 293 2745 vivit
303 2724 326 2745 et
335 2727 428 2753 reynel.
441 2725 483 2748 Hic
499 2727 533 2749 est
544 2725 671 2750 verborum
688 2728 844 2752 consunmtio.
856 2728 937 2757 Empti-

92 2766 158 2790 ciunt
176 2773 296 2790 sernwnes
313 2767 341 2791 de
358 2770 385 2793 Χ
397 2772 521 2801 111-00011113.
540 2774 607 2796 Anno
630 2773 727 2797 Domini
750 2775 936 2799 M.GC.LXVIII.

89 2826 122 2831 —
135 2815 198 2842 sign.
215 2815 239 2837 Ε.

155 2861 176 2883 6.
196 2860 273 2886 Τιέοιᾷς
291 2861 312 2883 111
329 2862 411 2891 Gallia,
428 2864 480 2887 cod.
498 2865 551 2894 951,
564 2866 593 2888 de
609 2873 657 2895 quo
670 2868 723 2890 vide
735 2875 805 2897 supra
818 2875 871 2897 pag.
886 2869 935 2892 xm

91 2912 119 2929 11..
133 2907 154 2930 3.
171 2920 201 2924 -
213 2908 260 2931 Fol.
272 2907 308 2931 34.
322 2915 344 2931 v.
357 2909 406 2937 (sed
419 2914 496 2933 notato
510 2918 607 2935 numero
619 2913 666 2942 38.)
678 2914 790 2943 incipiunt
800 2915 936 2938 Collationes

91 2953 127 2976 his
143 2954 232 2978 verbis:
250 2955 315 2978 Assit
322 2955 440 2985 principio
452 2959 535 2981 sancta
551 2958 631 2982 Maria
649 2967 706 2984 meo.
725 2961 752 2985 Si
768 2962 803 2985 vis
819 2962 851 2986 ad
862 2963 935 2986 vitam

91 2999 184 3029 inm-edi
196 3004 237 3024 etc.
255 3002 334 3025 Finem
350 3002 435 3025 babent
451 3004 488 3026 foi.
506 3004 541 3027 43,
557 3011 592 3028 xz:
612 3008 637 3029 ut
651 3008 818 3036 perveniamus
834 3010 867 3033 ad
877 3012 936 3033 eter-

1779 224 1852 252 XLlll

1008 302 1065 318 mim
1082 295 1243 325 resectionem,
1263 302 1335 324 qztam
1354 296 1418 319 nobis·
1439 298 1548 326 prestare
1570 298 1680 326 diynetur
1703 303 1746 323 etc.
1767 302 1853 324 Deindi·

1009 341 1172 369 grandioribus
1196 342 1274 364 litteris
1300 343 1381 364 eadem
1405 349 1488 366 munus
1510 344 1586 367 addit:
1613 345 1715 375 Esptirit
1737 348 1853 377 expositio

1008 387 1114 418 ‹lecatoqi
1124 388 1254 412 secundum
1265 389 1366 418 fratrem
1380 390 1544 414 Bonaventnre
1555 391 1662 415 ministri
1672 394 1789 422 ornei-atis
1802 394 1843 423 (311·
1848 400 1853 422 )
1880 404 1882 407 ·

1008 435 1099 459 ordinis
1121 435 1255 464 insitorum,
1282 443 1354 465 quam
1377 436 1507 466 predicavit
1532 438 1640 462 Porinas
1670 447 1733 463 (1111111
1760 441 1855 464 Domini

1008 482 1136 506 MCCLX.
1148 483 1245 512 septimo
1258 482 1281 505 in
1293 489 1364 506 sacra
1377 483 1573 513 quadruyesimn‚
1584 488 1659 514 prout
1675 487 1753 516 potuit
1765 489 1846 511 notari
1850 508 1853 513 .

1009 528 1066 551 dum
1078 529 1126 558 ipse
1136 529 1281 558 predicabat.
1293 530 1339 552 Deo
1351 530 1450 559 qratiam.
1463 532 1544 554 Amen.
1556 544 1587 548 —
1604 533 1668 561 Siagu.
1689 534 1710 556 F.

1072 575 1196 597 Primatum
1216 576 1273 598 inter
1291 577 1333 598 hos
1350 579 1410 598 tenet
1427 577 1479 599 cod.
1497 579 1523 605 A,
1535 579 1573 606 qui
1592 582 1625 601 est
1642 580 1696 601 satis
1708 580 1817 609 antiquus
1832 586 1852 603 ct

1010 623 1069 645 bene
1080 626 1204 651 correctus,
1216 630 1286 652 quem
1300 624 1436 653 pierumque
1446 625 1520 647 secuti
1530 632 1618 648 sumus.
1631 628 1672 655 lpsi
1686 631 1710 650 ut
1728 629 1852 656 plurimum

1009 670 1163 696 suflragnntur
1180 669 1313 692 Parisiensis
1331 670 1349 692 D
1366 673 1387 692 ct
1402 670 1523 693 Tres-ensis
1535 672 1560 699 F,
1578 673 1617 694 sed
1633 673 1650 694 D
1667 674 1783 697 interdum
1801 681 1853 698 noi:-

1009 716 1068 738 nuiia
1087 716 1230 738 1111101111...-
1242 716 1298 739 Cod.
1311 717 1334 744 Β,
1348 717 1398 739 licet
1415 718 1442 741 sit
1459 719 1585 747 recentior,
1602 721 1709 742 convenit
1722 721 1788 743 valde
1799 729 1852 745 cum

1009 762 1213 791 praecedentibus,
1230 763 1270 786 sed
1289 763 1310 785 in
1327 764 1383 786 locis
1399 764 1567 787 difficilioribus
1584 766 1720 795 plerumque
1737 769 1851 797 quaedam

1008 809 1072 831 addit
1098 810 1133 831 vei
1156 813 1283 832 commutat
1304 809 1465 833 substituendo
1487 817 1556 840 saepe
1579 812 1687 835 lectiones
1708 814 1790 843 bonas;
1814 817 1852 838 scd

1008 861 1053 877 non
1066 855 1149 877 desunt
1167 856 1259 884 indicia,
1271 857 1336 885 quod
1353 857 1478 886 pleraeque
1495 858 1525 880 ab
1542 858 1618 888 aliquo
1635 864 1765 883 correctore
1782 866 1854 889 postc-

1007 901 1067 923 riore
1084 907 1111 923 eo
1129 902 1173 924 nne
1191 903 1262 925 suetae
1280 904 1336 930 sint,
1355 907 1379 926 ut
1395 905 1468 926 oratio
1486 905 1599 940 interdum
1619 907 1677 929 {nale
1694 911 1807 935 reportata
1825 911 1854 931 es-

1007 947 1113 970 tlceretur
1131 949 1218 971 melior.
1238 950 1302 972 Unde
1319 957 1364 972 non
1382 951 1446 973 facile
1467 952 1614 980 recipiendae
1630 958 1694 976 erant
1711 955 1733 976 in
1757 959 1853 983 textum,

1006 994 1048 1016 nisi
1067 998 1163 1022 urgente
1180 996 1245 1023 gravi
1263 997 1359 1019 ratione..
1378 1010 1409 1014 —
1425 998 1482 1021 Cod.
1499 998 1515 1021 C
1534 1000 1608 1027 magis
1625 1001 1732 1023 convenit
1749 1008 1801 1024 rum
1819 1009 1854 1025 01·

1006 1043 1077 1063 tracto
1094 1047 1106 1063 a
1130 1042 1215 1065 Bonelli
1233 1043 1349 1071 publicato
1371 1051 1442 1072 quam
1460 1052 1513 1067 cum
1532 1049 1591 1068 textu
1617 1047 1751 1075 Vaticanne,
1772 1049 1851 1072 dividit

1005 1088 1073 1109 etiam
1090 1090 1228 1116 opusculum
1247 1091 1268 1112 in
1286 1091 1399 1118 capitula,
1416 1092 1499 1115 omittit
1517 1093 1697 1117 introductiones
1719 1102 1852 1119 sermonum

1005 1137 1027 1156 et
1043 1135 1189 1162 repetitiones
1202 1137 1403 1163 praecedentium,
1416 1139 1452 1160 vei
1470 1145 1509 1160 eas
1523 1143 1543 1161 01
1556 1140 1624 1162 etiam
1637 1143 1747 1171 ‘exempla
1765 1145 1851 1165 tantum

1004 1181 1085 1208 paucis
1102 1181 1179 1204 verbis
1197 1183 1296 1210 indicat;
1315 1183 1383 1206 habet
1400 1188 1476 1207 tamen
1495 1186 1556 1207 idem
1574 1187 1596 1208 in
1614 1187 1727 1215 principio
1745 1189 1852 1216 capitulo-

1004 1233 1055 1249 rum
1072 1227 1176 1251 alterum
1199 1231 1284 1251 textum
1303 1230 1433 1258 Scripturae
1456 1232 1478 1254 in
1502 1232 1601 1255 editione
1625 1234 1708 1256 Bonelli
1731 1236 1850 1258 omissum.

1003 1273 1135 1302 Praeterea,
1148 1275 1263 1298 interdum
1281 1276 1381 1305 aliquam
1395 1278 1577 1306 propositionem
1596 1280 1631 1302 vel
1644 1286 1716 1308 pauca
1731 1281 1801 1304 verba
1815 1283 1853 1305 ad-

1003 1320 1048 1349 dit,
1064 1328 1124 1350 quae.
1141 1328 1183 1344 nec
1200 1323 1222 1344 111
1240 1323 1307 1346 editis
1325 1330 1367 1346 nec
1384 1325 1407 1347 in
1430 1326 1479 1347 aliis
1497 1326 1579 1348 nostris
1596 1327 1717 1350 codicibus
1735 1329 1852 1351 inveniun-

1003 1371 1048 1391 tur.
1067 1381 1098 1385 —
1116 1368 1173 1394 Cod.
1197 1371 1213 1392 13
1234 1370 1370 1394 Collationes
1387 1373 1428 1394 has
1452 1379 1496 1395 non
1516 1373 1585 1396 habet
1602 1374 1715 1402 integras,
1738 1376 1778 1398 sed
1802 1383 1853 1399 0011-

1004 1418 1098 1443 tractas,
1110 1417 1174 1439 aliter
1187 1420 1262 1440 tamen
1280 1422 1418 1444 contractas.
1434 1426 1506 1448 quam
1523 1420 1632 1443 exhibent
1650 1422 1670 1443 in
1694 1422 1793 1445 editione
1811 1423 1854 1446 Bo⁴

1004 1463 1068 1489 nelli,
1085 1470 1138 1486 cum
1162 1468 1235 1487 textus
1252 1465 1280 1487 sit
1301 1466 1406 1489 diffusior
1428 1471 1450 1489 et
1467 1468 1564 1496 propius
1586 1469 1681 1491 accedat
1698 1470 1725 1492 ad
1750 1474 1851 1493 nostram

1003 1509 1136 1532 editionem.
1150 1522 1182 1527 ·—
1199 1511 1228 1533 Ex
1249 1512 1373 1539 praedictis
1395 1516 1502 1541 apparet,
1523 1514 1592 1536 codd.
1612 1514 1654 1537 CE
1672 1515 1738 1538 nobis
1760 1517 1796 1539 vix
1817 1518 1853 1539 ali-

1003 1556 1069 1578 cuius
1086 1557 1187 1579 utilitatis
1209 1558 1291 1585 tuisse,
1313 1559 1353 1582 sed
1378 1560 1486 1582 standum
1504 1561 1573 1583 fuisse
1591 1562 1719 1584 auctoritati
1743 1563 1848 1585 codicum

1003 1605 1020 1626 Α
1031 1604 1047 1626 Β
1059 1604 1076 1626 D
1085 1604 1109 1627 F.

1241 1784 1331 1810 Codices
1349 1792 1362 1808 11.
1379 1786 1442 1809 nobis
1459 1794 1502 1810 non
1520 1787 1608 1811 collati.

1062 1885 1083 1907 7.
1102 1885 1187 1909 Assisiz'
1203 1887 1224 1908 in
1242 1886 1350 1914 Umbria,
1368 1887 1504 1911 bibliotheca
1523 1889 1656 1912 Conventus
1673 1892 1743 1914 sancti
1762 1893 1851 1916 Franci-

999 1932 1044 1960 sci‚
1069 1932 1121 1954 cod.
1146 1933 1200 1955 011111
1223 1933 1283 1960 sign.
1308 1934 1383 1957 XXX.
1401 1935 1427 1957 A.
1453 1936 1473 1957 2.
1500 1936 1599 1958 membr.
1618 1937 1640 1958 in
1659 1938 1679 1959 8.
1706 1944 1767 1961 saec.
1792 1940 1850 1962 xw.

998 1990 1029 1995 ·-
1046 1979 1098 2001 Post
1115 1979 1218 2001 medium
1242 1981 1351 2003 volumen
1376 1985 1410 2003 est
1427 1988 1527 2011 sequens
1544 1983 1650 2007 rubrica:
1668 1985 1753 2009 Sermo
1771 1986 1799 2009 de
1812 1987 1850 2010 de-

998 2030 1047 2047 cem
1064 2025 1180 2055 preceptis
1201 2026 1248 2049 Dei.
1261 2026 1289 2050 Si
1301 2027 1335 2050 ris
1345 2027 1378 2050 ad
1390 2028 1462 2052 vllam
1474 2029 1569 2058 inqredi
1584 2034 1628 2053 etc.
1639 2030 1776 2055 Collationes
1790 2039 1851 2055 com-

998 2072 1127 2099 plectuntur
1143 2072 1268 2096 duodecim
1292 2074 1356 2102 solia,
1373 2075 1494 2098 desinunt:
1513 2083 1586 2105 quam
1605 2077 1670 2101 nobis
1685 2081 1798 2107 prestare
1819 2079 1851 2102 di·
1880 2070 1883 2073 Α

997 2119 1084 2146 91101111·
1105 2118 1147 2147 qui
1169 2118 1219 2141 sine
1243 2119 1290 2149 fine
1316 2120 1370 2143 vivit
1390 2122 1412 2143 et
1436 2124 1522 2150 reqnal
1546 2122 1571 2145 in
1597 2123 1677 2146 secula
1699 2124 1845 2148 seculorum.

998 2164 1079 2187 Amen.

1060 2212 1082 2234 8.
1100 2211 1193 2235 Ibidem.
1205 2225 1236 2229 —
1254 2214 1276 2235 111
1293 2214 1425 2237 collectione
1442 2215 1544 2244 quadam
1563 2216 1663 2244 plurium
1679 2218 1848 2246 fasciculorum,

996 2259 1036 2288 qui
1054 2259 1157 2287 indigent
1174 2263 1334 2289 compactore,
1352 2253 1410 2284 inter
1427 2262 1469 2284 alia
1493 2263 1640 2285 continentur
1665 2264 1802 2287 Collationes
1818 2266 1848 2288 de

996 2306 1077 2328 decem
1096 2307 1225 2335 praeceptis
1237 2308 1309 2330 sancti
1321 2308 1508 2337 Bonaventurae,
1526 2309 1549 2331 in
1567 2316 1612 2332 uno
1626 2311 1734 2333 fasciculo
1747 2311 1847 2335 membr.

997 2353 1019 2374 in
1037 2353 1058 2374 8.
1076 2359 1137 2375 saec.
1155 2353 1214 2376 XlV.
1232 2354 1317 2376 ineunt.
1334 2355 1382 2378 sine
1399 2355 1463 2377 titulo
1475 2359 1498 2378 et
1509 2356 1602 2378 nomine
1614 2357 1721 2380 auctoris.
1735 2357 1848 2386 Incipiunt

997 2401 1034 2423 sol.
1052 2400 1142 2428 signato
1158 2407 1256 2424 numero
1274 2401 1318 2424 406
1336 2405 1358 2425 et
1375 2403 1482 2425 desinunt
1500 2407 1524 2427 ut
1541 2404 1564 2426 in
1582 2404 1657 2426 editis.

1062 2448 1084 2470 9.
1101 2447 1207 2471 Basiteae
1224 2449 1245 2471 in
1263 2450 1378 2477 Helvetia,
1396 2450 1533 2474 bibliotheca
1551 2451 1666 2480 Civitatis,
1679 2452 1730 2474 cod.
1743 2454 1760 2474 A
1774 2452 1812 2474 lx.
1825 2452 1846 2475 9,

995 2495 1067 2517 chart.
1079 2501 1139 2517 saec.
1152 2495 1202 2518 XV.
1214 2508 1245 2513 —
1261 2497 1322 2519 Folia
1340 2498 1442 2520 numeris
1454 2501 1548 2526 vacant,
1560 2499 1673 2521 collationi
1685 2499 1773 2527 primae
1785 2506 1848 2527 prae-

995 2541 1092 2576 mittitur
1112 2543 1148 2564 hic
1165 2543 1255 2566 titulus:
1272 2543 1357 2572 Incipit
1365 2544 1474 2573 primum
1488 2547 1627 2575 preceptum
1645 2542 1694 2569 Dei.
1711 2546 1739 2570 Si
1763 2546 1798 2570 vis
1815 2546 1848 2570 ad

994 2588 1068 2611 vitam
1085 2588 1178 2617 inm-edi·
1188 2593 1230 2611 etc.
1243 2590 1330 2612 Desinit
1346 2590 1463 2613 decimum
1482 2596 1632 2621 praeceptum
1646 2595 1681 2616 his
1699 2594 1790 2617 verbis:
1804 2595 1845 2617 As-

994 2634 1096 2663 sumpsit
1107 2634 1132 2657 in
1148 2635 1241 2669 orneris·
1258 2635 1361 2659 ittonam*
1379 2637 1572 2668 redemptionem.
1590 2640 1638 2669 Ipsi
1654 2640 1732 2669 aleria
1750 2642 1773 2664 et
1790 2647 1843 2670 qra-

995 2680 1086 2703 tiarum
1102 2681 1163 2704 actio
1181 2681 1205 2705 in
1216 2682 1297 2705 secula
1314 2683 1461 2707 secutorum.
1478 2686 1560 2709 Amen.

1058 2729 1094 2750 Ἰ10.
1113 2728 1229 2757 Berolini,
1248 2729 1384 2753 bibliotheca
1402 2732 1487 2760 Regia,
1504 2733 1557 2756 cod.
1573 2734 1620 2756 Fol.
1634 2734 1686 2757 153„
1699 2736 1772 2757 chart.
1783 2741 1845 2758 saec.

995 2775 1045 2813 KV.
1064 2787 1095 2792 —
1111 2775 1247 2799 Collationes
1265 2777 1377 2805 incipiunt
1394 2779 1430 2801 soi.
1449 2780 1500 2802 t72.
1519 2786 1549 2802 r.:
1567 2780 1595 2804 Si
1610 2781 1645 2804 vis
1662 2781 1694 2804 ad
1718 2781 1793 2805 citam
1810 2782 1843 2805 in-

993 2821 1061 2851 qredt'
1076 2828 1146 2846 serva
1163 2824 1286 2848 mndata.
1304 2826 1361 2849 Mat.
1383 2825 1420 2849 19.
1442 2827 1490 2850 Ista
1508 2829 1566 2851 sunt
1578 2827 1648 2851 verba
1663 2829 1742 2852 nostri
1757 2829 1844 2854 Satra-

992 2871 1062 2900 Iot·th‚
1081 2872 1105 2895 in
1123 2872 1207 2902 quibus
1225 2874 1360 2904 explicatur
1377 2881 1473 2898 summa
1491 2876 1562 2899 totius
1578 2878 1659 2900 nostre
1670 2877 1756 2902 salutis
1768 2885 1842 2908 quan·

991 2920 1043 2941 tam
1059 2918 1091 2941 ad
1107 2918 1154 2942 duo
1171 2924 1215 2943 etc.
1233 2922 1290 2943 Sunt
1315 2922 1378 2949 ipsae
1404 2922 1499 2945 eaedem
1524 2923 1663 2947 Collationes
1680 2926 1750 2948 sancti
1770 2926 1841 2948 Bona-

992 2969 1116 2994 venturae,
1141 2968 1181 2990 sed
1206 2969 1303 2991 fusiores
1328 2969 1431 2992 redditae
1456 2977 1468 2992 a
1495 2971 1630 2994 Gotschaico
1656 2972 1735 2995 Holien
1753 2973 1840 2995 ordinis

992 3012 1144 3035 Eremitarum
1171 3015 1240 3036 sancti
1267 3015 1400 3044 Augustini,
1420 3016 1449 3038 de
1466 3023 1513 3045 quo
1540 3018 1593 3040 tide
1618 3025 1687 3046 supra
1706 3022 1719 3045 ’,1,
1738 3020 1757 3040 Ξ.
1777 3019 1844 3041 huius
