2285 3398
955 164 1065 194 SERMO
1087 165 1114 193 ll.
1846 171 1895 199 5:51

79 247 147 266 mima.
168 240 250 277 igitur
271 241 466 278 simplicitatis
487 241 667 275 intentionis,
689 250 760 278 quae
784 242 864 271 debet
891 250 950 271 esse
978 242 1004 270 in

166 287 251 316 libero
277 288 407 322 arbitrio,
436 288 555 317 sumitur
585 288 629 316 illa
658 288 786 325 parabola
805 288 839 317 de
861 290 1004 323 thesauro,

165 334 290 362 Matthaei
313 334 418 363 decimo
440 334 519 363 tertio
532 334 550 368 ¹,
574 334 620 362 ubi
641 334 758 362 dicitur:
781 334 879 363 Simile
899 338 940 363 est
960 343 1004 363 re-

162 389 255 417 ,qnum
269 381 416 409 caelorum
431 380 566 409 thesauro
581 380 746 409 abscondito
769 381 801 409 in
818 389 906 418 αρν-ο,
920 389 1002 419 quem

164 428 214 466 qui
234 427 341 455 invenit
367 427 449 456 liomo
481 426 630 455 absoomlit
650 430 675 455 et
693 436 768 464 prae
793 428 904 465 qaudio
925 427 1004 456 illius

165 474 243 503 vadit
257 478 282 503 el
296 474 391 503 vendit
405 474 558 508 universa,
573 482 647 512 quae
662 473 757 508 liabet,
772 478 797 503 et
814 475 882 503 emit
895 483 1004 512 aprum

166 521 254 549 illam.
270 537 307 542 —
323 521 370 550 Ubi
386 523 450 549 nota
464 520 662 557 expositionem
682 521 820 557 Gregorii,
835 524 862 550 et
876 521 1001 550 sufficiat.

32 566 147 607 ”ffnnffiffir
164 570 264 597 Tamen
285 567 311 595 in
334 567 453 604 generali
475 566 510 595 ibi
536 567 591 595 duo
613 570 751 601 notantur,
773 568 877 597 scilicet
902 568 1003 596 vitatio

57 619 145 637 Primum·
160 614 298 652 periculi,
314 614 416 642 scilicet
431 613 566 642 humanae
588 614 687 648 laudis,
703 615 729 642 in
751 614 928 643 absconsione
944 614 1002 643 the-

163 661 252 695 sauri;
285 660 358 689 unde
378 659 443 688 dicit
473 659 569 689 beatus
600 661 788 697 Gregoriusfl:
816 661 1002 689 «Thesaurus

162 708 346 741 absconditur,
367 710 398 735 ut
419 709 555 741 servetur,
577 708 642 744 quia
669 708 790 737 studium
813 708 935 737 caelestis
956 708 1001 736 de-

162 754 252 783 siderii
274 762 289 782 a
315 753 439 790 malignis
464 753 606 789 spiritibus
634 755 772 783 custodire
800 763 864 783 non,
884 755 1000 788 sufficit,

162 802 207 838 qui
231 802 282 829 hoc
303 801 337 829 ab
359 800 487 829 humanis
502 800 629 830 laudibus
643 810 697 830 uon
711 802 860 831 abscondit.
882 802 1001 839 Deprae-

162 847 219 876 dari
241 855 306 884 ergo
325 846 459 876 desiderat
480 847 526 883 qui
549 848 710 876 thesaurum
732 848 841 885 publice
863 851 953 885 portat
974 848 1000 876 in

162 894 205 923 via
216 906 242 922 ».
255 910 291 914 -
304 895 370 924 Nota
387 894 546 929 exemplum
561 894 594 922 de
612 894 724 923 candela
744 898 852 931 portata
866 895 892 923 in
909 898 998 923 vento.

30 945 144 963 Secundum-
162 957 198 961 —
213 940 368 969 Secundum
388 939 504 968 notabile
520 944 560 968 est
576 941 750 977 appretiatio
768 941 892 978 requiin
908 941 1000 970 vendi-

162 987 234 1016 tione
254 986 342 1015 omnis
363 986 555 1023 possessionis,
578 988 657 1023 quia,
679 987 751 1016 sieut
771 988 836 1016 dicit
855 988 918 1017 alibi
938 989 999 1017 bea-

162 1036 207 1068 tus
233 1033 396 1070 Gregorius,
423 1032 472 1061 «si
501 1033 721 1067 consideremus,
747 1041 818 1069 quae
846 1037 872 1062 et
898 1037 999 1071 quanta

161 1083 241 1114 sunt,
269 1088 339 1117 quae
360 1079 438 1108 nobis
466 1080 665 1116 promittuntur
687 1080 714 1108 in
743 1080 840 1114 caelis,
865 1081 1000 1109 vilescunt

162 1127 251 1156 animo
271 1127 377 1161 omnia,
399 1134 470 1163 quae
491 1126 627 1155 habentui·
649 1127 675 1155 in
699 1126 779 1155 terris
793 1138 820 1153 ».
844 1126 917 1154 Unde
939 1126 1000 1155 talis

161 1174 188 1202 in
209 1173 409 1210 comparatione
430 1173 521 1201 omnia
542 1176 652 1209 reputat
673 1180 704 1201 ut
723 1176 860 1200 stercora.

239 1221 283 1249 lii.
307 1220 417 1248 Ratione
442 1220 533 1248 itidem
559 1219 751 1248 stadio-sitatis
778 1218 998 1252 sollicitudinis,

50 1273 142 1291 Secunda·
160 1275 230 1305 quae
251 1267 330 1295 debet
352 1266 498 1295 similiter³
521 1274 579 1295 esse
600 1267 626 1294 in
650 1267 734 1295 libero
752 1265 879 1299 arbitrio,
901 1265 999 1302 accipi-

160 1304 210 1342 tur*
227 1313 273 1342 illa
303 1313 432 1350 parabola
461 1313 494 1341 de
526 1313 636 1342 homine
656 1312 839 1349 negotiatore,
872 1313 998 1341 Matthaei

159 1361 264 1390 decimo
285 1360 365 1389 tertio
375 1361 396 1395 4,
417 1359 597 1389 ubidicitur:
620 1359 718 1389 Simile
738 1363 777 1388 est
793 1368 915 1397 reanum
937 1368 998 1388 eae-

160 1407 256 1436 lorum
276 1405 387 1435 ltomini
405 1407 590 1444 negociatori,
606 1407 756 1445 quaerenti
770 1406 859 1435 bonas
881 1416 999 1444 marpa—

160 1454 243 1482 ritas.
265 1453 314 1482 Ubi
334 1453 390 1482 duo
410 1453 437 1481 in
457 1453 576 1490 generali
592 1456 656 1481 sunt
677 1453 855 1486 attendenda:
878 1454 998 1491 primum

160 1500 315 1538 vigilantia
336 1500 363 1528 in
385 1500 556 1538 inquirendo.
572 1517 611 1520 —
625 1500 692 1528 Nota
712 1500 745 1529 de
760 1501 819 1529 istis
840 1501 999 1530 mercatori-

161 1548 225 1582 hus»,
239 1548 349 1584 quantis
370 1547 509 1576 laboribus
523 1550 550 1576 et
564 1547 693 1588 periculis
707 1555 736 1576 se
750 1551 901 1584 exponunt.
924 1548 999 1577 Unde

160 1594 225 1623 dicit
245 1594 341 1623 beatus
361 1594 541 1630 Hieronymus
561 1593 593 1622 ad
613 1594 792 1630 Nepotianum
804 1595 830 1622 ⁵:
857 1595 999 1636 ‹JQuantis

161 1641 307 1670 sudoribus
334 1640 471 1669 hereditas
498 1648 575 1669 cassa
595 1641 759 1677 expetitur?
781 1641 876 1669 Minori
906 1641 998 1669 labore

30 1694 143 1712 Secundum·
161 1688 340 1725 margaritum
371 1687 472 1716 Christi
502 1688 555 1716 emi
586 1690 738 1724 poterat».
767 1704 803 1708 -—
826 1687 998 1721 Secundum,

161 1735 322 1764 attendenda
339 1734 498 1771 prudentia
513 1735 548 1763 in.
558 1734 691 1768 emendo,
706 1737 737 1763 ut
759 1735 825 1764 tales
846 1738 918 1763 emat
940 1742 997 1767 res⁷

161 1790 231 1819 quae
245 1782 351 1811 valeant
372 1782 398 1810 in
421 1785 509 1816 terra,
524 1781 557 1810 ad
572 1789 655 1818 quam
669 1784 710 1810 est
728 1781 800 1818 ipsas
821 1784 998 1818 portaturus,

161 1832 188 1858 et
208 1837 326 1866 quarum
347 1832 388 1857 est
410 1828 445 1857 ibi
467 1828 564 1865 inopia.

239 1875 284 1903 ΔΞ.
307 1875 417 1903 Ratione
438 1877 529 1903 autem
544 1874 725 1905 strenuitatis
739 1874 847 1911 operis,
865 1882 936 1910 quae
955 1882 998 1902 re*

75 1926 144 1945 Tertia-
161 1921 282 1958 quiritur
303 1921 426 1950 similiter
447 1921 473 1949 in
495 1921 580 1949 libero
601 1920 729 1955 arbitrio,
744 1921 877 1958 accipitur
892 1921 937 1949 illa
951 1929 997 1957 pa-

161 1968 254 1997 rabola
267 1968 300 1996 de
314 1976 399 2005 grano
420 1968 536 2004 sinapis⁷
557 1967 682 1996 Matthaei
704 1967 808 1996 decimo
823 1967 903 1996 tertio
914 1968 934 2001 ⁶,
950 1967 996 1996 ubi

161 2014 274 2043 dicitur:
296 2014 394 2043 Simile
411 2019 450 2042 est
464 2022 586 2050 reanum
601 2013 746 2042 caelorum
758 2021 854 2050 syrano
868 2013 996 2050 sinapis,

162 2061 238 2099 quod
258 2061 401 2097 accipiens
422 2060 504 2088 liomo
524 2060 676 2088 seminavit
696 2060 727 2087 in
741 2068 815 2096 apro
836 2068 897 2088 suo.
916 2060 998 2095 Quod

161 2107 316 2136 minimum
337 2107 450 2145 quidem
464 2110 503 2134 est
517 2106 649 2134 omnibns
669 2105 842 2139 seminibus-,·
857 2114 924 2134 cum
942 2114 997 2134 aa-

162 2158 216 2182 tem
237 2154 372 2187 creuerit,
393 2154 491 2182 maius
505 2157 545 2181 est
558 2152 690 2181 omnibus
704 2152 836 2181 oleribus.
853 2153 925 2182 Idem
939 2153 996 2182 sere

162 2201 249 2229 Lucae
269 2200 374 2229 decimo
395 2199 475 2228 tertio
499 2202 526 2228 et
554 2199 634 2227 Marci
665 2203 772 2236 quarto.
795 2215 831 2221 -·-
853 2199 880 2228 ln
900 2208 996 2237 yrano

30 1435 68 1455 Duo
84 1438 143 1455 atten-

51 1460 119 1478 denda.

53 1491 143 1509 Primum.

225 2360 232 2373 ¹
251 2362 315 2383 Vers.
331 2361 367 2383 44.

223 2398 232 2412 ⁵
250 2401 273 2422 ln
291 2401 376 2428 Evang.
394 2401 408 2423 l.
425 2400 501 2422 homil.
520 2400 555 2421 Ἰ11.
572 2406 594 2421 n.
612 2400 632 2421 t.
650 2399 702 2428 Seq.
719 2400 782 2422 locus
800 2400 904 2423 eiusdem
922 2404 956 2423 est
972 2401 995 2423 in

162 2440 250 2467 Evang.
262 2440 285 2461 ll.
297 2440 374 2462 homil.
386 2439 423 2461 37.
434 2446 457 2461 n.
473 2440 490 2460 1.
502 2451 532 2455 --
544 2440 561 2461 Α
570 2438 586 2461 C
604 2438 625 2460 in
638 2438 672 2460 his
685 2438 739 2461 iocis
754 2431 869 2468 qu'aedam
881 2440 995 2462 omittunt.

163 2490 194 2495 --
211 2479 232 2500 ln
252 2478 296 2500 sine
313 2479 432 2506 respicitur
449 2478 504 2500 Phil.
521 2478 547 2504 3,
564 2479 586 2499 8.

224 2515 233 2528 ³
250 2517 293 2540 AC
310 2523 407 2546 semper.

223 2554 233 2567 ⁴
250 2557 315 2578 Vers.
328 2556 363 2578 45.
374 2568 404 2572 —
416 2556 507 2578 inferius
519 2558 570 2577 ante
581 2555 749 2579 mercatoribus
761 2556 806 2578 nde
823 2556 839 2578 A
850 2555 866 2578 C
882 2556 995 2578 substitui-

162 2599 214 2616 mus
230 2593 279 2617 istis·
298 2600 339 2621 pro
357 2593 426 2622 ipsis,
444 2596 465 2615 et
481 2593 565 2615 deinde
582 2593 732 2620 expunximus
748 2599 789 2616 seu
804 2593 995 2622 negotiatoribus.

224 2631 233 2644 ⁵
250 2633 318 2660 Epist.
335 2632 371 2654 52.
391 2632 454 2659 (alias
474 2632 504 2658 2.)
523 2638 544 2653 n.
562 2632 583 2653 6.
601 2631 623 2652 in
641 2632 697 2658 tine,
714 2631 753 2653 ubi
771 2632 853 2654 Bonelli
872 2631 940 2654 habet
955 2639 994 2662 up-

159 2669 248 2699 petitur
265 2676 307 2698 pro
324 2669 452 2698 eoepea'tur,
477 2669 635 2698 marparilam
660 2676 702 2697 pro
726 2669 886 2699 maryurztum
912 2673 933 2692 et
949 2670 996 2693 emi

162 2714 204 2736 pro
221 2715 307 2736 emere,
326 2708 492 2736 refragantibus
509 2708 611 2735 originali
623 2711 645 2729 et
661 2708 718 2736 ΑΕ,
736 2709 828 2731 interius
841 2709 901 2732 idem
913 2709 995 2731 omittit

162 2747 308 2774 attendenda,
326 2751 393 2776 atque
410 2749 430 2771 el
446 2750 497 2770 ante
513 2753 623 2777 quarum.

224 2784 233 2797 ⁸
251 2787 316 2808 Vers.
333 2787 455 2809 3=t.32.-
465 2787 532 2815 Seqq.
545 2786 586 2809 loci
599 2789 651 2809 suut
661 2787 714 2809 Luc.
727 2787 767 2814 13,
783 2787 821 2814 19;
833 2787 900 2808 Marc.
914 2786 939 2813 4,
957 2787 994 2809 31.

163 2837 193 2841 -
209 2825 251 2847 Pro
268 2825 316 2853 fere
327 2826 403 2848 Lucae
416 2826 453 2854 (ita
470 2825 522 2853 AC)
540 2826 624 2848 Bouelli
641 2831 761 2853 perperam
778 2825 831 2855 set-it
848 2826 932 2848 Lucae.

224 2862 233 2875 ⁷
251 2864 315 2886 Vers.
332 2865 369 2886 28.
384 2876 415 2881 —
431 2865 509 2887 Glossa
527 2864 598 2893 (apud
615 2864 737 2892 Lyranum')
760 2867 833 2887 sumta
850 2867 884 2886 est
900 2870 925 2886 ex
942 2865 994 2886 Gre-

163 2908 224 2930 gor.,
241 2903 279 2925 ix.
296 2903 371 2925 Moral.
389 2909 408 2925 c.
426 2903 463 2925 34.
481 2910 502 2925 n.
519 2904 559 2931 53,
577 2903 642 2926 latius
659 2903 687 2926 de
704 2904 738 2926 his
755 2904 886 2926 disserente.

225 2939 234 2953 ⁸
252 2942 297 2963 lloc
314 2942 363 2964 loco
380 2942 488 2964 deficiunt
508 2942 566 2969 AC,
583 2942 606 2964 in
622 2943 640 2964 Α
657 2945 732 2965 tamen
748 2943 807 2965 duae
824 2944 942 2965 columnae
959 2949 994 2965 re-

1033 2063 1094 2089 ·est
1120 2068 1184 2089 cum
1211 2060 1303 2097 culpa;
1335 2061 1415 2098 quia,
1436 2061 1458 2090 si
1480 2061 1584 2096 deficit,
1612 2063 1666 2091 hoc
1693 2067 1734 2092 est
1756 2072 1792 2093 ex
1815 2064 1895 2101 culpa

1060 242 1188 280 sinapis,
1204 244 1278 281 quod
1298 248 1340 274 est
1355 245 1497 274 minimum
1523 247 1674 283 quantitate
1696 250 1722 275 et
1749 248 1899 276 niaximum

1061 289 1176 323 virtute,
1198 293 1328 320 notantur
1349 291 1404 320 duo
1426 293 1578 321 necessaria
1600 293 1677 322 bonis
1697 294 1836 330 operibns,
1851 295 1902 322 sii·
1920 301 2039 320 nuonsm

1062 336 1124 365 licet
1143 336 1294 366 humilitas
1321 346 1369 375 per
1397 339 1595 374 modicitatem,
1624 340 1751 369 virilitas·
1774 348 1822 377 per
1848 341 1901 368 vir·
1949 330 2004 343 ”m

1062 385 1164 418 tutem;
1185 387 1212 413 et
1233 385 1300 413 haec
1321 388 1416 414 contra
1436 386 1507 419 duo,
1529 394 1600 423 quae
1632 387 1751 415 maxime
1783 387 1902 415 timenda

1061 433 1125 458 sunt
1146 430 1172 458 in
1194 431 1272 460 bonis
1296 431 1442 468 operibuS,
1462 432 1564 461 scilicet
1591 437 1686 462 contra
1713 432 1852 470 fraudem
1876 437 1902 461 et

1060 477 1211 506 desidiam.
1241 478 1315 507 Unde
1343 486 1428 515 super
1460 479 1526 508 illud
1559 480 1603 508 lob
1635 481 1744 509 nono':
1780 480 1902 508 Verebar

1060 524 1159 552 omnia
1180 532 1268 561 opera
1288 533 1367 558 mea,
1383 525 1448 553 dicit
1461 526 1554 555 Glossa
1569 527 1639 555 beati
1655 526 1794 564 Gregorii:
1815 526 1901 555 «Duo

1060 569 1086 597 in
1109 570 1186 599 bonis
1205 571 1336 607 operibus
1359 571 1477 600 timenda
1492 576 1571 606 sunt,
1586 572 1688 601 desidia
1709 576 1736 601 et
1750 573 1835 601 fraus.
1852 572 1902 601 De-

1060 615 1154 645 sidiam
1176 617 1239 645 facit
1259 617 1348 646 minor
1369 626 1446 646 amor
1461 618 1525 652 Dei,
1540 618 1664 647 fraudem
1680 619 1810 656 proprius
1824 627 1902 647 amor

1059 663 1117 697 sui,
1134 663 1205 694 dum
1227 671 1278 700 pro
1298 663 1368 693 bene
1388 665 1455 693 actis
1477 665 1557 693 tacita
1573 665 1684 694 humani
1700 665 1791 694 cordis
1805 666 1901 703 gratia,

1060 709 1101 737 vel
1122 708 1223 738 favoris
1243 717 1327 744 aura,
1344 710 1385 739 vel
1400 710 1539 747 quaelibet
1557 719 1601 740 res
1622 712 1745 740 exterior
1765 712 1913 741 desideras

1060 758 1141 784 tur»
1158 756 1226 785 Haec
1238 756 1358 786 breviter
1378 757 1412 786 de
1427 758 1564 794 parabolis
1578 758 1649 787 dicta
1664 758 1831 787 sufficiant.
1812 758 1823 775 ⁸

1136 802 1182 831 43.
1204 804 1334 841 Sequitur
1348 804 1382 833 de
1404 804 1493 833 tribus
1510 805 1718 842 quaestionibus
1731 805 1900 839 difficilibus,
1911 812 1993 832 varam.
2000 813 2045 832 'rm

1058 858 1129 886 quae
1157 850 1184 878 in
1213 851 1283 879 hanc
1315 851 1472 888 parabolam
1504 851 1642 886 incidunt,
1672 852 1797 881 videlicet
1823 852 1899 880 unde
1924 837 2044 879 &affigens

1059 897 1162 925 malum
1183 897 1313 932 oriatur,
1335 906 1428 936 quare
1448 898 1630 927 sustineatur
1650 901 1677 927 et
1691 899 1833 937 quomodo
1843 907 1900 936 pu-

1057 943 1160 971 niatu}
1171 943 1190 971 9.
1811 954 1814 958 ’

1135 990 1171 1018 Ad
1194 991 1397 1027 responsionem
1420 992 1525 1028 primae
1538 991 1707 1029 quaestionis
1720 993 1829 1028 oportet
1844 990 1899 1029 pri·
1918 1000 1987 1022 Primo,
1994 1000 2043 1019 unde

1057 1044 1132 1065 mum
1155 1037 1321 1073 intelligere,
1350 1038 1416 1075 quid
1447 1038 1482 1067 sit
1510 1038 1630 1077 malum.
1662 1038 1762 1067 Malum
1790 1042 1898 1073 autem,
1925 1024 2037 1042 mmmm

1057 1083 1207 1111 secundum
1230 1084 1412 1121 Augustinum
1424 1084 1455 1118 ¹⁰,
1470 1093 1525 1113 non
1546 1088 1587 1113 est
1607 1087 1707 1113 natura
1730 1085 1837 1122 aliqua,
1853 1085 1899 1114 sed
1916 1093 1965 1117 Quid
1978 1093 2008 1112 an.

1057 1130 1173 1166 privatio
1201 1130 1263 1159 boni
1289 1130 1363 1158 mali
1386 1139 1484 1159 nomen
1516 1131 1628 1167 accepit.
1650 1131 1825 1160 Manichaeus
1846 1139 1899 1160 non

1057 1178 1145 1211 potest
1165 1176 1333 1213 intelligere,
1355 1174 1458 1204 malum
1481 1184 1540 1205 esse
1568 1177 1763 1213 privationem,
1784 1177 1831 1206 sed
1852 1186 1896 1214 po-

1057 1221 1111 1254 nit,
1133 1224 1261 1249 naturam
1283 1229 1342 1250 esse
1362 1221 1496 1258 aliquam;
1518 1221 1579 1250 ideo
1610 1230 1721 1251 necesse
1743 1222 1825 1251 habet
1853 1230 1900 1259 po-

1056 1275 1122 1296 nere
1143 1267 1215 1296 mali
1232 1268 1431 1305 principiam,
1454 1271 1480 1296 et
1501 1268 1540 1297 sic
1561 1268 1616 1297 duo
1637 1269 1772 1306 principia
1783 1271 1815 1304 ¹¹,
1836 1278 1900 1299 cum

1056 1315 1119 1343 mali
1141 1323 1195 1343 non
1217 1315 1302 1352 possit
1322 1323 1381 1344 esse
1402 1315 1569 1353 principium
1583 1316 1633 1345 nisi
1649 1316 1775 1345 malum
1769 1326 1796 1346 1n
1811 1325 1899 1354 quar.-

1057 1365 1114 1390 tum
1137 1362 1205 1396 tale;
1220 1362 1324 1391 bonum
1346 1370 1412 1391 vero
1433 1366 1473 1391 est
1494 1362 1654 1392 ditsusivum
1675 1364 1717 1392 sui
1731 1364 1762 1392 ¹².
1779 1380 1815 1385 -—
1831 1364 1899 1393 Cum
1915 1372 1964 1399 Quia
1976 1372 2043 1394 unitas.

1055 1409 1128 1437 enim
1141 1408 1240 1437 unitas
1254 1409 1289 1437 sit
1303 1409 1428 1437 indivisio
1440 1409 1521 1443 enti5‚
1534 1410 1642 1438 veritas
1653 1410 1778 1440 indivisio
1789 1412 1861 1440 entis
1872 1415 1898 1440 et
1923 1396 1999 1438 iffi?
2013 1396 2046 1415 ²¹⁰*

1055 1464 1130 1489 esse5
1152 1455 1265 1484 bonitas
1285 1456 1359 1485 addit
1380 1456 1470 1485 adhuc
1492 1465 1576 1493 super
1598 1458 1665 1491 hoc,
1687 1458 1753 1495 quia
1767 1462 1808 1487 est
1829 1458 1898 1487 indi—

1056 1502 1124 1531 visio
1144 1503 1216 1531 entis
1236 1506 1263 1531 et
1283 1512 1341 1531 esse
1362 1507 1389 1531 et
1410 1511 1495 1541 apere
1508 1504 1540 1537 ¹³,
1556 1507 1583 1532 et
1597 1504 1664 1532 illud
1685 1513 1766 1542 agere
1785 1510 1826 1534 est
1840 1513 1899 1534 sese

1055 1549 1208 1578 diffundere
1229 1553 1256 1578 et
1277 1550 1488 1578 communicare.
1513 1550 1585 1579 Deus
1606 1554 1697 1580 autem
1713 1559 1810 1586 omne,
1825 1553 1899 1589 quod

1055 1596 1126 1632 agit,
1148 1596 1203 1632 agit
1223 1605 1243 1624 a
1258 1605 1309 1630 «se,
1330 1597 1491 1625 secunaum
1518 1606 1548 1625 se
1568 1601 1595 1626 et
1623 1601 1743 1635 propter
1764 1607 1800 1627 se.
1830 1599 1899 1635 Quia

1055 1642 1111 1678 agit
1130 1650 1147 1669 a
1167 1649 1208 1676 se,
1229 1641 1276 1670 dat
1296 1642 1429 1676 modum,·
1451 1643 1517 1679 quia
1538 1644 1689 1672 secundum
1712 1652 1756 1678 se,
1778 1644 1822 1673 dat
1837 1653 1898 1682 spe—

1055 1688 1144 1721 eiem:
1165 1688 1231 1725 quia
1261 1692 1373 1725 propter
1404 1696 1448 1722 se,
1480 1689 1526 1718 dat
1556 1690 1704 1724 ordinem,-
1725 1691 1787 1727 quia
1817 1699 1897 1720 omne

1055 1735 1158 1764 bonum
1181 1735 1263 1764 habet
1283 1735 1411 1770 modum,
1433 1737 1550 1773 speciem
1576 1740 1603 1765 et
1633 1737 1773 1772 ordinem;
1797 1738 1897 1766 horum

1054 1785 1146 1811 autem
1178 1782 1295 1819 privatio
1322 1786 1364 1815 est
1393 1784 1505 1811 malum
1533 1784 1601 1812 Cum
1629 1786 1721 1813 autem
1749 1792 1831 1813 causa
1862 1784 1897 1813 sit
1913 1793 1988 1818 Triplex
2000 1800 2043 1813 cau

1056 1832 1162 1857 tantum
1191 1837 1295 1866 ayens,
1320 1832 1353 1858 ut
1373 1830 1461 1864 Deus;
1484 1833 1510 1858 et
1532 1833 1637 1858 tantum
1663 1834 1747 1865 acta,
1769 1834 1800 1859 ut
1827 1832 1897 1860 irra-
1964 1823 1991 1836 ῃ

1055 1875 1209 1909 tionabilia;
1241 1878 1268 1903 et
1295 1884 1384 1913 ayens
1415 1879 1439 1904 et
1466 1880 1554 1910 acta,
1587 1880 1617 1904 ut
1649 1877 1789 1906 rationalis
1820 1886 1896 1907 crea-

1055 1924 1129 1949 tura:
1153 1922 1253 1950 horum
1275 1922 1392 1958 privatio
1413 1922 1440 1950 in
1462 1930 1544 1951 causa
1572 1927 1688 1951 tantum
1717 1928 1817 1960 agente
1842 1933 1894 1953 non

1055 1969 1142 2003 potest
1163 1974 1237 2001 esse3
1259 1967 1286 1995 in
1318 1975 1400 1996 causa
1421 1971 1534 1996 tantum
1566 1972 1632 1997 acta
1659 1972 1747 2006 potest
1779 1978 1837 1999 esse
1869 1974 1895 1999 et

1053 2017 1107 2047 est,
1129 2013 1175 2042 sed
1196 2014 1254 2042 sine
1275 2014 1370 2050 culpa;
1394 2015 1420 2042 in
1442 2023 1524 2043 causa
1555 2023 1621 2044 vero
1649 2020 1749 2054 agente
1776 2021 1801 2045 et
1829 2022 1896 2046 acta
1909 2028 2041 2075 nnaglffiium

1052 2114 1121 2140 sua,
1152 2114 1216 2135 cum
1248 2107 1333 2144 possit
1364 2115 1441 2136 suam
1476 2108 1610 2138 actionem
1645 2110 1773 2140 ordinare
1805 2114 1831 2140 et
1862 2111 1896 2140 ab

1052 2153 1147 2183 ordine
1171 2162 1222 2191 pro
1250 2154 1291 2183 sui
1321 2154 1446 2184 libertate
1473 2156 1580 2185 arbitrii
1608 2156 1734 2186 deficere.
1764 2158 1896 2187 Creatura

1040 2200 1125 2243 'enim
1147 2200 1287 2230 rationalis
1307 2205 1334 2231 et
1355 2211 1375 2230 a
1398 2203 1453 2231 Deo
1474 2206 1515 2231 est
1542 2206 1569 2231 et
1590 2204 1624 2232 cle
1644 2203 1734 2233 nihilo
1755 2208 1804 2233 est.
1826 2205 1895 2241 Quia

1052 2363 1117 2385 lictae
1129 2366 1185 2386 >sunt
1201 2369 1289 2385 vacuae
1306 2363 1328 2384 in
1345 2363 1437 2391 signum
1459 2364 1561 2387 desectus
1577 2365 1706 2393 supplendi.
1725 2366 1823 2394 Uterque
1842 2366 1893 2388 cod.

1052 2401 1246 2423 continuationem
1272 2401 1382 2423 indicavit
1407 2405 1454 2423 tum
1473 2409 1496 2424 n.
1513 2403 1540 2429 3,
1558 2402 1595 2425 uhi
1622 2404 1677 2425 haec
1702 2404 1764 2426 tertia
1783 2410 1835 2431 pars
1858 2410 1894 2425 an-

1052 2435 1180 2466 nuntiatur,
1197 2442 1245 2461 tum
1263 2446 1284 2462 n.
1303 2440 1345 2467 37,
1364 2440 1402 2462 ubi
1420 2441 1449 2463 de
1466 2441 1640 2464 deordinatione
1658 2442 1709 2464 mali
1728 2442 1748 2464 in
1766 2445 1825 2465 textu
1849 2443 1893 2465 lide

1052 2478 1119 2500 codd.
1137 2479 1154 2500 Α
1165 2477 1207 2501 BC
1224 2479 1359 2506 posuimus:
1374 2479 1462 2508 patebit
1478 2479 1540 2508 sorte
1552 2480 1659 2509 inferius.
1675 2493 1706 2497 —
1723 2481 1771 2508 ipsa
1789 2481 1891 2504 doctrina

1052 2520 1074 2539 et
1090 2517 1197 2540 orationis
1215 2519 1287 2541 forma
1304 2521 1338 2541 est
1354 2519 1447 2541 omniuo
1465 2519 1670 2542 Bonaventuriana.

1113 2554 1123 2567 ⁹
1140 2556 1172 2578 De
1188 2556 1279 2579 duabus
1304 2557 1420 2585 prioribus
1445 2557 1619 2586 quaestionibus
1640 2560 1679 2581 cfr.
1702 2560 1717 2581 Ι.
1738 2560 1798 2582 Sent.
1815 2560 1837 2581 d.
1856 2560 1892 2582 46.

1052 2601 1075 2623 q.
1092 2595 1144 2622 2·;6
1160 2595 1185 2617 ll.
1203 2596 1264 2617 Seut.
1281 2595 1304 2618 d.
1321 2595 1359 2618 34.
1375 2599 1397 2618 et
1414 2596 1451 2619 35
1468 2603 1490 2618 a.
1507 2597 1664 2626 1-1,Brevitoq.
1681 2604 1704 2625 p.
1721 2598 1752 2620 ΠΙ.
1770 2604 1790 2620 c.
1808 2599 1829 2620 l.

1114 2632 1133 2645 ¹⁰
1150 2634 1265 2656 Enchirid.
1286 2635 1315 2657 ad
1341 2636 1447 2657 laurent.
1472 2641 1492 2657 (Γ.
1521 2636 1555 2658 ll.
1580 2643 1602 2658 n.
1627 2637 1648 2658 3.
1665 2643 1745 2666 seqq.,
1763 2637 1791 2659 de
1809 2638 1890 2660 Natini

1052 2671 1105 2693 boni
1121 2674 1199 2694 contra
1212 2673 1305 2695 Manich.
1323 2680 1342 2695 c
1361 2673 1381 2695 4.

1111 2709 1132 2722 '¹¹
1150 2710 1195 2733 cfr.
1207 2712 1230 2733 ll.
1239 2713 1303 2734 Seni.
1315 2713 1338 2734 d.
1352 2713 1372 2734 t.
1384 2719 1407 2740 p.
1419 2713 1434 2735 1.
1446 2714 1538 2741 a.2.q,
1554 2714 1573 2735 t.

1113 2748 1132 2761 ¹⁹
1149 2750 1193 2772 cfr.
1207 2751 1287 2773 itiner.
1310 2752 1392 2774 mentis
1414 2752 1436 2774 in
1459 2753 1545 2780 Deum,
1567 2759 1587 2775 c,
1605 2754 1634 2780 6;
1652 2756 1673 2775 et
1690 2760 1759 2781 supra
1778 2760 1831 2781 pag.
1848 2754 1889 2781 60,

1051 2791 1103 2810 nota
1120 2789 1142 2810 7.

1113 2825 1132 2839 ¹⁸
1148 2827 1193 2850 Csr.
1209 2834 1279 2856 supra
1296 2835 1351 2857 pag.
1367 2830 1425 2856 215,
1443 2833 1494 2852 nota
1513 2831 1533 2858 ·1,
1551 2833 1572 2852 et
1592 2831 1659 2853 etiam
1677 2831 1753 2859 quoad
1776 2830 1886 2853 vm'lule‘m

1051 2868 1105 2888 tom.
1123 2866 1137 2888 1.
1154 2872 1208 2894 pag.
1226 2866 1282 2894 405,
1299 2870 1353 2890 nota
1369 2869 1409 2897 10;
1422 2869 1498 2897 quoad
1510 2875 1593 2893 verum
1606 2870 1620 2892 1.
1633 2871 1693 2892 Sent.
1706 2870 1728 2892 d.
1740 2870 1761 2892 8.
1773 2876 1794 2897 p.
1808 2870 1821 2891 1.
1834 2875 1853 2891 a.
1868 2870 1886 2891 l.

1050 2911 1073 2933 q.
1091 2905 1112 2926 i.
1129 2905 1192 2933 Quae
1204 2909 1330 2934 sequuntur
1347 2908 1478 2930 reseruntur
1495 2908 1609 2937 Breviloqi
1627 2915 1649 2936 p.
1667 2909 1690 2931 ΙΙ,
1710 2915 1729 2931 c.
1751 2910 1767 2930 l.
1785 2912 1806 2930 et
1822 2908 1888 2936 expli-

1051 2946 1130 2966 cantur
1147 2945 1171 2966 ΙΙ.
1189 2944 1249 2966 Sent.
1266 2945 1289 2967 d.
1306 2946 1343 2968 35.
1360 2953 1381 2969 a.
1399 2948 1419 2969 2.
1437 2954 1460 2976 q.
1480 2948 1498 2968 1.
