2285 3398
226 374 254 393 De
268 374 337 400 duplici

234 400 324 421 potentia.

203 892 275 916 Duplex
294 897 332 910 ino-

214 915 250 934 dus
263 916 331 934 iutelli-

214 939 276 963 gandi.

210 1547 324 1568 Notandum.

209 2065 326 2085 Notandum.

354 148 391 177 42

434 230 476 258 1ls.
499 231 535 259 Ad
558 231 624 259 illud
645 230 719 267 quod
733 230 879 264 obiicitur,
894 232 968 268 quod
987 232 1078 261 anima
1098 233 1209 262 Christi

351 277 558 315 comprehendit
578 285 673 305 omnes
694 277 765 305 entis
785 277 969 312 differentias,
995 281 1022 307 et
1049 279 1124 316 quod
1152 288 1201 315 po-

352 325 435 354 tentia
455 324 602 353 cuiuslibet
629 324 728 361 speciei
750 332 779 353 se
801 325 926 354 extendit
947 325 980 354 ad
1002 326 1109 354 infinita
1130 326 1199 355 indi-

352 372 450 405 vidua;
472 371 634 406 dicendum,
649 371 723 408 quod
744 371 892 409 dupliciter
913 376 954 401 est
976 373 1129 410 intelligere
1150 381 1199 410 po-

351 420 462 449 tentiam
483 419 517 447 ad
538 418 660 453 infinita,
682 418 786 448 scilieet
800 420 950 456 potentiam
965 420 1095 449 activam
1108 423 1135 449 et
1151 429 1198 457 po-

349 466 461 495 tentiam
479 466 642 503 passivam.
666 466 787 495 Potentia
806 459 907 495 activas
917 467 952 495 ad
967 467 1074 495 infinita
1088 476 1142 495 non
1157 470 1199 496 est

348 513 399 541 nisi
420 513 448 541 in
469 513 603 542 creatrice
624 513 758 548 essentia,
784 521 856 550 quae
877 517 918 543 est
939 517 1003 543 actu
1025 514 1140 542 infinita.
1171 514 1196 542 Si

345 563 437 589 autem
458 563 578 597 ponatur
600 561 627 589 in
649 563 778 589 creatura
792 561 915 597 potentia
929 564 1058 598 respectu
1078 561 1197 589 infinito-

345 615 421 642 rum,
437 610 478 637 est
492 607 615 644 potentia
630 608 754 645 passiva,
770 610 893 641 tantum,
909 616 980 645 quae
996 608 1136 636 radicatur
1151 616 1198 636 su-

344 663 394 691 per
421 655 547 689 finitum,
576 655 659 683 habet
685 658 777 684 tamen
806 658 964 692 respectum
992 655 1026 683 ad
1058 655 1197 683 infinitum

344 702 511 739 principium
532 703 670 737 activum,
693 702 845 731 secundum
868 702 935 731 illud
957 702 1031 739 quod
1052 702 1154 731 dicitur
1170 703 1197 730 in

344 748 427 777 Libro
447 749 481 778 de
502 749 617 778 Causis¹
633 761 638 777 ;
660 761 671 774 «
687 749 789 778 Omnes
805 749 922 778 virtutes
937 750 1060 779 infinitae
1076 750 1197 786 penden—

344 798 385 824 tes
405 798 471 825 sunt
490 804 541 833 per
563 805 649 825 unum
677 796 817 825 infinitum
845 796 1029 833 principium,
1059 797 1133 834 quod
1154 800 1196 826 est

344 843 435 872 virtus
448 843 585 872 virtutum
601 856 627 872 ».
643 844 801 872 Secundum
816 844 869 872 hoc
886 844 1034 880 dupliciter
1049 847 1139 881 potest
1154 844 1195 872 in-

344 890 441 928 telligi,
463 891 588 927 cognosci
605 891 661 919 sive
675 891 872 927 comprehendi
896 891 1018 927 potentia
1039 891 1145 920 infinita
1167 891 1194 919 in

343 940 489 966 creatura:
513 938 556 967 vel
577 941 713 975 quantum
728 938 762 966 ad
776 938 816 971 id,
835 947 930 975 ,supra
945 938 1022 976 quod
1035 939 1194 967 radicatur

344 985 372 1013 in
393 988 540 1019 creatura;
562 988 589 1013 et
610 985 676 1022 quia
696 985 764 1014 iilud
785 988 826 1014 est
848 989 911 1014 actu
934 986 1058 1020 linitum,
1078 986 1138 1014 ideo
1153 989 1194 1014 est

345 1031 612 1069 comprehensibile;
642 1032 685 1060 vel
706 1035 842 1069 quantum
864 1032 898 1060 ad
916 1033 1102 1070 principium
1123 1034 1194 1061 aeti-

343 1087 413 1107 mom
433 1082 530 1113 extra,
552 1079 627 1116 quod
648 1083 690 1108 est
717 1082 781 1108 actu
810 1080 957 1108 infinitum.
988 1080 1092 1108 Primo
1113 1080 1194 1109 modo

341 1126 432 1155 anima
452 1126 553 1155 Christi
576 1126 785 1163 comprehendit
806 1135 901 1155 omnes
922 1127 993 1156 entis
1007 1127 1193 1161 differentias,

343 1178 397 1203 tam
419 1174 446 1202 in
467 1174 617 1211 generibus
638 1176 766 1210 respectu
788 1174 960 1211 specierum,
983 1183 1067 1212 quam
1089 1175 1115 1203 in
1132 1183 1193 1211 spe-

342 1221 437 1250 ciebus
458 1224 587 1258 respectu
608 1220 834 1254 iiidividuor11n1;
855 1222 981 1250 seeundo
996 1222 1093 1256 modo,
1108 1226 1193 1259 prout

342 1270 463 1299 refertur
490 1270 524 1298 ad
551 1269 668 1298 activam
696 1268 845 1304 potentiam
874 1268 1024 1303 infinitam,
1053 1270 1192 1306 cognoscit

342 1318 454 1354 utique,
475 1325 530 1345 non
552 1320 643 1344 tamen
665 1323 714 1352 per
736 1316 849 1344 modum
872 1316 1035 1353 cognitionis
1063 1325 1191 1354 compre-

341 1364 491 1398 heminae,
520 1363 567 1393 sed
595 1363 771 1396 excessivae,
801 1363 872 1391 sicut
899 1371 984 1399 supra
1005 1367 1190 1393 monstratum

340 1414 390 1441 est.
413 1412 445 1440 Et
465 1420 514 1449 per
536 1411 588 1439 hoc
608 1413 683 1447 patet
704 1410 854 1446 responsio.
933 1436 936 1439 ,

421 1459 465 1487 15.
491 1459 533 1487 16.
556 1457 594 1486 Ad
619 1457 687 1485 illud
715 1456 789 1493 quod
808 1456 946 1485 obiicitur
974 1457 1008 1485 de
1036 1461 1138 1494 puncto
1163 1462 1190 1487 et

339 1507 373 1535 de
394 1505 504 1535 amabili
526 1508 553 1534 et
575 1504 682 1538 scibili,
703 1503 866 1537 dicendum,
888 1503 985 1540 qu0d2
1007 1512 1105 1532 verum
1133 1508 1189 1539 est,

338 1554 413 1591 quod
427 1552 636 1589 comprehendit
656 1559 737 1580 omne
755 1550 872 1579 amabile
887 1553 914 1579 et
928 1551 1023 1580 scibile
1037 1552 1189 1580 secundum

338 1610 413 1635 esse,
435 1600 510 1637 quod
537 1599 620 1627 habet
641 1599 668 1626 in
690 1598 805 1635 propria
825 1601 943 1632 natura;
966 1598 1119 1627 secundum
1141 1607 1190 1627 au-

338 1651 393 1677 tem
414 1653 492 1680 esse,
510 1645 584 1683 quod
606 1645 689 1674 habet
716 1645 743 1673 in
772 1653 856 1673 causa
882 1645 973 1682 prima
1000 1644 1122 1680 infinita,
1151 1645 1190 1674 sic

339 1695 441 1723 dicitur
463 1693 557 1722 scibile
578 1695 605 1721 et
626 1692 874 1729 comprehensibile
894 1692 943 1721 soli
965 1692 1104 1729 potentiae
1128 1693 1189 1721 infi—

339 1742 427 1775 nitae;
448 1740 529 1777 quia,
551 1739 614 1768 licet
635 1736 788 1768 secundum
808 1740 929 1768 modum
943 1740 1070 1768 videatur
1084 1740 1189 1777 aliquid

339 1791 463 1817 creat-um
484 1787 591 1821 dicere,
613 1790 705 1815 tamen
726 1786 878 1814 secundum
899 1795 959 1814 rem
974 1787 1042 1815 nihil
1057 1786 1124 1816 dicit
1137 1788 1187 1816 nisi

338 1836 488 1873 potentiam
509 1834 668 1868 efficientis,
691 1841 777 1870 quae,
800 1841 863 1861 cum
885 1833 920 1861 sit
941 1833 1062 1868 infinita,
1082 1842 1098 1862 a
1112 1835 1189 1863 nullo

339 1883 416 1912 finito
437 1884 527 1919 potest
549 1880 753 1917 comprehendi.

420 1931 463 1957 17.
487 1928 524 1957 Ad
544 1928 612 1956 illud
633 1927 707 1964 quod
728 1927 870 1961 obiicitur,
892 1927 966 1964 quod
981 1927 1072 1955 anima
1086 1927 1187 1956 Christi

339 1980 381 2005 est
401 1976 512 2005 omnino
540 1975 676 2012 perfecta,
698 1977 725 2003 et
746 1974 819 2011 quod
841 1974 908 2002 nihil
932 1978 1064 2003 remansa
1084 1975 1111 2003 in
1140 1984 1188 2012 po-

338 2024 438 2057 tentia,
460 2022 533 2060 quod
548 2030 602 2050 non
624 2022 659 2050 sit
674 2021 819 2051 reductum
841 2022 875 2050 ad
893 2025 1001 2055 actum;
1023 2022 1187 2055 dicendum,
1210 2041 1211 2044 ,

338 2070 411 2107 quod
433 2078 530 2098 verum
552 2072 593 2097 est
613 2068 646 2097 de
668 2068 804 2105 potentia,
826 2076 897 2104 quae
917 2072 959 2097 est
980 2069 1139 2097 reducibilis
1153 2069 1187 2097 ad

338 2120 430 2146 actum
452 2116 578 2150 omnin03
601 2115 722 2152 potentia
742 2118 835 2143 autem
856 2112 889 2143 ad
911 2115 1018 2144 infinita
1043 2124 1187 2153 nunquam

337 2164 371 2193 ad
391 2167 483 2192 actum
509 2162 603 2191 reduci
631 2165 720 2198 potest
741 2162 894 2190 secundum
922 2165 1010 2190 totum
1026 2162 1036 2178 ³
1065 2163 1116 2191 nisi
1145 2171 1186 2191 se-

337 2210 459 2240 cundum
487 2212 602 2247 partem.
630 2208 706 2237 Unde
733 2208 900 2244 impossibile
925 2212 982 2242 est,
1011 2209 1086 2246 quod
1112 2210 1186 2238 Deus

337 2256 529 2294 faciat,·quod
543 2256 705 2284 continuum
727 2255 762 2284 sit
776 2255 887 2283 omnino
904 2255 1023 2284 divisum
1038 2256 1066 2284 in
1081 2257 1185 2291 omnia,

337 2305 364 2334 in
385 2312 456 2342 quae
478 2306 566 2341 potest
580 2303 679 2336 dividi;
702 2303 754 2331 hoc
775 2302 848 2331 enim
867 2305 1003 2339 repugnat
1024 2303 1184 2339 perfectioni

336 2351 473 2396 potentiae
503 2351 590 2388 ipsius
620 2349 725 2387 agentis
756 2352 783 2378 et
814 2349 988 2386 completioni
1020 2353 1185 2384 creaturae,

336 2407 407 2436 quae
428 2401 492 2427 nata
511 2401 552 2427 est
573 2405 633 2426 esse
654 2397 681 2425 in
703 2397 845 2430 finitate43
868 2399 895 2425 et
916 2396 977 2424 talis
998 2399 1039 2425 est
1064 2397 1184 2433 potentia

336 2446 491 2475 intellectus
512 2445 657 2482 possibilis.

418 2493 460 2521 18.
484 2492 521 2520 Ad
542 2491 610 2520 illud
638 2499 704 2520 vero
725 2491 800 2528 quod
820 2490 965 2525 obiicitur,
987 2490 1085 2527 quodsi
1107 2491 1185 2519 intel-

337 2539 424 2567 lectus
444 2546 527 2576 agens
548 2541 620 2567 esset
633 2538 661 2566 in
683 2541 747 2566 actu
761 2540 890 2575 respectu
910 2538 1047 2572 omnium,
1065 2537 1099 2566 ad
1114 2546 1185 2574 quae

336 2585 473 2622 possibilis
493 2588 534 2614 est
554 2585 581 2613 in
603 2585 739 2622 potentia,
761 2584 835 2621 quod
856 2587 922 2613 tunc
940 2584 1031 2613 anima
1051 2584 1185 2621 intellige-

337 2635 380 2660 ret
401 2632 507 2660 infinita
537 2635 604 2665 ete.;
636 2631 799 2666 dicendum,
830 2631 904 2669 quod
936 2634 1053 2661 nonest
1080 2631 1182 2661 simile:

400 2835 407 2848 ¹
426 2837 519 2864 Propos.
541 2837 577 2858 16:
596 2836 680 2858 Omnes
698 2838 804 2864 *virtute-s,
826 2838 911 2866 quibus
930 2844 973 2860 non
992 2842 1026 2860 est
1048 2838 1109 2865 linis,
1127 2844 1180 2866 pen-

337 2875 417 2897 dentes
434 2876 487 2896 sunt
503 2880 544 2902 per
562 2874 674 2897 infinitum
692 2876 804 2903 primum,
823 2876 886 2904 qnod
898 2879 932 2898 est
948 2878 991 2898 otc.

399 2912 407 2925 ²
425 2913 546 2935 Posuimus
563 2919 615 2935 rum
633 2914 648 2935 F
666 2913 799 2941 dice-ndum,
820 2914 894 2943 quod,
913 2921 955 2942 pro
973 2921 1020 2944 quo
1037 2915 1073 2937 alii
1091 2917 1179 2937 tantum

337 2953 400 2982 quia,
412 2956 434 2975 et
445 2953 538 2975 inferius
551 2960 603 2975 eum
616 2954 698 2975 eodem
708 2954 788 2983 primu
802 2953 892 2984 infinita
905 2960 947 2982 pro
957 2954 1062 2983 potentia
1079 2954 1179 2983 infinita.

1008 154 1234 190 QUAESTIONES
1256 158 1457 188 DISPUTATAE

1258 236 1338 272 quia,
1360 237 1383 266 si
1405 237 1560 268 intellectus
1581 248 1665 276 agens
1686 245 1757 270 esset
1779 247 1842 271 actu
1865 247 1992 280 respectu
2019 246 2109 274 intini-

1258 285 1366 318 torum,
1392 285 1544 314 secundum
1574 287 1648 323 quod
1676 291 1717 316 est
1742 290 1864 324 potentia
1891 291 2013 326 animae;
2043 296 2108 322 tunc
2124 300 2237 321 Notandum.

1255 329 1347 358 anima
1368 332 1482 368 propria
1503 340 1553 361 sua
1574 333 1678 362 virtute
1700 342 1728 363 se
1749 336 1912 365 extenderet
1937 338 1970 366 ad
1992 338 2108 368 infinita.

1256 375 1314 403 Non
1336 377 1374 405 sic
1395 380 1488 407 autem
1510 383 1551 408 est
1576 380 1603 408 in
1626 381 1717 409 anima
1745 382 1822 410 unita
1844 384 1992 420 sapientiae
2019 389 2108 414 aeter-

1256 429 1325 450 nae:
1348 424 1414 460 quia
1435 426 1568 462 sapientia
1590 427 1650 461 illa,
1666 428 1716 457 etsi
1739 436 1768 457 se
1789 430 1920 459 extendat
1934 431 1967 459 ad
1989 432 2108 467 infinita,

1256 476 1310 497 non
1331 473 1372 498 est
1400 471 1505 508 aliquid
1526 473 1614 509 ipsius
1635 475 1758 509 animae,
1787 476 1834 505 sed
1863 484 1948 514 supra
1972 479 2108 513 animam;

1256 518 1283 543 et
1304 515 1365 545 ideo
1386 526 1440 546 non
1455 522 1564 555 oportet
1586 525 1700 558 propter
1723 523 1788 557 hoc,
1810 523 1884 560 quod
1906 529 2042 562 competat
2057 526 2107 563 ipsi

1254 563 1361 592 animae
1376 565 1446 593 scire
1467 566 1581 596 infinita.
1599 569 1773 603 Praeterea,
1786 571 1933 607 possibilis
1953 572 2108 602 intellectus

1254 612 1295 637 est
1316 611 1530 647 proportionalis
1550 616 1664 651 ayenlz',
1691 624 1746 644 non
1759 609 1806 645 'sic
1833 617 1966 654 sapientia
1987 619 2107 648 increata

1256 655 1305 692 ipsi
1328 656 1435 686 animae
1456 658 1625 697 intelligenti.

1337 705 1379 732 19.
1403 706 1448 745 ⁹2¹0.
1472 707 1517 734 21.
1540 707 1578 735 Ad
1598 708 1667 741 illud
1692 711 1766 747 quod
1795 712 1925 740 obiicitur
1956 712 1989 741 de
2017 713 2108 742 anima

1254 749 1372 784 Christi,
1402 755 1499 781 utrum
1530 755 1616 790 possit
1636 757 1739 794 aliquid
1771 759 1928 793 addiscere,
1961 763 1988 788 et
2010 763 2106 789 utrum

1253 802 1399 834 cognoscat
1420 799 1513 836 aliqua
1534 808 1631 830 eorum
1652 812 1723 840 quae
1744 805 1818 834 Deus
1839 806 1965 835 facturus
1990 816 2043 835 non
2066 810 2107 836 est

1252 848 1279 872 et
1301 844 1392 874 facere
1413 849 1519 883 potest,
1542 850 1569 876 et
1590 852 1685 878 utrum
1707 856 1853 888 cognoscat
1878 853 1956 882 finita
1977 857 2104 888 tantum,

1252 892 1294 920 vel
1315 892 1398 921 etiam
1420 893 1543 928 infinita;
1566 898 1640 931 patet
1661 890 1802 934 responsio
1831 907 1880 936 per
1901 900 2104 929 distinctionem

1251 939 1382 975 superius
1403 940 1541 968 habitam:
1564 942 1645 979 quia,
1667 951 1731 972 cuin
1745 945 1836 973 anima
1857 946 1956 975 Christi
1973 947 2104 984 cognitio-

1251 994 1314 1015 nem
1329 986 1599 1025 eomprelzeiwivam
1610 989 1711 1018 habeat
1725 995 1853 1028 respectu
1867 994 2004 1027 omnium,
2020 1002 2104 1031 quae-

1252 1041 1372 1071 cumque
1398 1035 1425 1063 in
1452 1035 1583 1065 universo
1609 1036 1695 1071 fiunt,
1721 1041 1748 1066 et
1773 1040 1950 1068 concessivam
1976 1045 2104 1078 respectu

1250 1081 1389 1116 omnium,
1412 1090 1483 1119 quae
1504 1082 1531 1111 in
1554 1083 1647 1112 divina
1667 1087 1727 1113 arte
1748 1086 1934 1121 continentur,
1956 1091 1983 1116 et
2010 1097 2103 1116 emes>

1250 1135 1302 1154 sas
1323 1127 1367 1156 ille
1389 1128 1424 1156 sit
1445 1129 1471 1157 in
1494 1130 1628 1159 totalitate
1657 1131 1769 1160 virtutis
1790 1134 1994 1169 cognoscentis,
2020 1138 2047 1163 et
2075 1135 2102 1163 in

1250 1181 1359 1202 summa
1379 1174 1563 1210 familiaritate
1585 1181 1713 1214 respectu
1728 1179 1832 1216 speculi
1855 1182 2100 1217 repraesentantis;

1249 1221 1395 1257 oportet⁵‚
1417 1222 1491 1258 quod
1512 1223 1603 1252 anima
1623 1224 1723 1253 Christi
1753 1226 1802 1254 etsi
1831 1235 1885 1255 non
1910 1228 2001 1256 omnia
2026 1237 2102 1256 eom-

1246 1267 1423 1304 prehendat,
1446 1277 1517 1305 quae.
1538 1269 1630 1299 divina
1652 1272 1784 1308 sapientia
1799 1275 2020 1310 comprehendit,
2036 1276 2102 1312 quia

1249 1318 1339 1343 tamen
1362 1315 1389 1343 in
1411 1316 1501 1344 omnia
1524 1316 1569 1344 illa
1591 1318 1715 1352 excedit,
1738 1319 1798 1348 ideo
1821 1323 1895 1350 totus
1910 1321 1970 1350 eius
1991 1323 2100 1359 appeti·-

1248 1365 1295 1389 tus·
1315 1365 1357 1391 est
1378 1363 1558 1398 terminatus;
1582 1368 1628 1398 ut,
1651 1365 1722 1393 sicut
1738 1366 1805 1394 nihil
1827 1367 1901 1395 ultra
1921 1368 1999 1398 adiici
2016 1370 2101 1406 possit

1247 1408 1307 1437 eius
1326 1409 1459 1446 yracz'ae,
1482 1410 1520 1438 sic
1549 1410 1617 1439 nihil
1646 1411 1720 1440 ultra
1741 1412 1824 1443 adiici
1853 1414 1938 1449 possit
1966 1415 2025 1444 eius
2052 1425 2100 1444 ,ςα-

1243 1456 1386 1493 pientiae,
1408 1457 1472 1494 quia
1496 1460 1603 1486 tantum
1625 1458 1720 1487 datum
1747 1462 1787 1487 est
1809 1460 1849 1491 ei.
1872 1464 2007 1497 quantum
2036 1470 2099 1491 con-

1247 1503 1305 1531 cedi
1328 1506 1417 1539 potest
1438 1505 1518 1533 alicui
1542 1508 1695 1534 creaturae.

1326 1550 1366 1577 Ex
1390 1550 1432 1578 his
1454 1551 1538 1587 igitur
1566 1560 1637 1589 quae
1659 1552 1731 1581 dicta
1759 1556 1824 1581 sunt
1846 1557 1872 1582 et
1901 1555 2099 1590 praeiletermi-
2141 1566 2229 1609 apiioffius

1246 1598 1311 1623 nata
1324 1595 1357 1624 de
1379 1596 1511 1632 sapientia
1525 1598 1625 1627 Christi
1648 1602 1675 1627 et
1696 1604 1831 1636 quantum
1847 1600 1881 1628 ad
1902 1601 2035 1630 cavinam
2050 1595 2230 1641 na-i'ltilisstaffi

1248 1645 1340 1671 turam
1366 1646 1392 1671 et
1419 1646 1555 1680 quantum
1583 1645 1616 1673 ad
1637 1645 1817 1681 humanam,
1847 1655 1982 1684 apparere
2010 1652 2099 1685 potest
2124 1639 2218 1679 wlffino-

1246 1689 1345 1718 modus
1366 1691 1546 1727 cognoscendi
1562 1694 1617 1719 tam
1638 1692 1666 1720 in
1681 1694 1835 1729 cognitione
1856 1694 1994 1724 Creatoris
2015 1704 2098 1732 quam

1246 1737 1272 1764 in
1295 1737 1450 1774 cognitione
1471 1741 1626 1772 creaturae,
1645 1747 1698 1767 non
1718 1741 1807 1768 solum
1822 1741 1849 1769 in
1872 1744 1946 1771 statu
1964 1744 2096 1779 patriae,

1248 1792 1346 1814 verum
1368 1785 1448 1813 etiam
1471 1784 1498 1813 in
1521 1788 1594 1814 statu
1614 1786 1684 1814 viae.
1708 1787 1740 1815 Ut
1755 1787 1827 1815 enim
1849 1788 1883 1816 sit
1898 1789 1931 1817 ad
1953 1798 2040 1818 unum
2057 1790 2097 1818 di-

1246 1838 1324 1865 cere,
1346 1831 1487 1860 fatendum
1509 1835 1565 1866 est,
1588 1833 1676 1862 Deum
1698 1833 1769 1862 scire
1791 1834 1911 1869 infinita,
1941 1836 2026 1869 scire,
2056 1837 2096 1865 in-

1246 1885 1342 1913 quam,
1365 1886 1394 1907 se
1416 1878 1490 1915 ipso,
1512 1888 1567 1907 non
1588 1880 1782 1914 siniilitudine3
1805 1884 1832 1909 et
1851 1881 2028 1912 similitudine
2043 1892 2096 1912 non

1245 1928 1372 1962 accepta,
1398 1925 1445 1954 sed
1472 1926 1532 1963 ipsa
1559 1927 1675 1956 veritate
1703 1928 1877 1964 exprimente
1905 1932 1932 1957 et
1956 1931 2096 1968 exempla-

1245 1971 1301 2000 tiva
1328 1980 1423 2001 rerum
1449 1973 1660 2009 universarum,
1690 1978 1817 2011 respectu
1846 1984 1966 2012 quarum
1994 1978 2096 2006 multae

1244 2019 1376 2048 dicuntur
1402 2020 1594 2049 similitmlines
1622 2025 1648 2050 et
1670 2022 1878 2059 expressiones,
1907 2031 1960 2051 non
1983 2028 2095 2060 propter

1244 2066 1448 2096 multitudinem
1470 2071 1497 2096 et
1518 2068 1719 2097 distinctionem
1735 2069 1887 2097 secundum
1910 2077 1938 2098 se
1950 2070 1970 2103 ⁶,
1993 2070 2039 2098 sed
2054 2079 2095 2099 se-

1224 2113 1365 2142 run-ium
1387 2114 1553 2151 intelligendi
1576 2115 1726 2149 rationem;
1750 2116 1800 2144 hae
1821 2119 1913 2144 autem
1940 2116 2095 2145 similitudi-

1243 2167 1292 2188 nes
1306 2161 1363 2189 sive
1384 2162 1504 2190 rationes
1518 2164 1646 2191 aeternae
1661 2167 1738 2197 sunt,
1753 2171 1769 2191 a
1783 2163 1885 2199 quibus
1900 2166 1992 2191 manat
2007 2164 2095 2192 omnis

1243 2207 1380 2236 certitudo
1408 2208 1571 2244 cognitionis
1599 2212 1720 2243 creatae,
1749 2212 1803 2237 tam
1826 2209 1852 2237 in
1880 2210 1971 2238 anima
1992 2210 2093 2239 Christi

1236 2248 1325 2290 ‘quam
1348 2254 1374 2282 in
1396 2255 1455 2283 aliis
1476 2255 1620 2291 spiritibus
1634 2256 1748 2290 creatis3
1771 2263 1820 2284 nee
1841 2256 2009 2292 ipsaesolae
2029 2260 2093 2285 sunt

1242 2300 1362 2329 rationes
1382 2302 1578 2338 cognoscendi,
1600 2302 1647 2331 sed
1669 2311 1731 2331 cum
1754 2303 1797 2331 his
1824 2303 1906 2331 etiam
1937 2304 2092 2333 similitudi-

1242 2355 1290 2375 nes
1311 2351 1437 2384 acceptae
1458 2349 1493 2376 ab
1514 2352 1610 2383 extra;
1633 2350 1784 2379 secundum
1805 2353 1907 2378 statum
1929 2351 1988 2380 viae
2009 2354 2036 2380 et
2051 2359 2092 2380 se-

1241 2394 1363 2423 cundum
1392 2398 1494 2424 statum
1522 2396 1627 2432 patriae
1648 2405 1702 2425 non
1727 2397 1816 2425 solum
1845 2397 1999 2433 requiritur
2023 2398 2091 2426 lucis

1241 2444 1369 2470 aeternae
1385 2443 1553 2477 praesentia,
1576 2443 1623 2471 sed
1637 2443 1718 2472 etiam
1741 2443 1809 2472 lucis
1823 2446 1951 2471 aeternae
1973 2443 2090 2472 inssuen-

1242 2489 1294 2522 tia,
1315 2496 1369 2517 non
1392 2491 1498 2518 tantum
1522 2490 1643 2519 Verbum
1665 2491 1834 2524 increatum,
1856 2489 1903 2518 sed
1924 2490 2006 2518 etiam
2025 2498 2089 2529 &yer-

1241 2536 1308 2564 bum
1329 2536 1446 2565 interius
1460 2541 1639 2574 conceptum,
1662 2537 1737 2575 quod
1757 2545 1820 2574 cum
1836 2537 1870 2565 sit
1891 2536 2016 2571 finitum,
2040 2545 2089 2566 nec

1240 2583 1332 2612 anima
1352 2583 1452 2612 Christi
1468 2591 1518 2612 nee
1538 2585 1631 2621 aliqua
1645 2584 1698 2613 alia
1718 2584 1809 2612 anima
1822 2586 1912 2620 potest
1932 2591 1992 2612 esse
2013 2592 2088 2612 com-

1237 2629 1411 2669 prehensiva
1434 2631 1514 2659 Verbi
1536 2632 1639 2660 aeterni
1669 2639 1719 2660 nec
1741 2630 1875 2659 scibilium
1902 2630 2086 2665 infinitorum,

1300 2835 1309 2849 ³
1327 2837 1422 2859 Videtur
1440 2838 1551 2859 vxeidisse
1567 2836 1608 2860 sed
1624 2843 1673 2860 nonv
1690 2840 1741 2865 post
1758 2837 1842 2859 tolum.

1300 2874 1309 2888 ⁴
1327 2875 1386 2897 Vide
1403 2876 1418 2897 l.
1437 2876 1498 2897 Seni.
1516 2876 1538 2898 d.
1557 2876 1593 2898 43.
1611 2882 1634 2904 q.
1653 2876 1673 2898 3.
1691 2876 1720 2898 ad
1738 2876 1759 2897 6.

1300 2913 1309 2927 ⁵
1326 2915 1356 2937 lta
1373 2915 1396 2941 F,
1415 2914 1436 2936 in
1455 2915 1503 2936 aliis
1521 2915 1632 2937 omittitur
1649 2916 1746 2944 oportet.

1299 2952 1309 2965 ⁰
1325 2953 1369 2976 DF
1385 2953 1515 2976 seeundum
1532 2960 1591 2976 rem.
