2285 3398
592 208 635 235 DE
656 207 878 236 PERFECTlONE
903 206 1102 236 EVANGELlCA
1124 206 1258 242 QUAEST.
1283 207 1309 234 ll.
1333 207 1403 235 ΛΒΤ,
1428 207 1454 234 ll.
1838 206 1893 235 1:37

151 286 228 320 ritu,
254 294 382 324 quorum
409 289 448 314 est
470 294 593 323 reynum
621 286 786 315 caelorum.-
807 294 873 323 ergo
900 294 997 314 sccun-

151 333 218 362 dum
233 333 357 361 divinum
372 333 516 361 consilium
531 336 586 367 est,
601 332 674 370 quod
689 333 876 368 eleemosynae
898 331 999 360 talibus

153 380 322 416 pauperibus
343 380 445 408 dentur
465 382 492 407 et
513 380 588 416 quod
608 379 643 407 ab
663 379 702 407 eis
730 378 924 419 suscipiantur.
947 376 997 405 Sed

152 425 225 461 quod
246 426 339 453 divino
360 425 473 453 consilio
494 428 625 453 consonat
646 424 805 461 perfectioni
826 424 997 460 evangelicae

152 479 206 499 non
229 474 380 507 repugnat:
402 479 468 508 ergo
488 474 539 499 etc.

231 519 256 545 7.
273 518 355 551 Item,
372 518 552 553 {lieronymus
566 517 699 545 adversus
715 517 890 553 Vigilantium
904 517 926 549 ¹,
943 519 998 544 tra-

152 567 229 592 ctans
250 564 432 600 praemissum
456 564 588 597 verbum,
609 564 689 592 dicit:
717 575 730 588 «
745 564 814 591 Num
838 563 879 591 isti
897 560 998 599 paupe-

152 618 212 644 res,
234 611 305 638 inter
335 619 454 647 quorum
477 610 572 639 sordes
599 613 626 639 et
655 610 775 639 illuviem
804 610 928 646 corporis
950 609 998 637 ssa'-

151 665 235 693 graus
257 657 339 685 libido
359 657 528 691 dominatur,
554 660 668 693 possunt
697 657 798 685 habere
826 660 938 685 aeterna
960 660 998 684 ta-

153 703 317 737 bernacula,
339 703 385 739 qui
409 711 458 731 nec
480 704 634 740 praesentia
655 703 794 740 possident
813 711 863 731 nec
885 703 998 731 sutura?

152 750 209 779 Non
231 750 303 778 enim
325 750 486 787 simpliciter
509 758 656 787 pauperes,
679 750 725 779 sed
748 758 883 787 pauperes
898 750 998 786 spiritu

152 797 223 825 beati
245 797 435 833 appellantur,
457 797 490 825 de
518 797 620 834 quihus
641 797 775 833 scriptum
803 800 859 825 cst:
892 797 998 825 Beatus

151 843 203 881 qui
224 844 354 881 intelligit
382 853 470 881 super
498 853 617 882 cycnum
638 848 663 872 et
688 852 865 881 pauperem,
894 844 925 871 in
953 844 998 871 dic

150 890 232 918 mala
254 890 386 919 liberabit
406 899 470 919 eum
499 890 648 919 Dominus.
673 891 698 918 ln
727 890 800 927 vulgi
829 889 998 926 pauperibus

151 938 337 966 sustentandis
365 946 540 975 nequaquam
567 938 723 971 intellectu,
752 937 799 965 sed
826 937 999 971 eleemosyna

150 992 221 1020 opus
242 988 297 1019 est;
321 985 347 1012 in
370 985 470 1013 sanctis
492 984 661 1021 pauperibus
683 981 822 1012 beatitudo
836 986 877 1011 est
899 982 998 1010 intelli-

150 1032 270 1068 gentiae,
292 1035 321 1059 ut
335 1032 359 1060 ei
376 1032 494 1065 tribuas,
510 1031 557 1068 qui
572 1031 711 1059 erubescit
731 1030 868 1066 accipere,
890 1032 916 1057 ct
930 1029 997 1057 dum

150 1079 300 1115 acceperit,
321 1078 407 1112 dolet,
429 1082 534 1107 metens
556 1078 676 1106 carnalia
704 1080 730 1105 et
758 1076 895 1104 seminans
916 1075 997 1111 spiri-

151 1125 235 1153 tualia
250 1137 276 1152 ».

229 1173 254 1199 8.
279 1172 357 1205 ltcm,
373 1171 508 1199 secundae
523 1171 556 1199 ad
571 1170 726 1199 Corinthios
740 1172 835 1197 octavo
848 1169 874 1196 ²:
898 1169 996 1196 Vestra

149 1218 335 1247 abundantia
357 1218 473 1247 illorum
501 1218 631 1254 inopiam
658 1216 807 1253 suppleat,
832 1214 868 1243 iit
888 1219 914 1243 et
936 1215 995 1243 illo-

149 1274 218 1294 rum
237 1265 423 1293 abundantia
444 1268 553 1293 cestrae
568 1263 683 1301 inopiae
700 1263 738 1291 sit
750 1262 995 1299 supplementum;

148 1313 273 1341 Glossa:·
289 1324 301 1337 «
323 1313 423 1340 Vestra
448 1311 633 1340 abundantia
659 1314 835 1339 terrenorum
862 1309 996 1346 suppleat

148 1359 267 1388 illorum
289 1359 437 1396 inopiam,
460 1362 492 1387 ut
512 1366 526 1387 e
547 1366 680 1387 converso
701 1356 887 1385 abundantia
912 1356 995 1384 meri-

150 1409 241 1435 torum
265 1406 381 1435 illorum
403 1405 602 1442 spiritualium,
624 1404 671 1441 qui
693 1403 793 1432 divinis
815 1406 928 1436 vacant,
952 1412 994 1432 ve-

146 1457 227 1482 strae
240 1454 279 1482 sit
292 1453 409 1490 inopiae
418 1452 648 1489 supplementum
659 1462 685 1478 ».
701 1450 727 1479 Si
742 1458 809 1487 ergo
824 1450 874 1478 hoc
890 1453 995 1486 spectat

147 1501 180 1529 ad
196 1500 391 1537 perfectionem
412 1498 540 1527 dominici
556 1497 695 1534 corporis,
711 1497 785 1533 quod
804 1497 928 1525 membra
943 1496 994 1525 sibi

147 1548 350 1576 communicent
372 1547 403 1575 in
430 1545 543 1574 ratione
564 1544 628 1572 dati
647 1547 672 1572 et
697 1544 821 1580 accepti]
848 1543 883 1571 ad
904 1544 994 1580 perse-

147 1594 264 1622 ctionem
286 1593 420 1621 Ecclesiae
440 1594 468 1619 et
489 1590 626 1627 Evangelii
647 1590 726 1624 facit,
754 1590 827 1626 quod
857 1598 994 1626 pauperes

146 1640 220 1672 iusti,
239 1638 465 1668 sustentationem
486 1639 581 1674 petant
608 1639 635 1665 et
662 1636 797 1673 accipiant
824 1644 841 1664 a
861 1636 993 1665 divitibus

145 1686 292 1715 mundanis
306 1688 333 1713 et
347 1684 522 1721 imperfectis.
543 1699 580 1704 —
602 1683 636 1712 Si
655 1683 754 1717 dicas,
776 1683 850 1720 quod
877 1685 994 1720 possunt

145 1734 291 1770 accipere,
314 1731 362 1761 sed
383 1740 437 1760 non
455 1734 567 1768 petere‚·
589 1730 641 1759 hoc
662 1730 731 1758 nihil
752 1733 808 1764 est,
837 1730 902 1767 quia
923 1729 992 1758 divi-

145 1783 186 1809 tes
207 1779 338 1808 mundani
360 1781 476 1815 possunt
497 1780 590 1814 petere
605 1777 743 1806 orationes
764 1777 889 1805 virorum
912 1776 992 1813 spiri-

144 1827 262 1855 tualium
284 1825 318 1854 ad
340 1825 518 1854 relevandum
540 1824 659 1861 inopiam
674 1824 839 1853 meritorum
861 1831 990 1852 suorum:

144 1882 211 1910 ergo
232 1881 311 1901 versa
333 1873 391 1901 vice
412 1874 528 1909 possunt
556 1879 692 1908 pauperes
720 1871 877 1908 spirituales
899 1872 992 1907 petere

144 1920 346 1956 eleemosynam
361 1919 533 1956 corporalem
544 1918 578 1947 ad
593 1918 819 1947 sustentationem
833 1926 990 1954 corporum.

1101 282 1105 285 ’
1133 285 1159 313 9.
1182 284 1263 318 ltem,
1281 285 1331 312 hoc
1347 285 1435 321 ipsum
1458 285 1611 313 ostenditur
1630 285 1754 322 tuemnpto
1778 284 1893 313 Christi.
1907 292 2016 315 Ennianum

1055 331 1213 359 Psalmus⁵1
1244 332 1300 368 Epo
1328 335 1424 360 autem
1448 332 1598 360 nichilicus
1625 342 1689 359 suni
1719 335 1743 360 et
1761 340 1895 368 pauper,-

1053 378 1160 406 Glossa:
1188 379 1269 406 «Hoc
1296 378 1361 406 dicit
1388 379 1515 406 Christus
1541 379 1575 406 de
1603 388 1645 406 se:
1676 379 1729 415 Ego
1754 378 1895 406 mendicus

1053 432 1114 452 sum
1137 424 1163 452 in
1186 425 1274 453 i'orma
1295 425 1375 453 servi.
1399 425 1546 453 ΔΙΙινηιίίσιικ
1561 428 1601 453 est
1622 425 1668 461 qui
1691 425 1725 453 ab
1739 425 1792 453 alio
1814 425 1893 461 petit,

1050 479 1167 508 pauper
1180 473 1221 500 est
1242 471 1289 508 qui
1304 471 1354 499 sibi
1377 479 1430 499 non
1453 472 1553 499 sunu-u
1568 484 1594 499 n.
1617 472 1667 499 Sed
1689 475 1806 505 constat,
1821 471 1895 508 quod

1055 518 1105 545 hoc
1126 526 1181 548 non
1196 518 1357 554 intelligitur
1375 518 1408 546 de
1423 515 1531 546 Christo
1552 522 1686 554 quantum
1705 519 1737 546 :ul
1752 519 1823 546 dona
1838 518 1895 547 sive

1054 564 1124 592 bona
1145 564 1312 601 spiritualia,
1328 565 1393 601 quia
1414 565 1628 600 comprehensor
1643 569 1669 593 ct
1690 566 1779 593 oiniiis
1793 556 1895 601 gratiae

1055 611 1151 647 plenus
1172 614 1246 639 erat:
1268 619 1334 648 ergo
1357 611 1517 647 intelligitur
1538 614 1673 648 quamtum
1688 612 1721 640 ad
1743 612 1813 640 bona
1829 616 1896 640 tem-

1055 657 1173 694 poralia,
1195 658 1279 695 igitur
1300 661 1435 694 quantum
1458 657 1490 685 ad
1512 658 1557 686 illa
1580 658 1725 687 mendicus
1735 661 1794 686 erat
1815 662 1841 686 ct
1862 659 1897 687 ab

1053 705 1106 733 alio
1127 705 1243 741 petebat.

1135 753 1177 780 10.
1202 752 1281 786 ltcm,
1304 752 1464 780 l'salnius⁴:
1488 752 1661 780 Per-secutus
1689 756 1729 780 cst
1756 751 1898 781 hominem

1054 799 1166 836 inopem
1187 802 1211 827 ct
1238 799 1418 832 merulicunm
1445 799 1554 828 Glossa:
1582 811 1595 824 «
1617 799 1719 827 scilicet
1747 800 1897 828 Christum.

1055 845 1191 882 l'auperes
1213 846 1340 882 persequi
1363 846 1420 874 sola
1441 846 1553 874 saevitia
1573 849 1629 880 est,
1650 846 1695 874 alii
1716 854 1780 874 vero
1796 854 1845 882 pro
1859 846 1899 874 di-

1055 892 1127 921 vitiis
1147 895 1174 921 et
1195 892 1347 921 honoribus
1369 892 1507 921 interdum
1531 893 1687 921 huiusmodi
1714 893 1857 929 patiuntur
1872 905 1910 921 »..

1055 940 1105 967 Aut
1120 947 1186 976 ergo
1206 939 1308 968 dicitur
1323 940 1449 968 Christus
1466 940 1630 973 mendicus,
1645 940 1710 976 quia
1730 940 1899 968 mendicabat

1053 993 1069 1013 a
1090 986 1194 1019 Patre,
1216 989 1264 1014 aut
1285 986 1350 1022 quia
1378 986 1549 1014 mendicabat
1574 986 1609 1014 ab
1630 985 1751 1014 homine.
1781 986 1806 1014 si
1835 986 1900 1023 quia

1054 1032 1225 1060 mendicabat
1246 1041 1262 1060 a
1282 1033 1387 1066 Patre,·
1401 1041 1468 1068 ergo
1488 1041 1582 1061 omnes
1599 1033 1722 1061 homines
1744 1036 1808 1061 sunt
1823 1041 1899 1061 men-

1052 1078 1118 1111 dici,
1142 1081 1195 1105 tam
1217 1078 1315 1107 divites
1336 1087 1419 1115 quam
1441 1087 1592 1115 pauperes:
1613 1088 1679 1115 ergo
1699 1080 1736 1107 sic
1757 1080 1899 1108 Christum

1012 1150 1014 1156 ι
1053 1124 1181 1160 persequi
1204 1132 1257 1151 non
1280 1124 1375 1153 suisset
1390 1133 1499 1153 summa
1519 1125 1646 1157 saevitia;
1669 1125 1689 1152 si
1710 1125 1775 1161 quia
1798 1126 1899 1153 mendi-

1052 1169 1131 1197 cabat
1152 1170 1186 1198 ab
1207 1169 1388 1203 hominibus,
1412 1170 1546 1198 hahemus
1561 1170 1748 1206 propositum:
1766 1179 1832 1206 ergo
1847 1174 1897 1199 etc.

1136 1217 1176 1244 11.
1194 1216 1269 1250 ltem,
1281 1217 1363 1244 Marci
1379 1216 1556 1244 undecimo-⁵:
1571 1216 1793 1253 Circumspectis
1808 1217 1899 1244 omni-

1052 1262 1115 1296 bus,
1137 1262 1208 1290 exiit
1228 1262 1259 1290 iu
1275 1261 1466 1294 Bethaniam;
1487 1262 1594 1290 Glossa:
1622 1274 1635 1286 «
1650 1262 1676 1290 Si
1695 1262 1758 1299 quis
1772 1270 1836 1291 eum
1852 1263 1901 1291 ho-

1051 1309 1132 1346 spitio
1153 1309 1321 1345 susciperet;
1345 1311 1435 1337 tantae
1456 1308 1530 1336 enim
1553 1309 1723 1345 paupertatis
1744 1309 1796 1337 suit
1817 1312 1844 1337 et
1863 1309 1901 1337 ita

1051 1356 1119 1384 nulli
1141 1356 1285 1390 adulatus,
1308 1358 1339 1384 ut
1360 1356 1388 1384 iu
1416 1359 1492 1384 tauta
1513 1355 1583 1384 urbe
1611 1355 1719 1384 nullum
1748 1356 1899 1393 hospitium

1051 1403 1187 1432 inveniret
1201 1414 1234 1436 »;
1257 1402 1304 1431 sed
1326 1405 1448 1436 constat,
1470 1402 1567 1439 quodsi
1597 1403 1728 1431 voluisset
1751 1403 1900 1440 hospitium

1051 1450 1221 1484 conducere,
1243 1449 1317 1486 quod
1346 1449 1495 1478 invenisset
1508 1449 1549 1478 ad
1577 1449 1807 1478 conducendum:
1835 1458 1901 1486 ergo

1050 1496 1291 1533 circumspiciebat
1313 1499 1444 1533 tanquam
1462 1496 1650 1533 pauperculus
1671 1499 1698 1524 et
1719 1496 1869 1525 mendicus.

1132 1545 1175 1572 12.
1200 1543 1281 1577 stem,
1297 1544 1384 1572 Lucae
1399 1543 1504 1571 decimo
1527 1543 1636 1571 nono⁶z
1659 1541 1799 1577 Zachaee,
1821 1541 1901 1579 festi-

1049 1599 1127 1619 nans
1147 1590 1297 1624 descende,
1319 1590 1391 1628 quia
1412 1588 1494 1618 hoclie
1509 1589 1540 1617 in
1561 1590 1645 1617 (tomo
1660 1592 1712 1617 tua
1733 1592 1842 1626 oportet
1855 1597 1900 1617 me

1049 1645 1184 1670 mamere,-
1205 1636 1314 1665 Glossa:
1342 1648 1355 1661 «
1370 1636 1427 1664 Non
1450 1636 1581 1664 invitatus
1603 1635 1699 1664 invitat
1710 1647 1742 1670 ”3
1762 1635 1808 1664 sed
1830 1636 1899 1664 invi-

1050 1686 1108 1712 tare
1128 1684 1213 1711 alium
1228 1683 1263 1715 ad
1284 1683 1350 1717 hoc,
1373 1682 1447 1719 quod
1472 1690 1535 1710 eum
1559 1682 1672 1719 recipiat
1694 1683 1829 1719 hospitio,
1858 1684 1899 1712 ni-

1049 1730 1087 1758 hil
1108 1730 1184 1758 aliud
1204 1733 1245 1758 est
1265 1737 1350 1766 quam
1372 1729 1528 1757 mendicare
1549 1732 1576 1757 et
1598 1732 1707 1765 petere:
1729 1738 1796 1767 ergo
1817 1733 1867 1758 etc.

1130 1776 1173 1804 13.
1196 1776 1277 1809 item,
1294 1776 1400 1804 loannis
1415 1778 1515 1813 quarto
1527 1776 1550 1804 ⁷:
1568 1776 1613 1804 Da
1627 1775 1702 1805 mihi
1716 1776 1823 1810 biber&
1844 1778 1897 1805 Au-

1047 1824 1175 1860 gustinus
1197 1823 1224 1851 in
1245 1823 1387 1860 originali,
1413 1823 1526 1851 homilia
1551 1823 1657 1852 decima
1685 1823 1782 1860 quinta
1810 1832 1894 1861 super

1048 1871 1188 1899 Ioannem:
1220 1882 1233 1896 «
1255 1870 1283 1899 In
1311 1870 1385 1899 omni
1414 1878 1457 1905 re,
1486 1879 1570 1908 quam
1598 1870 1726 1900 Christus
1753 1872 1836 1908 gessit
1866 1875 1896 1900 ut

1048 1918 1143 1951 homo,
1166 1917 1324 1946 hominibus
1354 1917 1379 1945 in
1401 1925 1430 1946 se
1458 1917 1606 1946 credituris
1631 1918 1780 1954 praebebat
1801 1926 1895 1947 exem-

143 2091 204 2115 deles
221 2091 360 2114 ministrare
377 2089 520 2117 necessaria,
538 2091 560 2112 et
575 2088 605 2111 ab
622 2088 654 2112 eis·
671 2088 805 2111 necessaria
822 2088 940 2117 recipere,
952 2088 993 2110 sed

142 2131 225 2155 nullus
242 2130 320 2160 mayis
334 2136 428 2159 pauper
445 2128 539 2159 spiritu,
556 2134 626 2158 quam
646 2127 688 2157 qui
703 2129 725 2150 et
741 2126 849 2150 onmihus
861 2128 882 2149 et
890 2127 991 2156 proprio

142 2172 164 2194 et
180 2171 205 2194 in
222 2169 344 2194 communi
359 2168 498 2193 renuntiat.-
511 2173 567 2197 erpo
585 2166 639 2191 talis
655 2168 731 2196 potest
746 2165 849 2195 recipere
866 2165 991 2195 eleemosy-

140 2217 204 2239 nas;
227 2212 249 2233 et
271 2210 312 2240 qui
325 2211 403 2240 potest
418 2208 521 2238 recipere
542 2208 563 2230 et
576 2204 826 2236 peter-esupplicnndo
841 2206 933 2234 potest,
949 2205 991 2228 sed

141 2250 185 2274 hoc
202 2251 236 2273 est
253 2248 404 2272 mendicare:
423 2253 480 2276 erqo
497 2245 632 2269 mendicare
648 2250 696 2267 non
713 2245 747 2266 est
760 2245 896 2273 peccatum,
916 2243 988 2266 immo

137 2289 219 2319 polius
233 2287 393 2318 perfectionis.

204 2327 212 2340 ¹
231 2329 298 2350 Num.
317 2327 360 2349 ⁴5:
379 2325 496 2354 Numquid
514 2324 548 2346 isti
566 2322 762 2351 paupei·eS,inte1·
779 2328 879 2350 quorum
897 2328 987 2350 pannos

140 2370 163 2390 et
179 2367 281 2390 illuviem
299 2369 342 2388 etc.
353 2377 385 2382 —
396 2365 512 2392 Allegatur
530 2363 565 2386 ΡΞ.
578 2361 620 2389 40,
633 2361 654 2383 i.
665 2373 696 2377 —
707 2361 723 2383 L
736 2361 818 2384 omittit
835 2362 878 2383 hoe
894 2368 945 2390 arg.
955 2367 994 2378 —'

139 2406 204 2429 Circa
222 2406 291 2428 finem
309 2411 352 2432 pro
369 2403 461 2427 tribuat
476 2402 521 2424 fide
538 2400 611 2423 DEM
628 2399 749 2427 posuimus
766 2398 866 2423 tribuas.

201 2444 210 2457 '¹
228 2445 295 2467 Vers.
313 2444 350 2466 14,
366 2455 398 2459 -
413 2443 506 2468 610550,
523 2445 583 2469 quae
601 2438 719 2461 exhibetur
736 2445 748 2461 a
765 2440 831 2462 Petro
853 2440 985 2464 Lombardo

139 2482 177 2513 (in
194 2485 256 2506 hunc
273 2483 338 2511 loc.)‚
356 2484 390 2504 est
407 2478 566 2503 interlinearis
583 2478 646 2506 apud
663 2478 787 2505 Lyranum.
798 2491 830 2495 —
841 2479 936 2502 Inferius
953 2486 986 2502 re-

139 2522 235 2551 spicitur
252 2521 308 2544 Phil.
326 2520 353 2547 4,
371 2520 414 2542 45:
433 2519 496 2541 Nulla
517 2518 573 2540 mihi
595 2517 691 2539 ecclesia
712 2518 892 2541 communicavit
910 2519 932 2542 in
949 2526 985 2542 ra-

140 2561 201 2584 tlone
218 2560 264 2583 dati
285 2562 308 2582 et
329 2559 417 2587 accepti
436 2558 477 2580 nisi
500 2563 542 2579 vos
562 2554 612 2579 soliL
628 2568 660 2572 —
678 2556 731 2578 Post
752 2557 856 2579 Glossam
874 2558 890 2580 L
907 2564 985 2587 prose.

136 2602 229 2631 quitur:
247 2605 304 2629 erqo
321 2599 359 2622 illi
374 2598 416 2629 qui
431 2598 517 2622 vacant
537 2595 622 2620 divinis
637 2597 739 2625 possunt
754 2596 857 2626 recipere.
878 2604 894 2621 ιι
910 2598 984 2621 diciti-

137 2639 199 2669 bus,·
215 2639 257 2663 sed
274 2645 394 2669 pauperes
416 2636 575 2661 mendicantes
594 2640 641 2665 pro
664 2634 756 2658 Christo
773 2638 860 2660 vacant
880 2636 982 2661 divinis:

136 2685 192 2709 erqo
209 2678 268 2702 tales
282 2679 384 2708 possunt
400 2676 504 2707 recipere
521 2674 679 2704 eleemosynas
696 2675 718 2697 et
738 2673 809 2697 ettam
828 2677 907 2705 petere
930 2683 983 2706 sup-

118 2749 120 2751 *
135 2717 255 2750 plicando,
275 2719 298 2741 et
313 2717 346 2740 ita
362 2716 425 2740 idem
441 2715 504 2746 quod
517 2714 595 2745 prius.

198 2756 208 2770 ⁸
225 2758 308 2780 esaim.
325 2758 362 2784 39,
378 2757 412 2779 ¹8.
423 2756 545 2778 —Glossa
562 2757 598 2777 est
612 2753 736 2777 ordinaria
755 2754 818 2782 apud
836 2754 942 2777 strabum
961 2759 983 2778 et

137 2798 265 2827 Lyranum,
282 2797 322 2826 qui
345 2794 420 2825 ipsam
443 2795 570 2818 attribuunt
591 2793 729 2817 Cassiodoro
747 2793 784 2822 (in
801 2794 862 2816 hunc
879 2795 941 2823 loc.).

198 2835 208 2849 ⁴
225 2837 309 2860 Psalm.
327 2837 380 2864 1108,
398 2836 435 2859 ⁴7.
446 2848 477 2853 -
488 2836 568 2858 Glossa
586 2832 705 2856 exhibetur
726 2839 738 2856 a
761 2833 827 2856 Petro
850 2833 983 2857 Lombardo

137 2875 175 2905 (in
192 2876 255 2898 hunc
277 2876 336 2903 loc.;
353 2875 417 2904 apud
439 2875 556 2903 Lyranum
579 2873 628 2901 ipsa
650 2874 685 2894 est
707 2871 790 2900 partim
812 2871 980 2902 interlinearis,

136 2914 220 2944 partim
237 2914 372 2945 ordinaria)
391 2917 414 2937 et
429 2916 464 2937 est
482 2912 611 2936 secundum
633 2910 764 2935 Cassiodor.
775 2911 841 2934 —ln
858 2912 874 2934 L
891 2912 983 2935 deside—

133 2956 198 2978 ratur
216 2955 261 2977 hoc
278 2961 328 2983 arg.

197 2991 207 3005 ⁵
225 2994 292 3017 Vers.
309 2994 333 3016 ll
348 3002 354 3017 ι
371 2994 398 3016 Et
414 2990 588 3020 circumspectis
604 2988 726 3017 omnibus,
742 2995 795 3012 cum
818 2990 864 3013 iam
883 2996 981 3019 vespera

230 3040 257 3064 S.
276 3040 366 3064 Bomio.
382 3052 414 3057 —
431 3040 500 3063 Tom.
516 3038 546 3061 V.

1048 2092 1107 2111 essct
1124 2089 1193 2115 bora,
1205 2089 1258 2110 exiit
1273 2091 1317 2110 etc.
1328 2100 1359 2104 —
1371 2088 1450 2110 Glossa
1468 2088 1531 2115 apud
1548 2088 1665 2115 Lyranum
1683 2087 1843 2111 [uterlinearis
1861 2092 1895 2111 est

1047 2130 1069 2149 ct
1081 2127 1209 2149 secundum
1227 2127 1313 2149 Bedam
1332 2126 1354 2148 in
1372 2127 1433 2148 nunc
1450 2126 1493 2148 loc.
1504 2138 1535 2143 —
1547 2127 1578 2148 L:
1597 2126 1690 2154 Glossa,
1714 2134 1724 2146 α
1736 2125 1827 2156 Siquis
1839 2133 1893 2150 eum

1046 2165 1145 2195 hospitio
1162 2165 1324 2195 susciperet»,
1344 2164 1564 2194 circumspiciebat:
1582 2171 1638 2194 erqo
1655 2166 1699 2188 aut
1715 2166 1750 2188 est
1765 2166 1792 2188 ut
1808 2164 1836 2188 dc
1853 2165 1893 2189 ho-

1045 2204 1122 2234 spitio,
1141 2206 1185 2227 aut
1200 2206 1227 2227 nt
1242 2204 1371 2233 hospitium
1382 2203 1528 2233 conduceret,
1542 2205 1586 2227 aiat
1596 2205 1623 2227 ut
1634 2203 1679 2227 sihi
1694 2203 1822 2234 hospitium
1839 2204 1894 2228 dari

1045 2243 1120 2266 vellet.
1138 2244 1190 2268 Non
1207 2243 1285 2273 primo
1305 2242 1382 2271 modo,
1402 2242 1465 2273 quod
1484 2244 1549 2273 patet
1562 2249 1606 2272 per
1625 2243 1751 2266 Glossam:
1773 2252 1783 2264 α
1795 2243 1823 2267 Si
1839 2244 1891 2273 quis

1045 2289 1099 2305 eum
1116 2282 1215 2312 hospitio
1232 2282 1394 2312 susciperet».
1412 2282 1466 2306 Non
1482 2282 1584 2305 secundo
1605 2281 1682 2311 modo,
1699 2289 1744 2312 per
1762 2283 1870 2306 Glossam
1882 2293 1891 2311 ,·

1045 2321 1128 2352 ibidem
1140 2321 1220 2346 enim:
1238 2331 1247 2342 ι
1261 2322 1349 2345 Tantae
1363 2322 1512 2352 paupertatis
1529 2322 1582 2352 fuit,
1596 2324 1624 2346 ut
1640 2322 1664 2345 in
1681 2324 1747 2346 tanta
1764 2322 1822 2346 urhe
1838 2323 1891 2346 nul-

1045 2361 1095 2384 lum
1111 2361 1239 2391 hospitium
1256 2361 1371 2385 inveniret
1382 2370 1406 2391 η
1418 2368 1474 2392 erqo
1494 2364 1518 2385 nt
1536 2361 1615 2385 colens
1632 2361 1759 2392 hospitium
1776 2361 1821 2385 sibi
1836 2361 1892 2385 dari

1043 2400 1119 2430 gyratis
1142 2400 1352 2431 circumspiciebat,
1372 2403 1394 2425 et
1415 2401 1448 2425 ita
1467 2400 1560 2432 petebat
1581 2401 1648 2431 siquo
1666 2402 1687 2424 et
1703 2393 1830 2429 voluntate,
1849 2400 1890 2424 sed

1043 2446 1091 2464 non
1107 2439 1177 2464 verbo
1186 2450 1196 2470 ,-
1212 2440 1253 2464 sed
1269 2441 1303 2464 sic
1316 2443 1397 2471 petere
1413 2443 1448 2465 est
1463 2440 1614 2465 mendicare:
1629 2447 1685 2470 erqo
1704 2440 1811 2464 Christus
1827 2446 1889 2463 men-

1042 2479 1136 2509 dicavit,
1155 2480 1224 2504 etita
1244 2480 1343 2511 perfecti
1364 2480 1442 2510 ipsum
1463 2480 1580 2511 sequendo
1602 2480 1652 2504 sinc
1672 2482 1767 2510 peccato
1788 2482 1891 2510 possunt

1041 2519 1183 2543 mendicare.

1105 2558 1114 2571 ⁰
1133 2559 1198 2583 Vers.
1215 2560 1238 2583 5.
1252 2572 1284 2577 —
1298 2560 1378 2583 Glossa
1401 2563 1435 2583 est
1457 2559 1617 2583 interlinearis
1643 2559 1705 2588 apud
1728 2560 1844 2588 Lyranum
1867 2563 1889 2582 et

1042 2602 1117 2622 sumta
1134 2605 1161 2621 ex
1179 2598 1293 2626 Ambros„
1311 2599 1366 2622 Vlll.
1383 2600 1466 2628 Expos.
1482 2599 1570 2627 Evang.
1587 2599 1716 2621 secundum
1734 2599 1789 2621 Luc.
1806 2605 1828 2621 n.
1845 2599 1887 2621 82:

1042 2638 1143 2660 Alterum
1161 2640 1283 2660 sanaturus
1301 2638 1438 2666 interrogat,
1455 2637 1519 2666 apud
1536 2638 1632 2660 alterum
1644 2644 1669 2660 se
1681 2644 1725 2660 non
1739 2638 1887 2660 invitaturum

1042 2676 1121 2706 [alias:
1138 2683 1163 2700 se
1179 2683 1228 2699 non
1244 2676 1366 2706 invitatus]
1386 2677 1473 2699 invitat.
1484 2688 1516 2694 --
1527 2677 1542 2699 L
1561 2680 1613 2705 post
1634 2677 1754 2699 Glossam:
1772 2676 1887 2700 Dominus

1040 2721 1098 2745 erqo
1111 2715 1181 2745 petiit
1196 2715 1337 2745 hospitium:
1350 2722 1407 2746 erqo
1419 2716 1460 2746 qui
1470 2717 1604 2746 sequuntur
1622 2714 1743 2739 Christum
1755 2715 1798 2739 hoc-
1809 2715 1888 2745 facere

1037 2757 1158 2785 possunt;
1174 2755 1215 2778 sed
1231 2754 1274 2778 hoc
1291 2756 1326 2778 est
1341 2754 1492 2778 mendicare:
1509 2761 1566 2785 erqo
1583 2754 1717 2778 mendicare
1727 2756 1827 2784 possunt
1843 2761 1887 2784 pro

1041 2794 1134 2817 Christo
1147 2794 1247 2823 perfecti
1263 2793 1393 2818 imitatores
1411 2794 1506 2817 Christi.

1102 2831 1111 2844 ⁷
1125 2833 1191 2855 Vers.
1199 2833 1222 2855 7.
1232 2845 1264 2849 —
1276 2833 1353 2855 Verba
1370 2834 1466 2861 August.
1479 2832 1592 2855 habentur
1605 2833 1628 2855 in
1637 2833 1698 2855 loun.
1710 2833 1798 2860 Evang.
1811 2836 1837 2854 tr.
1851 2832 1887 2854 15.

1041 2879 1064 2895 u.
1090 2873 1112 2895 2.
1134 2875 1157 2894 et
1181 2879 1203 2895 n.
1227 2873 1263 2895 12.
1286 2873 1370 2901 (tomis
1391 2872 1509 2900 originalis
1532 2878 1574 2900 pro
1598 2872 1701 2894 secundo
1726 2873 1748 2894 et
1769 2870 1887 2901 promittit

1040 2911 1157 2934 substituit
1173 2913 1195 2935 et
1210 2911 1346 2942 affluit).—
1358 2912 1437 2934 Glossa
1454 2911 1548 2933 interius
1566 2911 1639 2939 posita
1657 2911 1721 2939 apud
1738 2910 1846 2933 Strflbum
1864 2913 1886 2932 et

1040 2951 1157 2979 Lyranum
1177 2953 1211 2973 est
1229 2950 1355 2983 ordinaria
1374 2951 1398 2973 in
1417 2950 1478 2972 loan.
1496 2950 1517 2977 4,
1533 2949 1555 2973 7.
1566 2962 1598 2967 —
1615 2951 1639 2973 ln
1659 2951 1705 2975 line
1720 2956 1770 2978 arg.
1790 2955 1832 2977 pro
1852 2949 1885 2978 sa-

1042 2991 1078 3014 cto
1096 2991 1102 3012 1
1122 2989 1173 3014 sibi.

1761 3037 1789 3057 vis

1924 316 1998 333 (ltu-isti.
