2285 3398
361 157 418 185 474

440 237 465 265 2.
489 236 583 270 Deus,
605 235 656 274 qui
676 234 752 263 dixit
772 234 806 262 (ie
827 233 948 261 tenebris
969 233 1061 263 lucem
1081 235 1208 272 splende-

232 290 304 321 Tenes,
315 293 345 308 ex*
360 292 437 312 scere
467 286 518 312 θῖθ.
542 283 664 312 Verbum
697 281 769 310 istud
798 281 933 317 scriptum
961 283 1003 310 est
1030 281 1057 310 in
1088 282 1210 311 secunda

251 315 324 337 'mmm'
361 331 479 369 Epistola
500 330 533 360 ad
554 329 725 363 Corinthios,
748 328 775 357 in
797 336 853 365 quo
868 328 1012 365 Apostolus
1034 329 1146 364 Paulus,
1161 330 1208 358 do-

360 382 419 408 ctor
440 386 572 416 magnus,
587 377 707 413 explicat
726 375 812 413 ipsius
833 375 962 404 scientiae
977 375 1095 411 donum;
1117 380 1144 406 et
1159 385 1208 406 ex-

361 426 442 464 plicat
469 426 567 463 ipsum
592 424 702 452 donum
730 425 867 460 quantum
895 422 929 451 ad
957 424 1154 453 antecedentia
1182 427 1209 453 θῖ

218 479 260 498 nuo
272 481 346 505 antece·
359 472 569 512 subsequentia.
586 471 696 499 Donum
711 470 841 499 scientiae
855 470 911 499 duo
925 470 1104 499 antecedunt:
1120 480 1207 500 unum

253 503 324 522 ‘iem'
359 524 401 551 est
422 521 493 549 sicut
514 519 607 548 lumen
629 518 782 552 innatum,
804 520 832 547 et
852 517 927 547 aliud
952 520 994 546 est
1015 517 1087 547 sicut
1114 519 1208 548 lumen

360 568 502 606 infusum.
523 567 625 595 Lumen
648 566 773 595 innatum
788 569 830 595 est
850 566 943 595 lumen
958 565 1109 594 naturalis
1130 566 1208 595 iudi-

359 614 465 644 catorii
486 613 543 643 sive
558 613 687 648 rationis;
710 613 803 642 lumen
825 612 1034 650 superinsusum
1050 615 1092 642 est
1112 613 1208 642 lumen

357 662 433 699 fidei.
456 663 597 699 Quantum
629 661 663 690 ad
681 661 804 698 primum
832 660 912 689 dicit:
936 661 1029 694 Deus,
1055 660 1107 699 qui
1134 661 1209 689 dimit

359 711 449 739 lucem
466 710 669 747 splendescere,
685 709 712 737 id
726 711 768 738 est
789 709 883 737 lumen
899 708 1033 737 naturalis
1054 708 1208 737 iudicatorii

359 757 499 795 impressit
527 760 672 786 creaturae
700 756 843 787 rationali,
865 756 891 784 id
913 758 954 785 est
975 764 1030 784 non
1051 756 1141 785 solum
1167 756 1208 784 in-

360 806 500 835 tellectum
515 804 686 842 possibilem,
702 804 749 833 sed
763 804 846 833 etiam
866 803 1034 832 intellectum
1050 806 1176 840 agentem
1189 804 1206 831 ¹.

359 854 501 890 Quantum
522 852 556 881 ad
578 852 675 880 lumen
694 851 763 889 fidei
783 850 992 888 superinsusum
1011 850 1091 879 dicit:
1108 851 1208 879 Jlluaeit

359 901 391 929 in
411 899 549 929 cordibus
569 899 678 928 nostris
696 902 757 933 etc..
773 898 876 927 scilicet
890 906 940 935 per
958 898 1122 927 infusionem
1139 899 1208 928 lucis

358 948 430 977 fidei.
452 948 526 977 Deus
547 949 676 976 naturam
698 946 858 975 rationalem
886 945 1007 975 condidit
1027 949 1054 974 et
1075 947 1207 983 superad-

358 995 426 1025 didit
446 995 572 1033 gratiam.
595 995 656 1023 Duo
678 995 762 1032 igitur
783 997 848 1024 sunt
869 994 1065 1023 antecedentia.
1082 1011 1119 1015 —
1138 995 1207 1024 Con—

229 1047 270 1066 D¹¹⁰'
282 1052 347 1089 epse·
358 1043 502 1081 sequentia
516 1043 598 1072 etiam
613 1045 678 1071 sunt
698 1042 765 1076 duo,
781 1042 884 1071 scilicet
901 1041 985 1071 clara
1000 1042 1104 1070 notitia
1121 1042 1207 1071 Crea-

246 1076 329 1095 ΝΜ
359 1091 446 1125 toris,
468 1093 496 1120 et
517 1090 644 1119 revelata
664 1089 768 1118 notitia
790 1089 954 1118 Salvatoris
966 1090 985 1117 2.
1008 1090 1148 1126 Quantum
1173 1089 1208 1118 ad

357 1138 545 1169 antecedentia
565 1138 645 1167 dicit:
662 1138 752 1171 Deus,
768 1137 820 1176 qui
833 1137 908 1166 airu
928 1140 996 1172 etc.;
1015 1141 1152 1175 quantum
1173 1137 1208 1166 ad

357 1186 554 1223 consequentia
567 1185 647 1214 dicit:
672 1185 719 1213 Ad
733 1184 977 1213 illuminationem
997 1185 1133 1213 scientiae
1149 1184 1207 1213 cla-

358 1233 456 1263 ritatis
478 1233 546 1267 Dei,
574 1233 622 1262 ubi
650 1232 773 1269 tangitur
801 1232 885 1260 clara
913 1231 1018 1260 notitia
1041 1232 1207 1265 Creator-is,-

358 1281 390 1309 in
409 1279 487 1319 facie
506 1279 616 1309 Christi
636 1280 718 1313 Iesu,
748 1279 795 1308 ubi
818 1279 940 1316 tangitur
957 1279 1083 1307 revelata
1103 1279 1207 1307 notitia

358 1327 531 1357 Salvatoris.
548 1344 585 1348 —
600 1327 652 1355 Dat
673 1327 817 1364 Apostolus
838 1326 1005 1363 intelligere,
1028 1326 1102 1363 quod
1116 1327 1208 1355 anisna

228 1378 347 1421 Mgllgilffinis
359 1375 558 1405 multiformem
581 1374 664 1403 habet
685 1374 837 1402 claritatem
858 1376 885 1401 et
906 1373 941 1401 ab
962 1381 1018 1401 una
1039 1373 1208 1402 transcendit

324 1416 328 1420 ’
359 1425 386 1453 in
408 1423 532 1452 alteram.
546 1421 623 1450 Unde
645 1420 788 1457 Apostolus
802 1420 836 1448 ad
850 1420 1044 1449 Corinthios³:
1061 1420 1120 1449 Nos
1140 1430 1208 1450 vero

358 1479 470 1504 omneS‚
491 1468 619 1498 revelata
639 1467 717 1505 facie
729 1467 857 1505 yloriam
878 1467 995 1495 Domini
1014 1467 1207 1504 specu-lantes,

358 1519 389 1547 in
409 1517 529 1546 eandem
545 1515 703 1553 imayinem
718 1513 975 1551 transformamur
990 1522 1010 1542 a
1023 1513 1157 1543 claritate
1178 1515 1210 1543 in

358 1565 539 1598 claritatem,
568 1567 712 1601 tanquam
739 1570 759 1590 a
782 1560 900 1589 Domini
925 1560 1047 1597 Spiritu.
1079 1560 1210 1589 Claritas

358 1612 466 1641 animae
487 1614 528 1640 est
551 1609 676 1643 scientia,
693 1611 806 1637 econtra
825 1607 941 1636 tenebra
955 1607 1064 1635 animae
1078 1609 1120 1635 est
1134 1607 1210 1644 igno-

358 1659 455 1688 rantia.
478 1658 567 1687 Dicit:
594 1655 853 1693 transformamur
881 1662 901 1682 a
928 1653 1065 1682 claritate
1092 1653 1124 1681 in
1151 1653 1210 1682 cla-

358 1706 483 1735 ritatem.

438 1753 464 1782 3.
486 1752 533 1780 Hic
548 1750 699 1780 notandum
722 1752 779 1783 est,
794 1749 868 1787 quod
890 1751 931 1778 est
949 1748 1060 1778 claritas
1081 1748 1211 1777 scientiae

262 1804 347 1831 Qu³d¹·u·
355 1798 585 1838 philosophicae,
601 1797 730 1827 scientiae
745 1796 931 1834 theoloyicae,
950 1796 1080 1825 scientiae
1093 1796 1211 1833 yratui-

217 1828 346 1871 33⁰3ng
360 1851 420 1881 tae,
444 1850 471 1876 et
492 1846 603 1875 claritas
621 1844 750 1874 scientiae
770 1843 923 1881 gloriosae.
946 1843 1061 1871 Claritas
1082 1843 1211 1872 scientiae

360 1893 566 1933 philosophicae
587 1894 629 1921 est
649 1899 750 1928 magna
771 1890 923 1919 secundum
944 1890 1101 1927 opinionem
1123 1890 1211 1918 homi-

360 1951 428 1972 num
450 1940 649 1973 mundialium,
671 1947 757 1975 parva
779 1941 869 1966 tamen
891 1940 932 1966 est
953 1937 981 1966 in
1007 1937 1211 1974 comparatione

360 1990 394 2019 ad
409 1988 561 2018 claritatem
577 1986 706 2015 scientiae
721 1984 897 2014 christianae.
913 1984 1028 2013 Claritas
1043 1992 1109 2013 vero
1123 1984 1210 2014 scien-

362 2037 414 2065 tiae
437 2033 605 2070 theologicae
627 2041 713 2070 parva
741 2031 851 2060 videtur
880 2031 1033 2060 secundum
1054 2031 1210 2068 opinionem

362 2082 506 2111 hominum
530 2079 729 2113 mundialium,
751 2078 798 2107 sed
820 2077 972 2107 secundum
994 2077 1139 2106 veritatem
1154 2086 1210 2107 ma-

362 2138 415 2168 gna
441 2132 491 2158 est.
513 2128 628 2156 Claritas
656 2127 785 2156 scientiae
810 2126 947 2164 gratuitae
975 2128 1017 2155 est
1044 2126 1141 2160 maior,
1163 2126 1209 2155 sed

361 2178 471 2207 claritas
486 2176 615 2206 scientiae
635 2175 769 2213 gloriosae
791 2177 832 2203 est
852 2174 989 2209 maxima;
1005 2174 1041 2203 ibi
1056 2176 1098 2203 est
1112 2177 1208 2204 status.

362 2224 525 2254 Psalmus4:
547 2222 692 2252 Mirabilis
712 2221 796 2260 facta
816 2225 856 2251 est
876 2221 998 2250 scientia
1026 2225 1079 2251 tua
1100 2231 1134 2251 ea:
1155 2231 1209 2256 me,

362 2272 528 2310 confortata
549 2274 606 2305 est,
629 2274 653 2299 et
673 2279 733 2299 non
757 2274 857 2307 potero
879 2269 919 2298 ad
946 2278 1025 2303 eam,
1050 2269 1154 2299 scilicet
1182 2269 1209 2298 in

362 2320 414 2348 hac
435 2319 498 2348 vita.

440 2367 466 2395 li.
489 2366 591 2395 Omnes
612 2365 679 2394 istae
700 2364 830 2394 scientiae
851 2366 878 2393 et
899 2364 1037 2393 claritates
1058 2372 1155 2393 earum
1169 2364 1210 2393 di-

232 2421 277 2447 vQuo
291 2425 348 2447 senza,
362 2414 465 2444 vinitus
482 2413 598 2447 dantur,
614 2420 783 2451 quamquam
805 2420 914 2449 semper
929 2412 956 2440 in
977 2412 1123 2440 donatione
1138 2412 1210 2449 ipsa-

220 2444 426 2491 smconane..rum
454 2461 489 2490 sit
517 2461 607 2489 maius
637 2460 750 2488 donum.
774 2459 878 2488 Verum
906 2462 963 2493 est,
991 2459 1066 2496 quod
1097 2459 1211 2488 scientia

360 2506 562 2546 philosophica
582 2510 609 2536 et
631 2506 787 2544 theologica
808 2509 849 2535 est
870 2506 973 2535 donum
1002 2506 1049 2535 Dei
1064 2517 1070 2540 ;
1088 2506 1210 2544 proprie

363 2564 429 2585 vero
449 2558 491 2584 cst
511 2555 613 2584 donum
636 2554 685 2583 Dei
706 2554 820 2583 scientia
836 2554 989 2591 matutini,-
1010 2554 1123 2582 scientia
1143 2561 1210 2582 vero

926 155 968 182 DE
991 155 1089 184 DONis
1110 156 1255 185 SPIRITUS
1277 157 1301 184 S.
1325 155 1487 184 COLLATIO
1510 156 1550 184 iv.

1265 234 1396 272 gyloriosa
1417 242 1471 262 non
1494 236 1601 263 tantum
1630 238 1671 264 est
1692 236 1818 270 donum,
1841 237 1888 265 sed
1916 238 1997 267 etiam
2022 248 2113 277 prae-

1266 281 1368 310 mium.
1393 282 1420 310 ln
1442 281 1553 310 Cantico
1573 284 1665 310 autem
1689 283 1779 311 Annae
1800 283 1901 312 dicitur
1924 284 1950 312 in
1971 285 2042 315 libro
2064 288 2113 316 Re-

1266 337 1332 367 gum
1345 329 1372 356 ⁵:
1395 329 1537 357 Reccdant
1557 332 1654 358 vetera
1681 330 1715 358 de
1736 338 1785 358 ore
1812 334 1923 364 vestro,
1945 333 2015 369 quia
2039 334 2114 363 Deus

1266 376 1460 405 scientiarum
1488 376 1631 405 Dominus
1664 380 1720 410 est,
1749 380 1776 405 et
1803 377 1862 413 ipsi
1888 384 2114 414 praeparantur

1267 423 1470 460 coyitationes;
1492 431 1546 452 non
1568 424 1668 453 stultae
1683 424 1875 461 cogitationes,
1891 431 1962 461 quae
1983 424 2114 463 dissipan-

1268 474 1314 499 tur
1336 478 1385 507 per
1407 470 1464 499 vias
1479 478 1622 505 errorum,
1638 471 1685 500 sed
1700 471 1787 500 bonae
1802 471 1980 508 cogitationes
2001 480 2114 509 praepa-

1267 520 1366 547 rantur
1398 517 1514 546 Domino
1546 526 1594 555 per
1626 519 1684 547 vias
1715 518 1848 547 veritatis.
1881 518 1942 547 lob:
1975 518 2116 558 Nunquid

1267 565 1343 594 nosti
1362 565 1481 593 semitas
1496 565 1636 601 nubium,
1651 566 1771 595 semitas
1785 574 1912 603 maynas
1926 569 1952 594 et
1970 565 2116 604 perfectas

1266 612 1425 641 scientias?
1453 612 1524 641 Dicit
1544 614 1662 642 semitas
1687 622 1830 651 magnas,
1853 613 1879 642 id
1908 617 1949 642 est
1974 613 2116 643 scientiam

1264 659 1496 698 philosophicam
1518 663 1545 689 et
1566 659 1771 699 theologyieam,
1793 669 1865 698 quae
1892 661 2025 690 dicuntur
2052 669 2116 690 ma-

1265 716 1342 745 gynae
1362 707 1494 742 semitae,
1510 708 1576 745 quia
1596 709 1697 738 multas
1719 708 1846 737 scientias
1861 708 2115 745 comprehendunt;

1266 755 1386 783 semitas
1411 754 1555 792 perfectas
1575 755 1640 784 dicit
1660 758 1796 793 quantum
1821 755 1855 785 ad
1883 755 2024 785 scientiam
2044 764 2116 793 yra-

1267 802 1374 831 tuitam
1402 805 1429 831 et
1455 802 1623 840 ‚clorio-sam.
1647 803 1771 832 Semitae
1795 803 1920 831 nubium
1948 806 2013 832 sunt
2037 803 2116 831 viro-

1268 859 1336 878 rum
1361 849 1561 888 pcrfectorum
1587 851 1733 885 scientiae,
1756 851 1837 888 quia,
1859 852 1931 880 sicut
1952 850 2041 879 nubes
2069 850 2116 879 ab·

1266 898 1435 926 strahuntur
1458 897 1561 926 virtute
1582 898 1680 927 caloris
1702 898 1729 926 in
1750 899 1854 932 altum,
1876 898 1914 927 ita
1928 898 1980 927 viri
2002 898 2116 935 perfecti

1267 946 1294 974 in
1315 945 1502 974 abstractione
1523 945 1623 974 mentis
1643 945 1838 974 sublimantur.
1854 963 1893 966 —
1907 946 1946 974 De
1967 945 2027 975 istis
2048 954 2116 983 qua-

1267 996 1331 1022 tuor
1353 992 1475 1021 scientiis
1496 992 1625 1021 volumus
1646 992 1753 1027 dicere,
1776 996 1807 1021 ut
1834 993 1868 1021 ad
1896 993 2008 1022 tertiam
2029 993 2116 1031 possi-

1266 1048 1329 1069 mus
1350 1039 1511 1076 pervenire‚
1533 1039 1566 1068 de
1588 1048 1643 1077 qua
1658 1040 1799 1077 loquimur
1821 1040 1874 1068 hic.

1348 1089 1372 1116 5.
1397 1087 1514 1116 Scientia
1539 1086 1739 1125 philosophica
1770 1087 1839 1116 nihil
1867 1088 1942 1117 aliud
1967 1092 2008 1117 est
2029 1097 2114 1126 quam
2126 1092 2251 1134 Qessnitgffles

1266 1135 1391 1164 veritatis
1413 1138 1444 1163 ut
1464 1134 1635 1163 scrutabilis
1656 1135 1760 1163 nolitia
1781 1139 1869 1163 certa.
1901 1136 2020 1165 Scientia
2041 1135 2114 1165 theo·
2140 1122 2190 1140 Ῥω
2225 1129 2230 1135 ’

1266 1181 1362 1220 loyiea
1383 1184 1425 1210 est
1446 1181 1570 1210 veritatis
1591 1184 1622 1210 ut
1643 1181 1788 1210 credibilis
1803 1181 1907 1210 notitia
1919 1182 1981 1219 pia.
1999 1183 2116 1212 ScientIa

1263 1229 1400 1267 gratuita
1428 1232 1469 1257 θεῖ
1494 1228 1618 1257 veritatis
1646 1231 1677 1257 ut
1705 1228 1856 1266 diligibilis
1877 1229 1981 1257 notitia
2001 1233 2113 1258 sancta.

1266 1277 1384 1306 Scientia
1396 1275 1528 1314 yloriosa
1549 1279 1590 1305 est
1611 1275 1735 1305 veritatis
1750 1278 1780 1304 ut
1795 1276 1996 1305 desiderabilis
2010 1277 2115 1306 notitia

1265 1323 1449 1361 sempiterna.

1347 1372 1371 1399 6.
1405 1371 1495 1399 Primo
1526 1370 1690 1408 incipiamus
1717 1379 1733 1399 a
1764 1370 1877 1399 scientia
1904 1370 2113 1409 philosophica.
2128 1376 2215 1418 sgg'rjial·
2229 1375 2258 1417 ΕΞ

1267 1419 1345 1453 Dico,
1360 1419 1434 1463 quod
1453 1418 1567 1448 scientia
1588 1418 1779 1455 philosophica
1793 1421 1834 1447 est
1849 1419 1972 1447 veritatis
1987 1422 2018 1447 ut
2032 1428 2115 1448 scru-
2128 1405 2231 1447 losephicai-

1267 1466 1364 1494 labilis
1378 1466 1482 1494 notitia
1496 1470 1575 1494 certa
1586 1466 1605 1493 ⁶.
1623 1466 1661 1495 De
1676 1466 1727 1494 hac
1743 1465 1857 1495 scientia
1877 1466 1980 1495 dicitur
2001 1466 2029 1495 in
2052 1467 2116 1495 Pro-

1268 1513 1385 1542 verbiis:
1409 1514 1495 1547 Ecce,
1517 1513 1660 1550 descripsi
1680 1521 1746 1541 eam
1775 1513 1928 1550 tripliciter
1949 1514 1981 1542 in
2008 1513 2116 1552 copita-

1268 1559 1394 1588 tionibus
1415 1562 1440 1587 et
1459 1560 1597 1594 scientia,
1619 1563 1651 1588 ut
1672 1560 1848 1589 ostenderem
1874 1560 1927 1589 tibi
1946 1560 2117 1598 firmitatem

1268 1610 1293 1635 et
1313 1607 1426 1645 eloquia
1447 1608 1586 1636 veritatis.
1610 1609 1700 1637 Potest
1721 1608 1788 1637 illud
1810 1609 1927 1638 verbum
1949 1617 2009 1638 esse
2034 1609 2116 1639 Salo-

1268 1654 1363 1682 monis
1384 1657 1412 1682 et
1432 1654 1549 1683 verbum
1571 1655 1631 1683 Dei.
1653 1656 1734 1690 Dico,
1757 1656 1831 1693 quod
1852 1660 1942 1693 potest
1969 1665 2029 1686 esse
2054 1666 2116 1686 ver-

1269 1700 1337 1729 bum
1359 1701 1418 1729 Dei.
1442 1701 1501 1738 lpse
1521 1702 1593 1730 enim
1622 1702 1753 1732 describit
1779 1703 1920 1732 scientiam
1947 1705 2213 1750 phiIOSOPhi·mE{Jss{}sg
2218 1706 2258 1754 15²3]

1269 1756 1329 1777 cam
1352 1748 1506 1785 tripliciter,
1528 1749 1554 1777 id
1576 1752 1617 1778 θεῖ
1642 1750 1794 1779 secundum
1820 1751 1957 1788 triplicem
1979 1752 2115 1782 rationem
2123 1754 2226 1779 [moabiae-

1268 1795 1402 1824 describit
1423 1803 1498 1829 eam,
1520 1798 1552 1824 ut
1572 1797 1757 1830 naturalem,
1779 1801 1810 1826 ut
1832 1798 2006 1827 rationalem
2030 1802 2058 1828 et
2086 1803 2117 1829 ut

1269 1842 1428 1875 moralem,
1451 1842 1554 1871 scilicet
1574 1842 1601 1870 in
1624 1846 1760 1879 quantum
1781 1847 1822 1872 est
1849 1856 1862 1869 «
1876 1853 1971 1873 causa
1991 1846 2116 1881 essendi,

1271 1889 1350 1918 ratio
1373 1888 1550 1927 intelliyendi
1570 1892 1597 1918 et
1627 1890 1699 1918 ordo
1719 1890 1855 1919 vivendi⁷
1871 1903 1897 1919 υ.
1925 1891 1953 1920 In
1981 1895 2117 1929 quantum

1269 1939 1310 1966 θεῖ
1333 1945 1427 1965 causa
1448 1936 1575 1970 essendi,
1596 1937 1721 1974 designat
1741 1937 1882 1966 scientiam
1904 1939 2074 1973 naturalem;
2089 1939 2116 1968 in

1269 1986 1406 2022 quantum
1429 1986 1470 2012 est
1491 1983 1568 2012 ratio
1595 1984 1783 2021 intelliqendi,
1813 1983 1948 2022 significat
1976 1985 2116 2015 scientiam

1270 2031 1461 2064 rationalem;
1482 2031 1509 2059 in
1530 2034 1666 2068 quantum
1688 2034 1730 2060 est
1751 2032 1821 2060 ordo
1838 2032 1967 2066 vivendi,
1986 2032 2117 2062 describit

1269 2079 1410 2109 scientiam
1431 2079 1580 2108 moralem.

1349 2128 1375 2155 7.
1398 2127 1451 2156 Nec
1472 2130 1580 2156 tantum
1602 2129 1643 2156 est
1666 2127 1781 2156 verbum
1803 2127 1871 2156 illud
1894 2127 1961 2162 Dei,
1976 2128 2060 2157 immo
2074 2131 2216 2176 esstffllgffi‘g‘g'
2226 2133 2259 2151 Sa-

1268 2175 1350 2203 etiam
1374 2175 1555 2209 Salomonis,
1577 2174 1625 2212 qui
1654 2175 1817 2212 disputavit
1847 2183 1867 2203 a
1897 2175 1982 2204 cedro
2011 2175 2117 2204 Libani
2217 2170 2221 2175 “

1268 2231 1359 2261 usque
1390 2222 1432 2251 ad
1463 2221 1622 2260 hyssopum
1633 2222 1652 2250 ⁸.
1676 2223 1735 2260 lpse
1765 2222 1845 2252 dicit:
1869 2223 1949 2257 Ecce,
1975 2223 2117 2260 descripsi

1268 2279 1332 2299 eam
1355 2270 1407 2299 tibi
1428 2270 1590 2308 tripliciter,
1606 2274 1639 2299 ut
1659 2271 1835 2300 ostenderem
1856 2270 1908 2299 tibi
1927 2270 2114 2308 firmitatem,

1268 2318 1294 2346 id
1309 2321 1350 2347 est
1365 2318 1479 2346 solidam
1494 2321 1521 2347 et
1536 2318 1644 2347 firmam
1667 2319 1825 2353 veritatem,
1840 2322 1865 2347 et
1879 2318 1993 2357 eloquia
2010 2318 2116 2347 verita-

1268 2365 1324 2398 tis,·
1346 2365 1404 2402 ipse
1418 2365 1549 2394 describit
1563 2374 1624 2395 eam
1640 2366 1800 2403 tripliciter,
1816 2365 1919 2395 scilicet
1933 2365 1960 2394 in
1980 2368 2115 2403 quantum

1267 2414 1310 2440 est
1331 2412 1433 2441 veritas
1453 2421 1572 2447 rerum,
1594 2413 1696 2442 verit-as
1716 2422 1885 2442 sermonum
1899 2416 1926 2442 et
1940 2413 2042 2442 veritas
2056 2421 2116 2442 mo-

1268 2467 1354 2493 rum,
1376 2460 1530 2489 secundum
1561 2461 1636 2498 quod
1664 2464 1706 2490 est
1733 2461 1859 2490 indivisio
1890 2461 1961 2490 entis
1989 2460 2025 2489 ab
2047 2469 2114 2494 esse,

1268 2509 1295 2535 et
1316 2506 1442 2536 indivisio
1463 2508 1534 2536 entis
1554 2509 1676 2543 adesse,
1692 2510 1720 2538 et
1740 2508 1810 2537 entis
1830 2517 1850 2537 a
1870 2508 1934 2544 fine.
1951 2508 2058 2537 Veritas
2073 2516 2115 2537 re-

1269 2562 1332 2582 rum
1353 2557 1395 2583 est
1419 2554 1545 2583 indivisio
1573 2556 1644 2584 entis
1671 2555 1706 2584 ab
1727 2564 1802 2589 esse,·
1824 2556 1925 2584 veritas
1954 2563 2114 2584 sermonum

427 2739 434 2752 ¹
454 2740 512 2763 Vide
529 2746 600 2768 supra
618 2746 672 2768 pag.
689 2741 748 2768 365,
766 2743 819 2763 nota
839 2740 859 2763 4.

426 2778 435 2791 ²
454 2780 539 2801 Locum
558 2780 618 2801 hunc
630 2779 654 2801 in
665 2780 732 2802 codd.
750 2782 886 2807 corruptum
903 2779 1092 2807 emendavimiJS,
1110 2779 1211 2803 adhibita

364 2819 465 2841 editione
481 2819 575 2841 Bonelli.

427 2856 437 2870 ⁸
454 2858 524 2886 Epist.
541 2858 565 2880 ll.
583 2858 608 2885 3,
627 2858 664 2880 48.

426 2896 437 2910 ⁴
454 2898 537 2920 Psalm.
555 2898 611 2924 138,
628 2898 650 2920 fi.

427 2935 436 2948 ⁵
453 2936 515 2959 Libr.
532 2937 547 2959 1.
564 2937 591 2963 2,
609 2937 630 2959 3.
648 2949 678 2954 -
696 2938 749 2966 Seq.
766 2938 830 2960 locus
847 2940 881 2961 est
898 2938 938 2960 lob
956 2937 998 2965 37,
1017 2938 1054 2960 16.

428 2974 437 2987 ²³
454 2975 500 2998 Csr.
517 2982 586 3003 supra
605 2977 744 3004 opusculum
762 2977 791 2999 de
808 2977 951 3000 Reductione
968 2977 1052 2999 artium
1069 2978 1098 2999 ad
1112 2978 1212 3005 theolog.

1268 2747 1292 2763 n.
1310 2740 1331 2763 4.
1348 2743 1370 2762 et
1395 2740 1418 2762 in
1443 2741 1550 2764 Hexae'm.
1576 2742 1649 2764 collat.
1668 2741 1689 2763 4.
1706 2748 1729 2764 n.
1748 2742 1768 2764 1.
1786 2748 1850 2771 seqq.
1868 2754 1899 2758 —
1917 2742 1970 2770 Seq.
1994 2742 2057 2764 locus
2082 2743 2115 2763 est

1268 2781 1336 2802 Prov.
1354 2780 1396 2806 22,
1414 2780 1452 2802 20.
1469 2783 1491 2803 et
1508 2781 1545 2803 21.

1331 2817 1339 2831 ⁷
1357 2820 1395 2842 Est
1420 2820 1532 2843 sententia
1557 2820 1656 2843 Platonis
1682 2820 1711 2842 ab
1736 2821 1865 2850 Augustino
1891 2821 1969 2848 allata;
1987 2822 2027 2843 cli'.
2044 2826 2113 2847 supra

1268 2865 1323 2887 pag.
1341 2859 1382 2886 49,
1400 2862 1453 2882 nota
1470 2859 1493 2882 7.

1330 2896 1340 2910 ⁸
1357 2898 1418 2920 Libr.
1435 2899 1467 2922 lll.
1485 2900 1542 2927 Reg.
1561 2899 1586 2926 4,
1605 2899 1646 2921 33:
1664 2899 1690 2921 Et
1711 2899 1838 2928 disputavit
1859 2906 1929 2928 super
1951 2899 2030 2927 lignis,
2047 2903 2059 2919 a
2077 2902 2114 2918 ce-

1268 2938 1323 2966 dro,
1340 2944 1400 2967 quae
1417 2941 1451 2960 est
1468 2939 1491 2960 in
1508 2938 1609 2965 Libano⁷
1628 2944 1701 2966 usque
1717 2942 1761 2962 etc.
