2285 3398
829 183 1069 212 l’nutAEuuMENA
1091 184 1118 211 C.
1142 183 1193 211 xtl.

534 263 591 285 ΧΙΥ,

140 357 257 380 Francisoi
274 357 402 387 Samsonis,
421 356 511 380 Ordinis
530 356 611 380 Minor.
638 357 753 386 generalia
778 356 882 382 ministri
901 356 985 383 (1475-

203 403 282 433 1499),
300 404 338 434 qui
356 404 415 427 huno
435 402 560 426 indiculum
580 403 716 434 apostolieae
742 403 793 429 sedi
818 403 924 429 exhibuit
946 411 984 434 pro

201 449 323 473 obtinenda
340 450 363 473 S.
382 450 554 473 Bonavonturse
571 450 749 474 canonizatione.
761 450 898 480 exscriptus
909 450 945 474 ont
956 457 984 474 ox

201 495 335 519 authentico
353 496 410 520 tomo
422 497 439 519 1.
453 496 569 521 memorati
586 504 713 527 proventus.
727 497 840 520 custodito
852 497 875 520 in
891 497 984 520 archivo

201 542 261 565 nori
279 542 408 567 Convontus
424 544 516 567 sesinii.

201 636 274 663 Opera
299 643 338 658 seu
365 636 415 658 libri
433 643 474 664 per
493 638 517 659 ll.
535 638 719 661 [intrarentin-am
738 639 872 667 compositi,
890 639 918 661 dc
935 640 983 668 qui-

138 682 181 704 bus
199 683 220 704 iu
238 683 352 710 praesenti
369 683 454 706 scitur:

204 730 221 752 l.
239 730 262 751 ln
280 731 361 757 primis
377 731 488 759 scriptum
506 738 575 760 super
593 733 668 760 primo
685 734 862 756 Sententiarum.

202 777 222 798 2.
241 776 294 798 item
313 777 424 804 sci-Iptum
442 784 512 805 super
528 778 631 800 secundo
649 779 824 804 Sententiarum.

201 824 222 845 3.
240 824 293 844 item
312 824 422 851 scriptum
440 830 510 852 super
527 825 592 846 tertio
610 825 785 849 Sententiarum.

201 870 220 892 i.
239 870 291 891 item
310 870 421 897 seriptum
439 876 509 898 super
526 874 608 899 quarto
625 872 800 894 Sententiarum.

200 917 221 938 Γ).
239 916 293 938 item
311 916 421 944 s‹·ripunn
440 917 534 939 metrice
551 924 621 945 super
637 917 701 940 libris
718 917 894 940 Sententiarum.

199 964 220 985 ὓ.
239 964 292 985 item
311 964 421 991 scriptum
439 970 510 992 super
527 965 652 992 Evangelio
669 965 764 987 loannis.

199 1010 219 1032 7.
238 1011 291 1032 item
310 1010 419 1038 scriptum
437 1016 507 1038 super
524 1011 648 1038 Evangelio
666 1011 776 1033 Matthaei.

199 1058 220 1079 8.
238 1058 291 1079 item
309 1058 476 1085 elegantissime
493 1058 603 1086 scriptum
621 1064 691 1086 super
708 1058 832 1086 Evangelio
849 1058 931 1080 Lucae.

198 1105 220 1126 9.
239 1105 292 1126 item
309 1105 420 1132 sei-imum
438 1110 507 1132 super
525 1105 648 1132 Exangelio
666 1104 769 1127 Matthaei
786 1104 892 1134 (tortasse
908 1110 978 1132 super

135 1152 236 1174 oratione
254 1152 369 1174 dominica
379 1154 406 1180 P).

202 1200 236 1221 i0.
254 1199 307 1221 item
325 1199 495 1228 Compendium
513 1200 614 1222 veritatis
631 1206 709 1222 sarrae
726 1199 865 1227 Scripturae.

203 1247 236 1269 li.
254 1247 396 1269 itinerarium
414 1247 496 1269 mentis
514 1247 535 1269 in
553 1247 634 1270 Deum.

202 1295 241 1317 12.Ἰ
253 1295 393 1316 itinerarium
412 1295 494 1317 mentis
511 1294 532 1317 in
550 1301 574 1317 se
591 1295 676 1322 ipsum.

202 1342 236 1363 13.
254 1342 304 1364 Vita
324 1342 415 1364 Domini
432 1342 503 1364 nostri
520 1342 568 1364 lesu
586 1341 681 1369 Christi,
698 1341 746 1364 sire
764 1340 838 1364 Arbor
854 1341 942 1365 Crucis,

201 1389 235 1411 14.
253 1389 307 1411 item
324 1389 353 1411 de
370 1393 459 1418 septem
478 1389 611 1412 visionibus
627 1396 667 1412 seu
684 1388 767 1412 diebus
784 1396 853 1418 super
865 1390 978 1418 principio

134 1435 237 1458 Genesis.

198 1483 235 1505 v15.
253 1483 307 1505 item
324 1482 353 1504 de
370 1489 408 1505 sex
426 1483 471 1505 Alis
488 1483 617 1511 Seraphim.

197 1529 233 1551 16.
252 1529 306 1551 item
324 1529 482 1552 Defensorium
500 1529 592 1552 Ordinis
609 1536 651 1558 pro
670 1530 813 1558 pauperibus
837 1530 919 1554 Christi
941 1531 979 1554 ad>

134 1581 215 1598 versus
231 1574 316 1599 librum
333 1581 455 1599 erroneum
472 1576 564 1599 Geraldi
580 1576 610 1598 de
627 1575 723 1599 Abbatis
739 1577 805 1600 Vilia.

197 1623 233 1645 17.
251 1623 357 1650 Legenda
376 1623 400 1645 B.
417 1623 529 1646 Francisci
546 1624 628 1647 maior.

197 1670 234 1692 18.
250 1670 297 1693 Alia
315 1670 422 1698 Legenda
439 1670 543 1694 eiusdem
561 1670 585 1693 B.
602 1671 716 1694 Francisci
734 1671 828 1695 brevius
844 1673 945 1695 reducta.

199 1717 232 1739 19.
249 1716 356 1740 Officium
374 1717 397 1739 B.
415 1717 538 1744 Francisci,
555 1717 619 1746 quod
636 1718 719 1746 legitur
736 1719 758 1741 ln
776 1720 882 1743 Ecclesia.

195 1764 232 1787 20.
249 1763 355 1786 Officium
372 1764 480 1792 Corporis
496 1763 591 1793 Christi,
608 1765 660 1787 licet
676 1765 732 1788 illud
756 1766 820 1794 quod
838 1766 859 1789 in
877 1767 976 1789 Ecclesia

132 1811 286 1834 communiter
303 1811 398 1839 legitur,
416 1811 482 1833 tuerit
499 1811 523 1833 B.
541 1811 645 1834 Thomae
661 1811 691 1834 de
708 1812 807 1841 Aquino.

195 1858 231 1880 21.
249 1858 355 1881 Officium
373 1860 464 1880 sanctae
479 1857 558 1881 Crucis
574 1858 604 1881 ad
621 1858 749 1881 instantiam
767 1860 828 1886 regis
845 1860 960 1882 Franciae.

195 1905 232 1927 22.
249 1904 410 1928 Ordinationes
426 1904 578 1927 Novitiorum.

195 1952 231 1974 23.
250 1952 282 1974 De
298 1952 391 1974 stimulo
407 1951 500 1974 amoris.

195 1999 233 2022 24.
249 2000 355 2022 pharetra
369 1999 390 2021 in
402 1998 575 2021 auctoritatibus
587 1998 788 2034 principalioribus
800 2000 923 2022 Doctorum
937 2000 974 2022 Ec-

132 2046 214 2068 clesiae
231 2045 358 2069 secundum
376 2044 523 2073 alphabetum
542 2045 563 2067 in
581 2051 643 2067 sacra
662 2045 786 2073 Scriptura.

528 2123 579 2146 XV.

131 2201 252 2225 Octaviani
269 2201 295 2225 tle
312 2201 434 2232 Mantinia,
458 2201 482 2225 in
502 2201 603 2225 oratione
625 2208 699 2225 eoram
716 2201 782 2225 Sixto
799 2201 837 2225 lv.
855 2201 880 2225 P.
898 2201 929 2225 M.
946 2209 973 2225 ac

193 2248 375 2280 frequentissimo
400 2248 495 2272 Pati-um
520 2248 602 2272 senatu
627 2248 707 2272 habita.
731 2249 813 2279 quarto
829 2249 882 2272 Idus
905 2249 974 2279 Apri-

193 2295 224 2319 lis
243 2296 311 2320 1482.

174 2370 176 2373 ”
196 2375 213 2397 1.
232 2375 253 2397 ln
275 2374 379 2403 Capitulo
405 2375 517 2403 generali,
542 2375 605 2404 quod
630 2376 733 2403 primum
751 2375 869 2398 Narbonae
889 2375 972 2403 tenuit,

129 2421 232 2449 regulam
250 2421 274 2444 Β.
292 2422 403 2444 Francisci
420 2422 555 2444 reformavit
571 2424 640 2451 atque
657 2423 770 2450 exposuit.

191 2469 213 2491 2.
229 2467 340 2491 Libellum
363 2472 441 2491 contra
464 2469 562 2491 Minores
584 2469 815 2498 perniciosissimum,
833 2477 845 2492 a
864 2470 970 2498 Magistro

128 2515 220 2538 Giraido
238 2515 267 2538 de
284 2514 379 2538 Abbati<
394 2515 451 2538 Villa
464 2516 498 2544 <ut
509 2516 599 2545 putant)
612 2515 712 2543 editum,
724 2523 765 2544 per
777 2518 912 2546 Apologiam
926 2523 971 2539 non

129 2563 206 2585 minus
222 2563 356 2592 eloquenter
372 2569 443 2592 quam
460 2562 572 2585 subtiliter
589 2564 722 2587 confutavit.

192 2611 214 2632 3.
231 2609 288 2633 Cum
312 2610 403 2633 Parisiis
425 2610 517 2638 legisset
538 2611 640 2639 primum
663 2611 747 2635 librum
770 2613 876 2641 Genesis,
897 2612 973 2636 nobile

128 2663 200 2685 opus,
222 2657 285 2686 quod
311 2656 338 2680 (ἰν
359 2659 446 2687 septem
472 2657 604 2681 Viswnibus
627 2658 808 2683 &moveaturne
834 2660 972 2688 intitulatur,

129 2704 217 2727 editum
234 2707 276 2727 est.

191 2750 213 2774 4.
230 2751 252 2773 ln
271 2750 341 2773 libros
358 2752 527 2775 Sententiarum
545 2751 643 2774 celebria
659 2752 828 2775 Commentaria
846 2754 929 2781 edidit,
941 2760 973 2777 se·

129 2796 231 2819 cundum
249 2800 271 2819 et
287 2800 395 2826 quartum
414 2798 557 2826 praesertim.

190 2844 213 2866 5.
230 2844 293 2872 Quos
312 2844 381 2866 etlam
403 2845 498 2868 metrice
520 2845 603 2868 exstitit
624 2849 773 2874 prosecutus,
797 2850 819 2869 et
845 2847 971 2876 incipiunt:

129 2890 148 2913 O
163 2890 218 2920 fons
234 2890 380 2920 splendoris,
397 2898 439 2915 vas
456 2891 562 2915 dulcoris
578 2893 601 2915 et
615 2884 713 2916 amoris.
731 2893 820 2923 Quibus
831 2894 862 2917 ob
874 2894 973 2918 sublime

129 2937 245 2965 ingenium
262 2937 363 2960 auctoris
380 2937 411 2961 ibi
428 2938 558 2966 inspersum
581 2938 713 2965 Sententiae
737 2940 914 2969 Sententiarum
932 2941 971 2964 Bo-

128 2986 273 3007 uoventnrae
290 2985 367 3007 titulus
384 2985 468 3008 inditus
485 2988 526 3009 est.

222 3031 247 3054 S.
264 3031 353 3055 Bonae.
370 3044 400 3049 —
418 3032 484 3055 Tom.
502 3033 529 3055 V.

1819 187 1880 216 LVil

1104 263 1126 285 G.
1143 263 1218 289 Supcr
1231 262 1359 290 evangeliis
1370 262 1462 291 copiose
1480 266 1501 284 ct
1519 263 1601 285 utiliter
1613 264 1715 292 scripsit,
1729 266 1802 287 Lucae
1819 272 1897 293 prae-⁷

1042 309 1132 337 sertim,
1149 309 1274 331 cancellarii
1293 309 1343 336 piae
1361 309 1436 332 Matris
1449 310 1508 338 les-u,
1520 316 1591 338 spiam
1604 311 1689 338 pet-tori
1702 311 1838 339 impressam
1850 318 1883 334 as-

1041 355 1106 378 sidua
1124 355 1270 378 meditatione
1287 361 1379 383 semper
1396 356 1477 378 exstitit
1495 360 1624 379 ven-eratus.

1103 402 1125 426 7.
1143 403 1229 425 llursus
1247 409 1288 431 pro
1305 404 1495 431 contemplatione
1513 404 1536 426 S.
1553 404 1675 432 Ludoviri,
1688 405 1750 432 regis
1762 406 1881 432 Franciae,

1041 450 1146 473 Officium
1163 450 1192 472 de
1203 449 1275 472 Cruce
1288 450 1462 472 ‹lexotissinmm
1480 451 1563 479 edidit,
1580 452 1643 480 quod
1655 452 1685 474 ab
1697 452 1807 480 Ecclesia,
1819 453 1882 475 nullo

1041 497 1172 523 immutata,
1189 500 1320 525 receptum,
1338 497 1358 519 in
1376 504 1402 519 ea
1420 498 1561 520 solemnitate
1578 498 1664 527 ubique
1676 499 1766 527 legitur.

1103 545 1124 565 8.
1141 543 1275 571 Composuit
1287 546 1309 566 ct
1320 544 1421 566 solumm-
1434 544 1539 567 Oillcium
1558 545 1578 567 iu
1597 546 1707 568 honorem
1724 546 1748 568 B.
1760 546 1881 568 Franctasi.

1102 591 1124 612 9.
1142 591 1167 613 Et
1183 590 1212 612 de
1230 591 1301 619 ipsius
1319 591 1369 613 Vita
1387 591 1503 613 historiam
1522 592 1608 614 seriose
1625 595 1719 615 tvm-tutu
1742 593 1842 621 primum
1859 597 1882 615 ct

1040 637 1142 659 serundo
1153 638 1282 660 reduc-toric.
1294 639 1418 660 annotavit.

1106 685 1140 707 i0.
1151 683 1286 712 Composuit
1297 688 1319 707 et
1332 684 1434 708 libellum
1447 686 1476 708 de
1489 692 1526 708 sex
1539 687 1584 709 Alis
1596 688 1725 715 Seraphim.

1106 732 1140 754 ii.
1158 733 1179 754 ln
1198 735 1275 754 monte
1292 733 1404 755 Alvernae
1421 733 1468 755 duo
1486 733 1568 756 nobilia
1582 735 1691 762 opuscula
1709 735 1792 764 edidit,
1810 736 1882 764 plissi-

1040 785 1089 801 mas
1105 779 1309 807 contemplationes
1327 780 1462 807 fragrantia,
1486 787 1586 809 quorum
1613 781 1709 804 alterum
1727 782 1880 806 [linei-amira

1038 825 1122 848 memte
1140 825 1164 848 z'n
1182 826 1269 854 Deum,
1287 830 1309 848 et
1325 827 1421 849 alterum
1440 827 1463 849 in
1475 827 1586 857 seipsam
1599 829 1710 856 appellata
1724 832 1783 852 sunt.

1103 872 1138 893 12.
1154 871 1290 900 Composuit
1306 876 1328 895 et
1345 873 1445 896 libellum
1462 874 1653 902 approbatorium
1680 877 1804 904 Religionis
1821 878 1881 900 Men-

1037 917 1175 945 dicantium,
1192 919 1256 946 quod
1274 919 1438 948 Desensorium
1455 922 1577 949 appellant.

1103 964 1136 986 13.
1153 964 1288 993 Composuit
1309 969 1331 988 et
1350 965 1449 989 libellum
1473 968 1502 989 de
1526 968 1575 990 Vita
1598 968 1692 997 Christi,
1715 970 1764 992 sive
1784 971 1880 994 Medita-

1036 1011 1123 1033 tlonum
1141 1012 1274 1039 passionum
1292 1012 1375 1041 ipsius,
1393 1020 1463 1042 quem
1481 1013 1596 1038 Aram-em
1615 1015 1698 1039 Criu-123
1715 1018 1841 1041 nominant.

1099 1057 1136 1080 44.
1153 1057 1288 1086 Composuit
1304 1063 1326 1082 et
1344 1060 1497 1089 Breviloquia.

1098 1105 1135 1127 15.
1147 1106 1201 1127 item
1213 1108 1235 1128 et
1246 1112 1364 1129 sermones
1375 1107 1524 1130 dominicales
1536 1115 1605 1136 super
1618 1110 1747 1138 Evangeliis
1758 1114 1780 1133 et
1793 1111 1877 1139 Episto-

1035 1151 1061 1173 lis
1078 1157 1119 1179 per
1136 1155 1207 1174 totum
1223 1153 1277 1175 anni
1288 1154 1407 1176 circulum.

1101 1199 1134 1220 16.
1152 1200 1205 1221 itcm
1223 1199 1393 1228 compendium
1411 1202 1512 1224 veritatis
1528 1208 1606 1225 sacrae
1624 1203 1762 1231 scripturae.

1101 1245 1134 1268 17.
1152 1246 1205 1268 item
1218 1246 1318 1269 libellum
1335 1246 1489 1270 Ordinationis
1501 1248 1550 1271 sive
1567 1249 1714 1272 institutionis
1727 1250 1877 1273 Novitiorum.

1101 1293 1134 1315 18.
1152 1294 1207 1316 item
1224 1297 1247 1316 et
1263 1294 1363 1317 libellum
1381 1295 1411 1317 de
1428 1295 1524 1318 Stimulo
1540 1296 1634 1319 amoris.

1101 1341 1135 1363 19.
1151 1340 1275 1369 Libellum,
1291 1348 1362 1370 quem
1379 1343 1492 1370 appellant
1504 1342 1648 1366 Pharetram
1666 1344 1688 1366 in
1705 1345 1878 1368 auctoritatibus

1035 1387 1199 1415 principalibus
1216 1388 1340 1411 Doctorum
1363 1389 1557 1417 approbatorum,
1574 1396 1644 1419 quem
1668 1397 1709 1420 per
1731 1391 1878 1420 alphabetum

1035 1435 1117 1457 exstitit
1134 1438 1278 1463 prosecutus.

1099 1482 1135 1504 20.
1153 1482 1179 1504 Et
1195 1482 1237 1505 alia
1255 1484 1321 1511 plura
1332 1484 1442 1512 opuscula
1459 1491 1532 1513 usque
1544 1485 1573 1508 ad
1587 1486 1733 1508 tricenarium
1745 1493 1878 1514 numerum,

1035 1535 1095 1558 quae
1112 1530 1133 1552 in
1151 1529 1256 1558 partibus
1272 1530 1395 1554 Galliarum
1414 1532 1554 1561 frequentius
1572 1532 1685 1555 habentur
1702 1533 1724 1555 in
1742 1533 1856 1556 manibus.

1428 1627 1487 1649 xx'i.

1034 1717 1127 1741 neberti
1152 1718 1178 1741 de
1202 1718 1265 1742 Liuio
1290 1719 1341 1744 ord.
1367 1720 1491 1751 Minoum,
1513 1721 1610 1752 episcopi
1637 1721 1733 1753 Aquilae
1754 1722 1880 1747 Marsorum

1097 1765 1128 1793 (ἢ-
1147 1765 1230 1796 1495),
1243 1766 1266 1789 in
1284 1773 1396 1797 sermone,
1413 1774 1476 1797 quem
1493 1767 1576 1792 habuit
1592 1768 1618 1791 de
1632 1768 1747 1792 Laudilms
1765 1768 1788 1793 S.
1805 1769 1880 1793 Bona.-

1096 1812 1215 1835 venturae.

1096 1905 1162 1928 Multa
1179 1907 1271 1934 scripsit
1287 1908 1354 1930 laude
1370 1908 1441 1936 digna
1458 1912 1481 1931 et
1497 1909 1627 1936 legentibus
1638 1913 1710 1938 grata.
1727 1911 1784 1933 Nam

1099 1953 1118 1974 i.
1135 1953 1231 1981 Scripsit
1247 1953 1347 1976 libellum
1365 1955 1490 1984 Apologiae
1507 1960 1584 1979 contra
1603 1957 1721 1980 Giraldum
1739 1957 1768 1981 de
1785 1958 1880 1982 Abbatis

1034 1999 1101 2027 Villa,
1119 2000 1159 2028 qui
1176 2000 1246 2022 multa
1265 2001 1318 2023 salsa
1337 2001 1366 2024 de
1383 2002 1503 2030 Religiosis
1519 2006 1542 2026 et
1558 2004 1682 2031 Religionis
1703 2008 1761 2027 statu
1784 2006 1879 2034 dissere·

1032 2045 1081 2073 bat,
1099 2047 1138 2075 qui
1156 2047 1262 2069 Giraldus
1279 2048 1371 2070 tandem
1389 2049 1494 2077 leprosus
1511 2053 1617 2079 mortuus
1633 2054 1675 2073 est.

1095 2094 1116 2116 2.
1134 2094 1228 2122 Scripsit
1245 2095 1346 2117 libellum
1364 2095 1393 2118 de
1410 2102 1449 2118 sex
1466 2096 1512 2119 Alis
1529 2097 1658 2125 Seraphim.

1095 2141 1116 2163 3.
1133 2141 1158 2163 Et
1175 2147 1245 2169 super
1261 2142 1367 2164 Genesim
1385 2149 1456 2170 opus,
1473 2144 1538 2172 quod
1556 2144 1680 2168 intitulatur
1695 2144 1724 2168 de
1739 2148 1828 2175 septem
1844 2147 1878 2175 Vi-

1031 2186 1149 2215 sionibus,

1096 2235 1116 2257 Ιι.
1134 2235 1158 2257 Et
1176 2235 1335 2258 Defensorium
1352 2236 1484 2265 Religionis,

1134 2283 1159 2304 Et
1175 2283 1287 2310 Regulam
1306 2283 1456 2311 Novstiorum,

1134 2330 1159 2352 Et
1175 2336 1245 2358 super
1262 2334 1361 2358 quatuor
1377 2330 1447 2353 libros
1465 2332 1641 2360 Sententiarum,

1111 2394 1116 2398 .
1133 2377 1158 2398 Et
1174 2377 1338 2404 expositionem
1355 2378 1458 2406 Reguiae
1475 2379 1515 2401 FF.
1533 2379 1655 2407 Minorum,

1093 2283 1116 2446 9049&

1133 2425 1157 2447 Et
1175 2425 1355 2454 Brevquuium,

1093 2473 1116 2495 9.
1133 2472 1158 2494 Et
1174 2478 1293 2496 sermones
1308 2473 1459 2497 dominicales
1476 2481 1517 2503 per
1534 2476 1586 2497 anni
1604 2476 1724 2503 circulum,

1095 2519 1130 2541 10,
1148 2519 1174 2542 Et
1190 2525 1259 2547 super
1276 2523 1375 2549 quatuor
1388 2521 1524 2549 Evangelia,
1541 2522 1666 2550 praecipue
1682 2528 1753 2551 super
1765 2524 1859 2550 Lucam,

1096 2567 1130 2588 ii.
1148 2567 1173 2589 Et
1190 2566 1219 2589 de
1236 2566 1324 2589 Arbore
1342 2568 1408 2590 Vitae
1424 2569 1554 2593 crucifixae.

1097 2614 1131 2636 12.
1148 2615 1173 2636 Et
1189 2615 1254 2642 plura
1271 2615 1315 2637 alia
1332 2617 1444 2643 opuscula
1461 2616 1545 2645 edidit;

1096 2660 1131 2683 13,
1147 2661 1205 2683 inter
1221 2667 1282 2690 quae
1298 2662 1375 2684 omnia
1393 2662 1516 2691 singularis
1533 2664 1574 2686 {uit
1591 2665 1698 2692 Legenda
1712 2665 1737 2687 B.
1753 2665 1875 2688 Franciscl.

1417 2742 1485 2764 xvu.

1031 2816 1065 2840 Ex
1082 2815 1208 2840 Alexandro
1224 2817 1315 2843 Ariosto
1332 2818 1384 2843 Ord.
1401 2819 1472 2850 Min„
1489 2820 1528 2852 qui
1544 2820 1622 2844 norun
1634 2820 1731 2852 tempore
1749 2820 1813 2845 stxti
1830 2821 1873 2851 IV,

1117 2871 1130 2887 a
1146 2871 1187 2894 quo
1204 2865 1301 2889 nuntius
1318 2865 1347 2889 ad
1363 2866 1493 2891 Maronitas
1509 2867 1592 2891 missus
1609 2868 1645 2892 est
1662 2875 1699 2892 an.
1718 2868 1787 2892 1475.

1096 2944 1114 2966 i.
1131 2944 1226 2972 Scripsit
1242 2951 1312 2973 super
1328 2949 1428 2974 quatuor
1439 2946 1511 2974 libros
1528 2947 1695 2970 Sententiarum
1713 2948 1779 2970 suavi
1791 2950 1812 2969 et
1824 2953 1873 2969 eru-

1029 2989 1077 3013 dito
1093 2996 1207 3024 sermone.

1734 3042 1778 3063 Vlll
