2285 3398
18 496 95 524 Duplex·
103 501 152 515 com·

44 522 133 539 munitae.

28 1485 102 1513 Duplex
113 1490 144 1504 ne·

30 1514 142 1529 (temanum.

40 1579 147 1599 Subdistin-

633 177 675 205 DE
698 178 863 206 MYSTERIO
883 178 1065 207 TRlNlTATlS
1085 178 1219 214 QUAEST.
1243 179 1294 207 Vll.
1317 178 1387 208 ART.
1411 180 1438 208 ll.

161 254 263 283 tectum
294 258 523 293 consequentem,
555 263 609 284 non
641 256 723 285 habet
752 257 903 286 veritatem.
931 257 1007 285 Sicut

160 301 233 330 enim
255 301 316 331 talis
336 310 419 331 causa
440 310 494 331 non
516 305 641 331 mutatur
656 306 769 340 propter
783 304 931 333 effectuum
946 312 1007 332 mu-

161 348 369 379 tabilitatemet
393 350 591 383 differentiam,
613 350 651 378 sic
671 351 753 379 etiam
777 359 825 380 nec
846 351 1006 388 contingens

161 404 221 425 esse
242 397 353 434 ponitur
374 400 488 435 propter
506 397 719 434 contingentiam
736 398 761 426 in
777 399 834 427 suis
855 398 1005 427 effectibus.

241 445 266 473 ti.
289 446 325 474 Ad
347 446 413 474 illud
436 445 509 483 quod
531 444 675 479 obiicitur,
697 446 771 482 quod
785 449 889 483 quanto
903 445 1005 483 aliquid

161 491 374 527 inditl'erentius,
391 496 466 522 tanto
480 491 654 521 communius
667 503 672 526 ;
687 492 849 527 dicendum,
871 493 943 530 quod
965 495 1006 521 cst

161 540 354 568 communitas
374 540 495 577 duplex,
517 538 620 568 scilicet
641 547 690 575 per
711 539 951 574 abstractionem,
979 542 1006 568 et

161 594 210 622 pei·
221 586 523 616 indenominationem.
536 586 604 614 Cum
615 593 682 623 ergo
692 586 806 619 dicitur,
818 587 891 623 quod
902 590 1006 624 quanto

160 633 263 670 aliquid
285 633 501 669 indifferentius,
524 636 599 662 tanto
620 633 812 667 communius;
836 634 885 662 lioc
908 634 1006 662 intelli-

160 680 235 716 gitur
262 680 296 708 de
324 682 520 710 communitate
548 689 598 718 per
619 680 928 715 imlenomz‘nait'cmem,
957 689 1006 718 per

160 735 244 763 quem
265 728 377 756 modum
398 729 532 763 dicimus,
560 728 634 765 quod
662 728 865 756 contrariorum
893 728 1005 757 unicum

160 775 202 801 est
224 773 394 810 subiectum3
416 776 490 813 quod
511 775 632 804 maxime
654 782 751 803 verum
770 778 811 803 est
826 774 851 803 in
875 775 917 803 liis
938 783 1006 812 quo-

161 827 225 848 rum
245 820 364 850 alterum
393 831 446 851 non
468 824 551 852 habet
572 823 645 851 circa
666 822 820 851 subiectum
841 822 1006 851 determina-

161 869 215 895 tam
248 870 389 897 causam1.
417 870 485 899 Cum
513 873 606 899 autem
634 869 773 906 adiungit,
801 869 874 906 quod
902 872 1007 906 quanto

159 913 264 951 aliquid
284 917 472 951 communius,
488 921 563 946 tanto
577 916 746 954 simplicius;
763 916 830 944 illud
844 916 1006 952 intelligitur

160 961 193 990 de
221 963 418 993 communitate
447 973 496 1001 per
523 964 768 997 abstractionem;
797 963 869 992 unde
896 971 932 992 ex
954 963 1005 991 lioc

160 1016 214 1036 non
235 1009 424 1045 concluditur,
446 1012 519 1049 quod
548 1011 734 1049 contingentia
754 1013 856 1048 ponant
876 1007 1005 1047 simplici-

160 1059 262 1090 tatem;
291 1058 358 1094 quin
386 1059 478 1095 potius
505 1060 650 1088 includunt
681 1058 907 1092 mutabilitatem,
934 1065 1005 1094 quae

159 1104 283 1133 excludit
297 1113 432 1135 summam
448 1107 665 1144 simplicitatem;
681 1109 795 1144 propter
809 1104 883 1142 quod
898 1112 1006 1133 summa

160 1151 319 1188 simplicitas
346 1162 399 1182 non
426 1157 515 1191 potest
536 1155 587 1183 nisi
610 1154 637 1183 in
659 1161 765 1183 summe
786 1152 941 1181 necessario
962 1159 1005 1180 re-

159 1199 252 1235 periri.
278 1200 348 1236 Quia
374 1209 440 1238 ergo
466 1201 591 1230 divinum
612 1210 671 1230 esse
691 1203 732 1230 est
753 1199 1004 1237 simplicissimum

160 1245 220 1275 ideo
241 1255 351 1276 necesse
372 1251 428 1282 est,
450 1248 540 1285 ipsum
562 1257 621 1278 esse
635 1257 689 1277 non
704 1247 880 1284 contingens,
896 1246 943 1275 sed
958 1254 1005 1275 ne-

159 1294 320 1324 cessarium.

238 1342 264 1368 7.
286 1341 324 1369 Ad
352 1341 421 1370 illud
447 1342 521 1379 quod
547 1343 692 1377 obiicitur,
714 1342 788 1380 quod
809 1349 890 1370 omne
911 1349 1004 1370 neces-

159 1387 263 1416 sarium
291 1390 332 1416 est
360 1388 469 1423 scibile,
490 1392 517 1417 et
541 1398 621 1419 omne
648 1390 742 1419 scibile
769 1392 810 1418 est
837 1388 1004 1426 principium

158 1434 416 1470 demonstrationis,
433 1436 490 1468 ‚vel
521 1444 570 1473 per
599 1436 859 1466 demonstrationem
893 1436 1023 1465 conclu-v

158 1490 239 1516 sum;
261 1482 423 1517 dicendum,
451 1483 525 1520 quod
549 1486 590 1512 est
617 1484 803 1513 necessarium
830 1484 862 1512 iri
887 1492 1003 1522 ywere,

158 1532 185 1558 et
205 1532 246 1559 est
268 1529 453 1559 necessarium
475 1533 559 1559 extra
578 1539 690 1568 yemis:
708 1535 736 1560 et
757 1531 809 1560 hoc
829 1530 941 1569 quidem
963 1534 1005 1560 est

159 1577 323 1614 dupliciter:
347 1577 389 1606 vel
409 1581 491 1606 extra
503 1586 595 1615 glenus
608 1578 850 1613 determinatum,
864 1578 908 1607 vel
922 1581 1005 1607 extra

158 1633 240 1653 omne
260 1633 352 1662 ,oenus
378 1624 549 1662 simplicite-r
560 1625 579 1653 ².
609 1626 799 1655 Necessarium
826 1634 894 1663 ergo
920 1629 1005 1654 extra>

159 1680 241 1700 omne
259 1680 352 1709 yenus
371 1672 555 1710 simpliciter,
571 1672 623 1701 hoc
637 1676 678 1702 est
699 1674 726 1702 in
742 1674 800 1703 solo
814 1674 886 1707 Deo,
901 1673 948 1710 qui
964 1676 1005 1702 est

158 1726 243 1755 supra
264 1722 291 1748 et
311 1722 393 1749 extra
419 1727 501 1748 omne
528 1727 615 1757 genus
642 1720 728 1755 entis,
756 1721 822 1758 quia
849 1721 875 1750 in
904 1728 1005 1758 genere

158 1774 217 1795 esse
239 1774 292 1795 non
315 1769 417 1804 potest,
439 1774 490 1795 nec
514 1775 569 1804 per
589 1775 619 1795 se
639 1775 689 1796 nec
712 1777 767 1805 per
787 1768 1005 1806 appropriatio-

158 1823 243 1848 nem;
264 1817 291 1843 et
312 1815 376 1844 tale⁴
393 1814 580 1843 necessarium
607 1822 717 1843 omnem
744 1815 1005 1844 demonstrationem

158 1861 293 1890 antecedit
313 1864 341 1890 et
362 1860 589 1898 supergreditur,
610 1861 675 1898 quia
695 1861 798 1890 nullam
819 1861 1005 1890 definitionem

158 1917 274 1946 prorsus
295 1909 398 1938 habere
419 1911 509 1945 potest
520 1907 539 1935 ³.
557 1924 593 1928 —
608 1908 687 1944 Quod
707 1916 773 1945 ergo
793 1909 910 1937 dicitur:
925 1916 1006 1936 omne

158 1956 346 1985 necessarium
367 1959 409 1985 est
430 1955 598 1993 principium
609 1955 875 1990 demonstrationis,
896 1955 939 1984 vel
960 1955 1006 1984 de-

1850 183 1902 210 109

1062 259 1244 285 monstratum
1258 269 1263 292 ;
1285 258 1443 293 dicendum,
1459 260 1531 297 quod
1554 260 1619 289 illud
1635 260 1795 297 intelligitur
1809 260 1842 288 de
1858 267 1903 288 ne·-

1063 304 1197 337 cessario,
1218 304 1292 341 quod
1319 309 1360 333 est
1381 305 1564 335 datm-minaci
1576 307 1706 344 generis,
1727 306 1767 334 vel
1782 305 1855 343 quod
1870 305 1903 334 ad

1062 350 1284 379 determinatum
1304 360 1394 388 yemis
1413 357 1502 389 potest
1523 353 1735 390 appropriari,
1754 352 1825 381 sicut
1839 355 1904 380 sunt

1062 406 1222 426 communes
1248 398 1330 427 animi
1359 400 1563 436 conceptiones,
1595 409 1681 437 quae,
1715 401 1741 429 in
1769 402 1903 437 quantum

1062 445 1292 482 appropriantur,
1313 446 1571 476 demonstrationem
1600 448 1801 484 ingrediuntur.
1830 446 1904 476 Unde

1064 492 1133 520 ratio
1154 492 1199 520 illa
1221 501 1273 521 non
1300 493 1450 527 concludit,
1472 495 1545 530 quod
1565 495 1687 523 divinum
1709 504 1768 523 esse
1788 498 1829 524 est.
1857 502 1903 523 ne—

1062 539 1211 568 cessarium
1233 540 1266 568 ad
1287 548 1374 577 genus
1395 541 1607 569 determinatum
1629 546 1806 571 coarctatum.

1141 588 1167 615 8.
1190 587 1226 615 Ad
1248 587 1315 615 illud
1337 587 1410 624 quod
1431 588 1576 622 obiicitur,
1598 589 1670 624 quod
1691 592 1794 625 quanto
1818 588 1905 626 magis

1063 634 1263 669 necessarium,
1286 637 1361 663 tanto
1383 635 1467 671 magis
1488 638 1614 669 certum;
1642 635 1803 669 dicendum,
1831 635 1904 672 quod

1062 681 1164 718 aliquid
1185 681 1287 710 dicitur
1307 689 1367 710 esse
1388 682 1491 710 certius
1511 682 1598 710 altero
1622 689 1670 710 seu
1699 682 1790 710 notius
1816 682 1905 718 dupli-

1062 729 1148 758 citer:
1170 729 1212 757 vel
1233 729 1418 766 simpliciter,
1440 729 1482 757 vel
1503 729 1600 767 quoad
1619 729 1701 757 ηομ.
1719 729 1807 756 Prima
1821 728 1905 764 igitur

1063 777 1212 813 propositio
1233 776 1375 805 veritatem
1398 776 1495 810 habet,
1517 776 1668 805 secundum
1683 775 1904 813 quodintelligi-

1064 827 1109 852 tur
1130 824 1163 853 de
1184 824 1279 853 maiori
1309 824 1473 853 certitudine
1500 824 1687 861 simpliciter,
1716 832 1769 852 non
1797 826 1905 857 autem,

1063 871 1214 899 secundum
1237 871 1310 908 quod
1326 871 1487 909 intelligitur
1501 871 1535 900 de
1549 871 1714 900 certitudine
1728 871 1825 909 quoad
1838 878 1904 904 nos,

1063 926 1113 954 pro
1134 926 1166 946 eo
1187 918 1260 955 quod
1282 919 1327 947 illa
1348 926 1419 956 quae
1440 922 1505 947 sunt
1525 918 1677 947 certissima
1698 922 1724 947 et
1746 918 1905 947 luculentis-

1062 964 1131 993 sima
1152 964 1179 993 in
1202 973 1230 993 se
1251 965 1317 1002 ipsis
1337 965 1456 994 obscura
1476 965 1555 994 nobis
1576 962 1705 994 videntur
1726 967 1839 1001 propter
1859 964 1906 993 de-

1062 1012 1164 1051 fectum
1185 1019 1220 1040 ex
1242 1015 1320 1048 parte
1341 1012 1496 1040 intellectus
1516 1011 1619 1046 creati;
1647 1015 1674 1040 et
1701 1012 1761 1040 ideo
1787 1011 1906 1039 Philoso-

1062 1058 1134 1095 phus
1145 1058 1156 1075 ⁵
1177 1058 1255 1093 dicit,
1277 1058 1350 1096 quod
1377 1070 1390 1083 «ι
1405 1058 1476 1087 sicut
1491 1066 1519 1087 se
1534 1058 1617 1087 habet
1630 1059 1728 1088 oculus
1742 1060 1858 1087 noctuae
1872 1057 1906 1086 ad

1062 1105 1166 1139 lucem,
1188 1105 1227 1134 sic
1247 1106 1345 1134 oculus
1359 1109 1452 1134 noster
1466 1105 1500 1134 ad
1514 1105 1736 1145 manifestissima
1749 1108 1864 1133 naturae
1878 1116 1905 1132 ι».

1061 1152 1242 1181 Nihilominus
1263 1156 1369 1187 tamen,
1392 1152 1453 1181 licet
1473 1152 1597 1180 divinum
1611 1160 1670 1180 esse
1683 1151 1835 1180 secundum
1850 1151 1907 1188 ple-

1062 1199 1213 1228 nitudinem
1235 1207 1302 1228 suae
1316 1198 1448 1228 claritatis
1462 1199 1496 1227 sit
1511 1198 1589 1227 nobis
1603 1198 1743 1227 occultum
1752 1221 1759 1232 ,
1774 1198 1907 1235 quamdiu

1061 1254 1158 1275 sumus
1179 1246 1206 1274 in
1232 1249 1305 1274 statu
1332 1246 1484 1280 viatorum,
1508 1245 1693 1274 certissimum
1714 1245 1793 1274 nobis
1812 1248 1854 1274 est
1880 1248 1908 1274 et

1061 1293 1256 1327 indubitabile,
1282 1293 1369 1321 Deum
1391 1300 1467 1327 esse,
1496 1292 1649 1321 secundum
1676 1292 1751 1330 quod
1771 1300 1807 1321 ex
1829 1300 1907 1329 prae-

1061 1340 1222 1369 cedentibus
1242 1340 1473 1378 quaestionibus⁶
1494 1340 1636 1369 manifeste
1657 1343 1779 1377 apparet.

1140 1388 1166 1415 9.
1189 1386 1228 1416 Ad
1248 1386 1315 1415 illud
1346 1386 1420 1424 quod
1450 1386 1596 1421 obiicitur,
1617 1386 1692 1424 quod
1720 1386 1907 1415 necessarium

1061 1442 1115 1463 non
1136 1437 1178 1463 est
1193 1434 1361 1469 timendum,
1376 1434 1448 1463 sicut
1462 1441 1511 1462 nec
1526 1433 1693 1470 impossibile
1707 1433 1907 1470 appetendum,

1060 1481 1223 1516 dicendum,
1238 1481 1312 1519 quod
1327 1481 1512 1510 necessarium
1534 1481 1561 1509 in
1582 1484 1682 1510 eventu
1697 1480 1740 1510 vel
1761 1480 1788 1509 in
1809 1481 1909 1510 effectu

1062 1528 1264 1558 formidandum
1286 1537 1340 1557 non
1361 1531 1417 1563 est,
1446 1528 1512 1565 quia
1538 1528 1607 1557 nihil
1635 1528 1747 1565 prodest
1775 1527 1907 1562 formido,

1061 1577 1109 1606 ubi
1131 1584 1241 1605 necesse
1262 1579 1304 1605 est
1324 1576 1363 1605 sic
1383 1576 1513 1611 evenire;
1535 1576 1721 1605 necessarium
1746 1579 1839 1605 autem
1866 1584 1908 1605 se-

1061 1623 1183 1653 cundum
1204 1627 1315 1658 statum
1342 1623 1549 1658 intrimeeum,
1571 1623 1645 1660 quod
1665 1625 1756 1660 potest
1780 1623 1838 1652 sine
1865 1622 1908 1652 sui

1061 1670 1212 1700 mutatione
1234 1670 1390 1699 retribuere
1411 1670 1606 1707 sempiternam
1627 1670 1758 1707 gloriam,
1780 1670 1823 1699 vel
1837 1678 1909 1699 sem-

1061 1719 1201 1756 piternum
1216 1718 1401 1755 supplicium;
1416 1718 1484 1753 hoc,
1499 1718 1628 1755 inquam,
1649 1720 1691 1746 est
1711 1718 1832 1746 maxime
1854 1717 1909 1746 sor-

1061 1765 1220 1795 midandum
1242 1768 1269 1794 et
1289 1768 1403 1802 propter
1424 1764 1620 1802 acquirendam
1647 1764 1763 1801 gratiam
1791 1767 1818 1793 et
1845 1773 1910 1801 pro-

1061 1817 1123 1852 pter
1143 1813 1332 1842 declinandam
1353 1820 1486 1850 poenam,
1507 1811 1573 1849 quia
1593 1811 1647 1840 tale
1661 1811 1848 1840 necessarium
1863 1819 1909 1840 vo-

1062 1860 1176 1889 luntatis
1191 1859 1381 1888 liberalitatem
1396 1862 1424 1887 et
1437 1858 1584 1896 aequitatis
1598 1858 1729 1887 iustitiam
1744 1866 1798 1887 non
1813 1858 1910 1887 exclu—

1062 1907 1114 1941 dit,
1143 1906 1296 1935 secundum
1324 1906 1398 1943 quod
1426 1906 1453 1934 in
1482 1905 1607 1943 sequenti
1630 1905 1791 1943 quaestione
1812 1905 1910 1934 melius

1063 1953 1214 1992 apparebit.

917 2101 1097 2131 ARTICULUS
1119 2101 1146 2130 ll.

626 2210 729 2239 Illi-iim
752 2213 825 2239 slent
844 2209 934 2238 simul
954 2209 1073 2238 trinita-5
1093 2213 1119 2238 et
1139 2218 1257 2238 samma
1278 2209 1441 2239 necessitas.

239 2358 342 2387 Deinde
363 2358 523 2395 quaeritur,
546 2361 641 2386 utrum
662 2360 734 2386 stent
755 2357 837 2386 simul
855 2357 964 2386 trinitas
977 2360 1005 2386 et

160 2413 266 2434 summa
280 2405 435 2434 necessitas.
446 2405 476 2433 Et
487 2405 561 2442 quod
572 2405 626 2433 sint
637 2404 879 2441 incompossibiles,
887 2404 1004 2434 videtur.

242 2453 265 2481 1.
288 2451 457 2489 Augustinus
477 2452 511 2480 ad
531 2451 659 2480 Orosium
673 2451 701 2479 ⁷:
728 2463 741 2476 «
757 2451 835 2480 Pater
849 2459 899 2480 nec
913 2459 1006 2480 neces-

1061 2357 1140 2387 sitate
1161 2365 1211 2386 nec
1232 2357 1373 2386 voluntate
1393 2356 1488 2394 genuit
1509 2356 1606 2385 Filium
1621 2367 1648 2389 »;
1670 2356 1717 2384 sed
1736 2355 1809 2393 quod
1824 2363 1907 2392 repu-
1919 2360 2037 2403 Adae-›si-

1062 2407 1127 2441 gnat
1148 2403 1316 2441 generationi
1339 2406 1475 2441 repugnat
1490 2402 1604 2432 trinitati
1617 2414 1623 2437 ;
1639 2402 1785 2431 necessitas
1799 2405 1838 2430 est
1854 2402 1907 2430 liu-

1064 2450 1200 2480 iusmodi:
1222 2459 1288 2488 ergo
1309 2454 1360 2480 etc.

223 2625 230 2639 ¹
249 2627 353 2654 Aristot.,
370 2627 399 2650 de
417 2627 557 2649 Praedicam.
574 2632 595 2648 c.
611 2626 639 2649 de
656 2625 786 2656 oppositas,
807 2626 886 2654 docet,
908 2627 1004 2650 alterum

161 2666 323 2695 oppositorum
340 2673 388 2689 non
405 2666 535 2689 necessario
552 2665 627 2688 eidem
645 2664 792 2695 susceptibili
810 2664 838 2695 [i.
854 2670 874 2688 e.
892 2665 1005 2696 subiecto]

161 2706 248 2733 inesse,
264 2706 307 2729 nisi
321 2713 393 2729 unum
412 2706 464 2728 insit
476 2705 615 2732 naturaliter,
632 2707 657 2727 ut
674 2705 721 2733 igni
734 2705 833 2728 calidum
850 2711 909 2728 esse.
920 2705 970 2728 Lib.
981 2706 1006 2728 ll.

161 2745 242 2773 Topic.
260 2752 279 2768 c.
303 2746 324 2768 3.
347 2746 378 2774 (c.
398 2745 443 2774 7.)·.
467 2745 530 2767 ldem
553 2743 720 2767 contrariorum
743 2743 909 2772 susceptivum.
925 2757 957 2761 —
973 2745 1006 2766 De

160 2790 210 2813 seq.
227 2791 322 2813 propos
339 2786 380 2807 cfr.
397 2791 466 2813 supra
485 2790 538 2812 pag.
555 2783 583 2810 7,
600 2786 653 2805 nota
671 2783 693 2805 9.

222 2822 231 2836 ²
249 2825 349 2851 Aristot„
367 2825 395 2847 V.
412 2825 511 2852 Netapli.
528 2826 581 2845 text.
598 2823 635 2845 21.
653 2822 700 2851 (tv.
717 2828 737 2845 c.
758 2822 815 2852 l6.),
832 2829 904 2851 agens
916 2824 944 2846 de
953 2829 1006 2853 per-

159 2864 232 2894 fecto,
251 2864 322 2886 utitur
335 2864 492 2887 distinctione:
510 2862 533 2885 in
546 2861 627 2892 aliquo
644 2867 728 2891 aenei-e
745 2865 765 2884 et
778 2862 802 2885 in
818 2868 959 2893 unoquoque
970 2869 1006 2892 ye-

159 2909 223 2926 itere.
240 2902 287 2926 Cir.
303 2903 319 2925 l.
336 2903 398 2926 Sent.
415 2903 438 2926 d.
456 2904 477 2925 8.
494 2909 518 2930 p.
535 2902 559 2924 ll.
575 2908 599 2930 q.
617 2901 638 2924 4.

223 2940 232 2953 ⁵
249 2942 308 2964 Vide
326 2949 396 2970 supra
414 2948 469 2970 pag.
485 2941 527 2969 77,
545 2944 597 2963 nota
616 2941 638 2963 2.
654 2952 685 2957 —-—
702 2941 734 2962 De
751 2941 914 2964 communibus
936 2942 1005 2964 animi

162 2981 353 3009 conceptionibus
370 2983 411 3004 cfr.
428 2987 497 3009 supra
516 2987 570 3008 pag.
582 2980 623 3007 79,
641 2983 694 3002 nota
707 2980 728 3002 6.
740 2983 761 3002 et
774 2980 876 3008 Ariston,
893 2982 909 3004 Ι.
920 2982 1006 3004 Foster.

1063 2633 1083 2649 c.
1099 2626 1123 2649 7.
1140 2627 1164 2649 ln
1176 2627 1221 2649 t'lne
1233 2627 1352 2650 solutionis
1370 2629 1422 2655 post
1439 2625 1544 2650 divinum
1562 2632 1611 2649 esse
1627 2625 1791 2653 expunximus,
1804 2626 1908 2647 contextu

1063 2667 1202 2694 suffragante
1211 2684 1216 2694 ,
1230 2672 1286 2689 non.

1126 2704 1136 2717 ⁴
1152 2706 1199 2728 Hac
1216 2705 1361 2728 distinctione
1373 2705 1443 2727 utitur
1460 2705 1562 2732 Aristot.‚
1575 2704 1590 2727 l.
1602 2704 1688 2726 Poster.
1705 2710 1725 2726 e.
1737 2704 1759 2726 2.
1776 2706 1797 2725 et
1814 2703 1829 2726 1.
1841 2703 1909 2731 Phys.

1064 2748 1116 2767 text.
1133 2746 1155 2768 2.
1171 2751 1237 2774 seqq.

1126 2783 1135 2796 ³
1152 2784 1214 2807 Libr.
1231 2785 1255 2807 ll.
1272 2785 1371 2813 llletapli.
1389 2787 1442 2807 text.
1460 2784 1481 2806 t.
1499 2784 1528 2812 (l.
1545 2783 1645 2810 brevior,
1663 2789 1683 2805 c.
1702 2782 1740 2811 l.).

1125 2822 1135 2835 ‘³
1153 2824 1246 2853 Quaest.
1269 2824 1290 2846 l.
1311 2830 1332 2846 a.
1359 2824 1380 2846 t.
1399 2836 1431 2840 —
1450 2824 1481 2846 Ex
1504 2824 1547 2846 hoc
1570 2823 1619 2845 loco
1643 2822 1717 2850 colligi
1740 2824 1827 2850 potest,
1850 2822 1909 2843 lianc

1064 2863 1222 2892 quaestionem
1245 2869 1295 2886 esse
1313 2869 1386 2892 aeque
1409 2863 1546 2891 genuinam,
1569 2868 1595 2884 ac
1612 2862 1678 2884 citata
1701 2861 1816 2890 quaestio,
1838 2865 1907 2889 quam

1064 2902 1142 2924 Petrus
1159 2903 1248 2925 loannis
1265 2902 1323 2925 Olix'i
1342 2903 1365 2925 S.
1382 2902 1557 2924 Bonaventurae
1574 2894 1687 2929 expressis
1707 2899 1785 2923 verbis
1804 2898 1889 2921 tribuit.

1120 2940 1134 2953 '⁷
1153 2942 1206 2964 Sive
1223 2943 1315 2971 Quaest.
1333 2942 1362 2964 65
1381 2942 1466 2970 dialog.
1492 2941 1564 2970 (inter
1586 2947 1655 2969 opera
1674 2940 1780 2968 August.)
1798 2946 1821 2967 q.
1838 2938 1859 2960 7.
1877 2950 1907 2954 —

1063 2981 1148 3004 Eadem
1166 2982 1270 3010 quaestio
1288 2981 1384 3004 solvitur
1401 2981 1417 3003 1.
1435 2981 1496 3011 Sent.
1514 2981 1536 3003 d.
1555 2981 1576 3003 6.
1593 2987 1616 3009 q.
1637 2981 1655 3002 l.
1672 2983 1692 3001 et
1711 2980 1732 3001 2.

1919 688 1986 708 Nouus
2001 688 2048 707 ltm-

1930 712 2006 737 pliciter
2025 714 2045 731 et

1929 735 1991 760 quoad
2004 740 2044 755 not.
