2285 3398
782 119 879 147 INDEX
901 120 1139 148 OPUSCULORUM
1160 122 1445 152 'sllEOLOGOEORUM
1924 129 1978 156 3583

246 195 298 218 Co.
337 198 368 219 lll.
386 197 418 219 De
427 197 506 224 gratia!
517 197 539 218 in
551 199 661 225 quantum
674 199 707 219 cst
719 197 846 219 rems-*ilium
860 198 1008 226 peccatipnj.
1041 197 1085 219 254
1143 198 1194 221 CM».
1214 200 1264 222 Vlll.
1282 201 1313 222 Di:
1331 201 1457 227 integritate
1476 204 1660 226 ‹·‹›ntlrnmtionis,
1695 222 1698 226 .
1734 222 1738 226 .
1772 222 1776 226 .
1809 222 1814 227 .
1845 211 1901 234 puy.
1935 206 1978 227 272

333 246 369 267 IV.
386 246 419 267 De
436 245 596 268 rnniiflcationc
614 245 699 272 gratiae
711 245 733 267 in
747 245 836 267 habitus
853 246 961 267 virtutum
996 254 1005 265 u
1041 245 1085 267 2556
1229 246 1265 267 lx.
1283 246 1313 267 Dc
1331 247 1457 273 integritate
1474 249 1622 271 eucharistiae
1656 267 1661 272 .
1695 267 1699 272 .
1733 267 1738 272 .
1773 268 1778 272 .
1808 268 1816 278 ,.
1850 269 1855 273 .
1889 261 1898 271 υ
1934 252 1977 273 2715

341 291 368 313 V.
386 291 417 313 De
435 291 597 313 ramissoetionc
614 291 700 317 gratiae
713 291 733 313 in
746 291 836 313 habitus
847 292 961 313 donortun
995 300 1005 311 ›·
1041 291 1085 313 ⁴257
1237 292 1264 314 X.
1282 293 1313 314 Dc
1332 293 1457 318 inmaritata:
1475 295 1626 321 poenitentiae
1654 308 1898 319 ........
1934 298 1977 319 275

334 337 370 359 Vl.
388 338 419 359 Dc
437 337 599 359 ramitlcationc
616 338 701 365 gratiae
720 338 740 360 iu
759 338 849 360 habitus
866 338 962 361 beatitu-
1228 339 1264 360 Xl.
1282 339 1313 361 Dc
1330 340 1457 367 integritate
1475 342 1585 363 uin-tionis
1601 345 1714 364 extremae
1732 361 1737 365 .
1770 360 1776 365 .
1809 361 1814 366 .
1849 361 1854 366 .
1887 353 1897 363 n
1933 344 1977 366 276

402 384 495 410 (linum,
507 386 529 405 et
541 389 581 410 per
593 390 735 412 consequens
754 385 867 407 fructuum
875 388 901 411 ‚ot
913 392 960 407 scn-
1220 385 1266 407 ΧΗ.
1283 386 1314 407 De
1332 386 1457 411 integritate
1475 387 1561 409 ordinis·
1574 405 1580 409 .
1614 405 1618 410 .
1652 405 1657 410 .
1692 407 1696 411 .
1732 407 1736 411 .
1771 407 1775 411 .
1810 407 1815 412 ,
1849 407 1853 412 .
1887 399 1897 409 n
1933 390 1977 411 277

402 435 469 452 suum
487 447 493 452 .
526 447 531 452 .
566 447 571 452 .
605 447 609 451 .
643 448 648 452 .
682 447 687 453 .
721 448 726 453 .
761 448 766 452 .
800 449 804 453 .
839 448 844 453 .
876 448 881 453 .
916 449 922 454 .
954 449 959 454 .
993 441 1004 451 ι)
1040 433 1083 454 258
1210 432 1263 454 Xltl.
1281 432 1312 454 De
1330 433 1456 460 integritati:
1474 434 1610 457 matrimonii
1614 445 1896 458 ........
1933 436 1976 457 27¹³

324 476 370 498 Vll.
387 476 419 498 De
435 477 541 500 exercitio
558 477 644 504 gratiae
662 481 766 505 respectu
784 478 961 501 vreuemlorum.
994 488 1004 498 υ
1040 480 1084 501 260

317 522 371 545 vlll.
388 523 419 545 De
436 523 542 545 exercitio
559 523 645 551 gratiae
662 527 766 552 respectu
789 525 959 552 diligendorum
994 534 1003 545 u
1040 527 1079 548 26¹
1498 510 1553 534 P⁸¹⁸
1570 511 1618 535 VH‘

331 570 368 592 lx.
387 569 418 591 De
434 569 540 591 exercitio
565 570 650 597 gratiae
676 575 780 599 respui-tu
803 572 959 599 agendorum,
1404 589 1434 609 lh,
1450 590 1512 611 stam
1530 589 1608 619 finalis
1626 590 1712 613 indict-L

401 619 577 644 praeceptorum
594 620 616 639 ot
633 618 779 640 consiliorum
798 628 998 641 ......
999 628 1003 639 ν
1040 620 1083 642 262

338 663 367 685 X.
385 663 415 684 De
437 663 542 685 exeri-itio
567 664 652 691 gratiae
677 667 781 692 respectu
808 666 958 693 petendorum
1139 664 1191 687 Car.
1247 666 1261 687 Ι.
1279 665 1311 686 De
1329 665 1411 687 iudicio
1429 665 1450 687 in
1467 667 1586 688 communi
1614 684 1852 691 .......
1886 678 1896 689 υ
1932 670 1971 691 281

400 711 422 731 et
438 709 579 732 orandorum
603 728 607 732 ,
642 728 646 732 ,
681 729 686 733 ,
720 728 726 734 ,
758 729 764 734 ,
798 729 804 734 ,
837 729 843 734 ,
876 730 881 734 ,
915 729 920 734 ,
954 730 959 735 ,
992 722 1003 732 »
1039 714 1082 735 263
1241 711 1263 732 ll.
1281 711 1312 732 Dc
1329 711 1516 734 antecedentibus
1533 712 1562 734 ad
1580 713 1700 740 iudicium,
1722 714 1851 737 cuiusmodi

607 772 664 796 Pan
680 773 709 796 w
1294 759 1327 779 cst
1344 764 1415 784 poena
1434 758 1563 785 purgatoria
1572 775 1851 783 ........
1884 770 1895 781 n
1931 762 1975 784 282

805 822 809 826 ,
1233 803 1264 825 ΙΙΙ.
1282 803 1313 825 De
1330 803 1516 826 antecedentibus
1532 805 1560 826 ad
1578 805 1700 834 iudicium,
1721 807 1851 830 cuiusmodi

486 835 517 856 De
533 835 648 858 medicina
665 828 854 859 sacramentali.'

1293 854 1345 874 sunt
1362 852 1468 879 suffragia
1486 852 1636 875 ecclesiastica
1649 870 1849 877 ......
1882 864 1893 875 ι,
1929 856 1974 878 283

243 894 296 918 Ciu).
351 896 366 918 l.
384 896 415 918 De
432 896 631 920 Sat-ramentorum
648 899 737 926 origine
755 909 1001 922 ........
1037 900 1082 922 265
1129 914 1131 916 -
1162 890 1165 891 ⁷
1224 898 1259 920 lV.
1276 899 1308 920 De
1325 899 1529 921 concomitantibus
1541 900 1663 928 iudicium,
1676 901 1733 923 sicut
1750 905 1783 924 est
1800 908 1851 925 con-

344 943 368 964 ll.
385 942 416 964 pe
434 942 631 967 Sacrainentorum
650 945 774 968 variatione
797 963 958 968 .....
991 955 1001 966 η
1037 946 1081 968 266
1293 945 1395 973 ssagrauo
1413 945 1500 973 ignium
1523 940 1526 943 ⁴
1534 963 1850 971 .........
1883 958 1893 969 „
1929 950 1974 972 284

336 990 368 1012 111.
385 989 417 1012 De
435 990 632 1014 sacramentorum
651 999 747 1015 numero
764 996 785 1015 et
803 993 957 1016 distinctione.
990 1003 1000 1013 »ι
1036 994 1080 1015 267
1231 992 1258 1014 V.
1276 993 1307 1014 De
1324 992 1529 1015 concomitantibus
1546 993 1669 1021 iudicium,
1686 994 1744 1017 sicut
1766 998 1799 1017 est
1816 1002 1851 1018 re-

330 1036 366 1058 lv.
384 1036 416 1058 De
434 1025 634 1061 Sacrainentorum
652 1039 789 1061 institutione
796 1057 956 1062 .....
990 1048 1000 1059 »
1036 1040 1079 1061 268
1291 1038 1400 1060 surrectio
1417 1045 1541 1067 corporum
1573 1056 1850 1064 ........
1883 1051 1893 1062 n
1929 1043 1973 1065 286

335 1083 363 1105 V.
380 1083 412 1105 De
430 1083 628 1107 Sacramentomnn
647 1086 815 1114 dispensatione
834 1095 999 1108 .....
1035 1086 1079 1108 269
1222 1085 1257 1107 Vl.
1274 1085 1306 1107 De
1323 1085 1516 1114 consequentibus
1540 1086 1569 1108 ad
1593 1086 1717 1114 iudicium,
1742 1087 1800 1110 sicut
1816 1092 1849 1110 est

327 1129 363 1152 Vl.
380 1129 412 1151 De
429 1129 627 1154 sacramentorum
645 1131 763 1154 iteratione
794 1148 954 1154 .....
987 1140 998 1151 v»
1034 1131 1077 1153 270
1290 1136 1364 1158 poena
1382 1131 1495 1153 infernalis
1533 1149 1849 1156 .........
1882 1143 1893 1154 ›-
1928 1135 1972 1157 287

319 1176 364 1199 vll.
380 1176 413 1199 De
429 1177 589 1200 constitutione
606 1181 628 1200 ct
645 1179 771 1207 integritate
789 1178 915 1206 baptismi.
949 1195 953 1199 .
987 1186 998 1196 »
1034 1177 1073 1199 271
1213 1177 1257 1199 Vll.
1275 1177 1306 1199 De
1324 1177 1395 1204 gloria
1413 1178 1513 1205 paradisi
1532 1194 1849 1203 .........
1882 1189 1893 1200 n
1928 1181 1972 1202 288

746 1283 1043 1322 ITINERARIUM
1067 1283 1234 1320 MENTIS
1259 1283 1308 1320 IN
1333 1283 1465 1321 DEUM.

238 1405 349 1428 Pnotocus
361 1420 911 1428 ...............
940 1408 998 1432 paq.
1031 1402 1076 1424 295
1132 1402 1184 1425 CAr.
1222 1403 1260 1425 lv.
1276 1403 1308 1425 De
1325 1404 1480 1431 speculatione
1497 1404 1536 1426 Dei
1554 1404 1577 1426 in
1595 1411 1635 1427 sua
1658 1405 1758 1433 imagine
1782 1406 1849 1429 donis

1289 1450 1393 1478 gratuitis
1409 1451 1531 1472 reformata
1568 1468 1807 1475 .......
1836 1459 1895 1483 pay.
1927 1453 1971 1475 306

235 1474 343 1498 CAHTULA
361 1489 951 1498 ”””””””””””””
984 1481 994 1492 ”
1030 1472 1075 1494 296
1227 1496 1254 1518 V.
1271 1496 1304 1518 De
1328 1497 1483 1524 speculatione
1507 1497 1599 1520 divinae
1625 1498 1716 1520 unitatis
1741 1505 1781 1526 per
1797 1499 1846 1521 eius

236 1544 287 1568 CAP.
343 1546 358 1568 Ι.
375 1546 408 1568 De
424 1544 535 1573 gradibus
551 1543 691 1566 ascensionis
707 1543 729 1565 in
742 1543 814 1565 Deum
826 1543 890 1565 etde
901 1550 950 1571 spe·
1288 1549 1373 1565 nomen
1390 1543 1538 1571 primarium,
1554 1544 1617 1573 quod
1634 1547 1668 1567 est
1681 1550 1729 1568 esse
1762 1562 1768 1567 .
1801 1562 1806 1567 .
1884 1555 1889 1559 -
1926 1546 1970 1568 308

392 1591 506 1614 culatione
522 1590 594 1618 ipsius
611 1595 652 1617 per
669 1589 765 1617 vestigia
790 1590 839 1612 eius
857 1590 880 1611 in
902 1590 949 1612 uni-
1218 1589 1253 1611 Vl.
1271 1589 1304 1611 De
1315 1589 1470 1617 speculatione
1482 1589 1626 1613 beatissimae
1637 1590 1751 1613 Trinitatis
1763 1591 1785 1613 in
1797 1592 1846 1614 eius

390 1642 458 1659 verso
475 1646 991 1658 ..............
1044 1636 1074 1658 ib.
1288 1636 1392 1663 nornine,
1409 1636 1472 1665 quod
1489 1639 1522 1659 est
1539 1636 1625 1660 bonum
1644 1654 1844 1661 ......
1877 1648 1888 1659 υ
1924 1640 1969 1662 310

335 1685 359 1707 ll.
376 1684 408 1706 Dc
425 1683 578 1712 speculatione
595 1682 634 1705 Dei
652 1682 674 1704 in
692 1678 794 1711 'vestigiis
811 1684 858 1706 suis
869 1683 893 1705 in
906 1684 949 1706 hoc
1210 1683 1255 1706 Vll.
1272 1684 1304 1706 De
1321 1689 1414 1706 excessu
1433 1684 1523 1706 mentali
1539 1687 1561 1706 et
1577 1685 1686 1713 mystico,
1704 1686 1726 1708 in
1743 1692 1790 1715 quo
1813 1692 1845 1709 re-

389 1729 488 1752 sensibili
506 1729 594 1752 mundo
631 1746 636 1751 .
671 1746 677 1752 .
710 1732 729 1752 .’
749 1740 988 1753 .......
988 1740 993 1751 ι
1029 1731 1073 1753 ‘299
1286 1730 1352 1759 quies
1368 1730 1435 1753 datur
1453 1731 1584 1758 intellectui,
1601 1732 1682 1754 affectu
1704 1733 1800 1755 totaliter
1823 1733 1844 1755 in

325 1777 358 1799 lll.
374 1776 407 1810 De
431 1777 585 1804 speculatione
610 1776 650 1799 Dei
675 1783 716 1804 per
740 1783 805 1800 suam
824 1777 947 1805 imaginem
1286 1777 1359 1799 Deum
1376 1782 1417 1804 per
1434 1782 1552 1799 excessum
1570 1780 1699 1800 transeunte
1721 1795 1728 1801 .
1760 1796 1766 1801 .
1799 1796 1805 1801 .
1838 1796 1845 1802 .
1877 1788 1888 1800 »
1924 1780 1968 1803 312

388 1822 529 1846 naturalibus
546 1823 653 1851 potentiis
670 1823 799 1852 insignitam
825 1833 992 1846 .....
1028 1824 1072 1846 303
1131 1824 1237 1846 Scholion
1255 1840 1844 1849 ................
1876 1836 1887 1847 n
1923 1828 1966 1850 313

481 1931 735 1969 OPUSGULUM
759 1932 816 1968 DE
842 1931 1115 1968 REDUCTIONE
1141 1931 1312 1968 ARTIUM
1336 1931 1396 1968 AD
1421 1932 1713 1971 THEOLOGIAM.
1831 1950 1888 1974 pay.
1921 1945 1966 1968 319

738 2059 1035 2097 COLLATIONES
1059 2059 1109 2096 IN
1133 2049 1450 2098 HEXA'E'MERON.

226 2185 291 2210 Com..
370 2188 385 2210 l.
403 2188 435 2210 De
447 2187 595 2216 qualitatibus
604 2187 625 2209 in
639 2187 781 2210 auditoribus
794 2187 866 2210 divini
879 2187 943 2210 verbi
1313 2196 1342 2218 de
1358 2196 1482 2219 virtutibus
1499 2197 1666 2225 exemplaribus
1683 2201 1704 2220 et
1720 2199 1749 2221 de
1766 2200 1841 2221 cardi-

414 2235 528 2263 requisitis
545 2234 607 2257 etde
618 2234 707 2257 Christo
723 2234 826 2257 omnium
844 2235 944 2258 scientia·
1311 2242 1400 2265 natibus
1418 2243 1470 2266 inde
1487 2243 1634 2266 influentibus
1640 2261 1800 2268 .....
1830 2252 1887 2275 pay.
1920 2247 1963 2268 360

413 2287 465 2303 rum
482 2281 559 2303 medio
584 2297 902 2304 ·········
931 2288 989 2312 1²⁰9·
1021 2283 1066 2305 329
1123 2288 1186 2312 Coti„
1240 2289 1285 2311 Vll.
1301 2289 1334 2311 De
1350 2289 1423 2316 prima
1441 2290 1530 2312 visione
1547 2290 1648 2313 tractatio
1670 2294 1762 2319 quarta,
1780 2298 1839 2321 quae

360 2327 385 2349 ll.
401 2327 434 2349 De
450 2327 590 2355 plenitudIne
607 2328 743 2355 sapientiae,
767 2328 788 2350 in
805 2335 850 2357 qua
867 2335 944 2351 sermo
1310 2337 1343 2357 est
1360 2335 1389 2357 de
1406 2335 1486 2363 triplici
1504 2337 1592 2359 defectu
1618 2337 1727 2360 virtutum
1751 2338 1772 2360 in
1788 2339 1839 2366 pni-

413 2373 570 2396 terminandus
594 2377 640 2401 est,
665 2374 749 2397 seilicet
771 2375 800 2397 de
817 2375 941 2403 sapientiae
1309 2381 1423 2409 losophis,
1440 2383 1540 2405 secundo
1566 2383 1594 2405 de
1618 2384 1662 2406 ilde
1679 2387 1783 2412 sanante,
1805 2391 1837 2406 re-

413 2422 477 2449 porta
495 2422 517 2441 et
534 2421 605 2442 forma
623 2436 941 2444 .........
974 2431 985 2442 ²>
1021 2423 1065 2444 336
1310 2428 1434 2457 ιςιῑῆοθηιθ,
1451 2429 1569 2452 ordinante
1598 2447 1836 2453 .......
1868 2440 1879 2451 »1
1915 2433 1960 2455 365

349 2466 382 2488 lll.
399 2467 431 2488 De
448 2466 590 2494 plenitudine
614 2467 751 2495 intellectus,
777 2471 890 2496 quatenus
906 2472 941 2491 est
1216 2475 1269 2497 Vlll.
1286 2475 1317 2497 De
1335 2476 1434 2497 secunda
1459 2476 1558 2503 xis-ione,
1576 2476 1659 2499 scilicet
1677 2477 1835 2505 intelligentiae

410 2512 481 2534 clavis
509 2513 706 2541 contemplationis
734 2521 776 2542 per
802 2515 939 2537 intellectum
996 2521 1000 2526 ‘
1308 2528 1348 2550 per
1365 2522 1433 2545 fldem
1455 2521 1597 2549 sublevatae,
1623 2524 1724 2545 tractatio
1748 2524 1835 2553 prima,

410 2557 480 2581 Verbi
498 2559 600 2586 increati,
618 2560 724 2583 incarnati
742 2564 764 2583 et
780 2561 900 2589 inspirati.
934 2580 938 2584 .
971 2571 982 2583 »
1019 2562 1063 2585 342
1307 2573 1367 2596 quae
1384 2568 1431 2595 agit
1447 2568 1475 2590 de
1492 2568 1610 2591 altitudine
1627 2569 1680 2592 ndei
1713 2587 1718 2592 .
1751 2587 1757 2592 .
1791 2587 1796 2592 .
1830 2588 1835 2593 .
1868 2580 1879 2591 n
1915 2572 1958 2594 368

345 2605 381 2626 Ν.
398 2605 430 2626 De
448 2605 536 2628 visione
553 2607 641 2634 prima,
652 2613 712 2636 quae
729 2611 762 2630 cst
778 2597 938 2635 intelligentiae
1240 2616 1277 2637 lx.
1295 2615 1325 2637 De
1338 2615 1438 2637 secunda
1451 2615 1538 2638 visione
1547 2616 1648 2639 tractatio
1657 2618 1765 2644 secunda,
1775 2624 1834 2646 quae

410 2657 451 2679 per
467 2654 572 2674 naturam
590 2652 687 2682 inditae,
705 2655 807 2677 tractatio
824 2655 898 2682 prima
932 2672 938 2678 .
972 2665 983 2675 »
1018 2656 1062 2678 348
1306 2665 1339 2684 est
1356 2662 1385 2684 de
1403 2662 1484 2690 triplici
1502 2662 1606 2685 firmitate
1623 2663 1676 2686 fidei
1710 2681 1717 2687 ,
1751 2681 1756 2687 ,
1790 2682 1811 2689 ,,
1829 2683 1833 2688 ,
1866 2675 1877 2685 n
1913 2667 1957 2689 372

352 2698 379 2720 V.
397 2698 428 2720 De
445 2699 519 2726 prima
537 2699 624 2722 visione
635 2700 737 2723 tractatio
748 2702 861 2728 secunda,
878 2708 938 2731 quae
1249 2708 1277 2730 X.
1294 2709 1326 2730 De
1343 2708 1442 2730 secunda
1459 2709 1548 2731 visione
1565 2710 1668 2733 tractatio
1685 2711 1762 2739 tertia,
1774 2718 1834 2740 quae

408 2748 441 2766 est
458 2745 487 2767 de
504 2746 570 2768 tertio
587 2746 652 2769 radio
668 2747 716 2770 sive
733 2748 762 2770 de
779 2748 874 2770 veritate
892 2754 938 2771 mo·
1306 2754 1383 2782 incipit
1399 2761 1468 2783 agere
1484 2755 1513 2778 de
1531 2756 1583 2778 fidei
1601 2757 1755 2784 speciositate.
1789 2774 1794 2779 .
1828 2775 1833 2780 .
1866 2767 1876 2777 >1
1912 2759 1956 2781 377

408 2797 472 2817 rum,
489 2794 511 2813 et
528 2792 557 2814 de
574 2793 684 2820 sapientia
701 2794 898 2822 contemplationis
930 2812 936 2817 .
969 2804 981 2815 »
1016 2796 1060 2818 353
1238 2801 1275 2823 Xl.
1293 2801 1325 2823 De
1342 2802 1441 2825 secunda
1454 2803 1542 2825 visione
1554 2804 1656 2826 tractatio
1668 2807 1760 2833 quarta,
1773 2811 1831 2833 quae

342 2836 378 2858 Vl.
395 2836 428 2858 De
444 2837 518 2864 prima
536 2838 624 2860 visione
649 2840 750 2862 tractatio
776 2841 852 2868 tertia,
876 2848 936 2870 quae
1304 2852 1338 2870 est
1353 2848 1454 2871 secunda
1472 2849 1501 2871 de
1517 2850 1660 2878 speciositate
1676 2850 1729 2873 ndei
1746 2853 1768 2873 et
1784 2851 1831 2878 agit

407 2886 441 2905 est
457 2883 486 2905 de
504 2884 578 2912 prima
595 2884 706 2908 virtutum
718 2892 787 2909 causa
804 2888 935 2916 exemplari,
1304 2893 1333 2916 de
1350 2895 1503 2922 speculatione
1521 2896 1561 2918 Dei
1578 2896 1628 2919 trini
1631 2913 1828 2919 ......
1862 2906 1873 2917 1>
1909 2898 1952 2920 379
