2285 3398
221 1240 351 1261 Continuatur.

229 1944 299 1963 Divisio
308 1949 360 1970 argu-

266 1970 330 1986 menti.

234 2414 280 2439 Pars
292 2412 305 2431 1.
320 2413 363 2431 Pre-

247 2439 292 2455 tium
300 2438 363 2460 protu-

360 172 417 202 484
915 170 957 198 DE
980 170 1077 200 DONJS
1097 171 1241 200 SPlRlTUS
1262 171 1287 199 S.
1308 170 1470 198 COLLarto
1493 170 1532 198 VI.

360 256 387 282 et
406 252 528 282 omnium
549 253 639 284 salus,
661 250 683 279 si
705 249 873 279 innocentiae
896 248 1033 277 restitutio
1053 249 1141 286 posita
1154 252 1196 278 est

361 300 388 328 in
408 307 491 328 manu
512 297 650 332 mulieris;
666 304 775 326 necesse
789 299 846 329 est,
860 298 893 324 ut
906 295 985 324 tortis
999 295 1097 324 mulier
1111 304 1196 333 quae-

362 349 447 381 ratur,
479 353 548 384 quae
576 344 610 373 ad
640 347 748 373 tantum
779 350 849 379 opus
881 344 921 370 est
947 342 1101 370 necessaria
1114 353 1142 377 »;
1170 345 1197 371 et

361 394 466 423 subdit:
487 393 571 421 «Non
591 391 625 420 de
646 393 735 423 terra,
750 397 804 418 non
825 389 858 418 de
880 388 954 417 caelo
968 388 1135 425 propinquo,
1151 389 1197 418 sed

360 449 380 469 a
399 448 512 469 summo
533 439 610 468 caelo
636 436 760 475 eyressio
785 436 847 465 eius
861 448 887 463 12.
911 452 947 456 -
971 435 1080 463 Procul
1107 436 1198 473 iyitur

360 491 386 516 et
405 488 438 516 de
457 486 567 515 ultimis
586 484 694 522 sinibus
712 483 840 521 pretium
860 483 930 511 eius.
948 482 1000 510 Hoc
1015 484 1056 510 est
1069 482 1198 518 pretium,

360 534 393 570 de
413 542 469 571 quo
489 533 553 561 dicit
574 531 717 569 Apostolus
729 533 752 558 ³:
778 529 872 567 Empti
892 529 958 557 estis
970 528 1063 566 pretio
1078 537 1199 566 maeno,-

359 584 471 618 portate
491 583 515 608 et
534 578 695 616 ylorificate
716 578 808 606 Deum
822 577 854 605 in
867 584 987 613 corpore
1001 579 1102 604 ves-tro.
1122 575 1199 612 Quod

360 626 479 663 pretium
500 625 568 654 illud
588 625 623 654 sit
643 633 802 662 magnum,
823 624 888 653 dicit
916 622 1059 660 Apostolus
1090 623 1199 651 Petrus:

361 673 424 702 Non
445 672 682 711 corruptibilibus
703 680 778 701 auro
793 671 836 700 vel
849 674 969 708 aryento
983 669 1121 706 redempti
1134 669 1201 698 estis

360 723 394 751 de
413 730 493 751 vana
513 724 611 749 vestra
631 719 846 748 conversatione
864 721 1005 755 paternae
1023 715 1200 750 traditionis,

361 769 409 798 secl
426 768 552 806 pretioso
581 767 726 805 sanquine
756 765 844 804 quasi
865 765 944 802 Aqni
974 762 1158 792 immaculati
1177 766 1201 791 et

361 814 591 845 incontaminati.
613 814 666 843 Hoc
697 813 793 842 debuit
823 819 882 841 esse
913 811 1033 848 pretium
1054 817 1201 846 magnum,

360 871 416 901 quo
436 862 534 892 redimi
554 862 670 891 debebat
691 863 765 889 totus
790 859 911 888 mundus
938 860 966 886 et
995 860 1085 886 totum
1115 864 1202 893 genus

361 911 528 944 humanum
550 909 616 946 quia
637 909 719 937 homo
749 906 905 936 satisfacere
936 912 990 933 non
1011 903 1116 941 potuit,
1137 903 1203 940 quia

360 957 454 986 nullus
474 957 557 985 homo
577 955 667 993 potuit
687 955 778 983 valere
799 960 894 981 omnes
909 951 1047 985 homines,
1062 958 1112 979 nec
1127 958 1201 979 crea-

360 1007 424 1033 tura
443 1003 543 1041 aliqua.
564 1003 637 1032 Nihil
656 1002 708 1031 suit
728 1000 868 1031 sussiciens
888 999 923 1028 ad
950 997 1141 1027 redimendum
1162 999 1202 1025 to-

361 1052 420 1079 tum
440 1057 528 1087 genus
549 1050 717 1083 humanum,
739 1047 790 1076 nisi
812 1046 927 1075 haberet
952 1045 1101 1074 humanam
1122 1046 1202 1072 natu-

362 1105 421 1126 ram
441 1100 469 1127 et
482 1099 611 1126 naturam
631 1103 715 1133 super
729 1102 839 1123 omnem
855 1095 1027 1126 creaturam3
1042 1099 1108 1128 ergo
1122 1098 1203 1128 opor-

362 1145 430 1180 tuit,
451 1144 525 1182 quod
545 1144 661 1173 haberet
680 1145 810 1171 naturam
830 1140 950 1169 divinam
971 1142 998 1168 et
1013 1139 1172 1168 humanam.

439 1192 466 1220 [ι.
487 1191 556 1220 Illud
569 1190 689 1228 pretium
711 1189 758 1218 ubi
776 1187 954 1217 invenietur?
968 1186 1048 1215 Certe
1066 1192 1203 1222 nusquam

363 1239 415 1269 nisi
436 1239 463 1268 in
484 1241 565 1268 utero
584 1237 704 1275 Virginis
724 1232 866 1274 gloriosae.
888 1234 963 1263 Unde
984 1233 1102 1262 lsaias2:
1122 1233 1202 1266 Ecce,

370 1286 455 1324 Virqo
476 1285 613 1322 concipiet
632 1288 658 1313 et
675 1283 773 1321 pariet
793 1282 904 1319 filium,
926 1284 950 1309 et
980 1279 1133 1309 vocabitur
1153 1287 1203 1307 no-

364 1342 428 1363 men
454 1332 517 1361 eius
545 1330 723 1360 Emmanuel.
747 1345 782 1350 —
806 1327 978 1357 Emmanuel
1004 1327 1203 1363 interpretatur

364 1380 514 1409 nobiscum
536 1379 620 1407 Deus.
636 1378 693 1406 Non
708 1376 822 1405 decebat
842 1375 980 1411 Virginem
999 1373 1102 1402 habere
1117 1373 1203 1401 filium

365 1427 417 1456 nisi
438 1427 540 1460 Deum,
562 1432 611 1453 nec
626 1424 713 1452 Deum
734 1422 837 1451 habere
857 1423 973 1449 matrem
989 1420 1040 1448 nisi
1056 1419 1203 1456 Virginem.

367 1473 487 1503 Pretium
517 1471 585 1500 illud
615 1478 669 1499 non
700 1469 790 1506 potuit
820 1467 936 1496 inveniri
964 1466 1016 1494 nisi
1037 1466 1065 1494 in
1085 1466 1204 1503 Virgine.

366 1519 476 1550 Procul
495 1522 521 1548 et
540 1518 574 1546 de
594 1516 705 1545 ultimis
725 1514 833 1550 tinibus
854 1516 908 1547 est,
930 1512 995 1549 quia
1016 1512 1043 1540 in
1064 1512 1123 1548 ipso
1143 1520 1207 1540 con-

365 1569 490 1597 iunctum
510 1568 552 1594 est
571 1571 721 1593 summum
741 1569 805 1591 cum
827 1559 943 1597 infimO,
958 1562 985 1587 et
997 1558 1131 1595 primum
1144 1566 1208 1586 cuin

366 1614 473 1643 ultimo.
496 1612 617 1642 Pretium
638 1610 705 1639 illud
725 1607 829 1646 procul
849 1610 905 1641 est,
927 1614 982 1643 quo
1004 1604 1149 1633 redimitur
1168 1606 1208 1632 to-

366 1664 425 1690 tum
447 1668 534 1698 genus
555 1659 725 1691 humanum3
741 1655 806 1693 quia
821 1653 966 1683 redimitur
985 1650 1133 1688 infimum,
1149 1650 1209 1679 ideo

366 1711 407 1737 est
433 1715 600 1739 summum;
631 1704 697 1742 quia
728 1701 874 1732 redimitur
906 1699 1058 1732 ultimum,
1088 1697 1147 1726 ideo
1168 1699 1210 1726 est

363 1756 504 1793 primum.
527 1754 612 1782 Homo
632 1752 703 1781 inter
725 1753 867 1779 creaturas
888 1747 986 1776 ultimo
1007 1748 1117 1775 creatus
1137 1748 1177 1773 est
1189 1744 1208 1771 ³.

446 1803 470 1830 ὃ.
496 1800 604 1829 Procul
623 1803 648 1828 et
669 1799 703 1827 de
723 1796 834 1825 ultimis
854 1794 962 1832 sinibus
980 1793 1109 1831 pretium
1129 1792 1209 1824 eius;

368 1852 395 1879 et
414 1849 494 1879 cuius
515 1847 597 1876 eius?
613 1846 699 1874 Huius
719 1843 844 1873 mulieris
865 1841 983 1879 Virginis
997 1839 1155 1869 benedictae
1169 1842 1211 1867 est

368 1896 504 1934 pretium,
526 1903 575 1932 per
597 1892 670 1930 quod
696 1899 813 1928 regnum
844 1889 983 1918 caelorum
1012 1887 1136 1916 obtinere
1164 1894 1210 1914 va-

370 1944 488 1977 leamus;
504 1942 561 1970 sive
575 1943 616 1969 est
633 1939 705 1973 eius,
720 1938 747 1967 id
761 1941 802 1967 est
822 1945 858 1966 ex
880 1944 911 1965 ea
931 1938 1071 1968 sumtum,
1086 1942 1135 1970 per
1151 1941 1209 1962 eam

369 1989 495 2018 solutum
516 1991 543 2016 et
563 1987 598 2015 ab
618 1995 650 2015 ea
668 1993 849 2023 possessum:
871 1992 907 2012 ex
928 1991 959 2012 ea
980 1984 1109 2010 sumtum
1124 1981 1151 2009 in
1170 1981 1209 2009 in-

370 2036 526 2064 carnatione
547 2033 644 2067 Verbi;
666 2040 715 2070 per
743 2040 803 2061 eam
824 2031 951 2060 solutum
971 2030 997 2058 in
1024 2028 1211 2065 redemptione

371 2082 478 2119 generis
498 2081 627 2114 humani;
649 2083 676 2108 et
697 2079 731 2108 ab
752 2087 784 2107 ea
801 2086 967 2115 possessum
988 2077 1015 2105 in
1040 2076 1211 2105 assecutione

372 2128 473 2166 gloriae
501 2127 626 2164 paradisi.
650 2127 709 2163 lpsa
736 2126 855 2162 pretium
883 2125 950 2153 illud
971 2123 1106 2161 protulit,
1128 2122 1211 2151 soluit

372 2178 399 2205 et
416 2174 557 2213 possedit.-
580 2181 644 2210 ergo
665 2176 706 2201 est
727 2173 786 2201 eius
807 2175 838 2200 ut
859 2171 1044 2208 oriyinantis,
1060 2173 1090 2198 ut
1102 2170 1211 2207 persol-

372 2222 462 2251 ventis
489 2224 516 2250 et
543 2224 574 2249 ut
596 2219 776 2257 possidentis.
799 2218 895 2247 Mulier
925 2217 975 2246 ista
1000 2217 1121 2254 protulit
1149 2225 1211 2253 pre-·

373 2270 441 2299 tium
464 2267 531 2297 illud
553 2270 584 2296 ut
604 2265 692 2304 fortis
719 2268 746 2294 et
776 2268 896 2298 sancta;
916 2264 999 2293 soluit
1026 2266 1058 2292 ut
1078 2263 1164 2300 sortis
1185 2266 1212 2292 et

370 2317 440 2354 pia;
461 2318 488 2345 et
506 2314 630 2352 possedit
649 2316 681 2342 ut
701 2312 787 2350 sortis
808 2315 835 2341 et
854 2315 983 2340 strenua.

452 2364 477 2391 6.
499 2362 565 2391 Dico
596 2361 701 2398 primo,
723 2359 796 2397 quod
828 2358 947 2396 pretium
978 2358 1045 2387 illud
1073 2358 1211 2395 protulit,

376 2411 478 2440 scilicet
497 2409 584 2438 Deum
607 2411 633 2437 et
654 2407 801 2436 hominem.
825 2406 939 2434 Protulit
964 2406 1045 2443 Virgo
1072 2405 1213 2434 benedicta

375 2460 407 2487 ut
427 2457 526 2485 mulier
547 2455 633 2493 fortis
653 2458 680 2484 et
700 2457 816 2487 sancta,
838 2453 995 2487 sanctitate,
1010 2453 1085 2486 dico,
1097 2452 1212 2490 pudici-

1251 249 1307 276 tiae
1334 248 1539 285 inoorruptae,
1569 248 1711 277 sanctitate
1742 248 1914 277 obedientiae
1938 252 2091 286 promptae
2104 246 2233 288 Tfiffffiffn·

1251 298 1278 325 et
1295 295 1437 324 sanctitate
1452 294 1655 323 benevolentiae
1665 295 1775 332 plenae.
1789 311 1824 316 -
1837 296 1935 330 Primo,
1946 296 2015 330 dico,
2028 304 2091 333 pro-
2104 301 2174 319 Prima-

1252 342 1316 371 tulit
1336 341 1456 378 pretium
1476 341 1544 369 illud
1565 341 1648 378 Virgo
1669 341 1810 370 benedicta
1831 344 1862 370 ut
1882 342 1960 371 fortis
1981 346 2008 371 et
2031 350 2093 371 san-

1254 391 1297 417 cta
1317 388 1460 417 sanctitate
1477 387 1637 425 pudicitiae
1657 388 1853 425 incorruptae.
1869 388 1944 417 Unde
1962 389 1988 417 in
2005 389 2094 418 Eccle-

1255 435 1399 465 siastico⁴z
1426 435 1532 463 Gratia
1552 443 1640 472 super
1660 434 1791 472 qratiam
1820 434 1925 463 mulier
1945 439 2049 464 saneta
2070 440 2095 464 et

1252 483 1420 520 pudorata,-
1448 485 1475 510 et
1501 482 1618 518 Angelus
1648 482 1734 510 dixit:
1761 482 1832 514 Ave,
1861 482 1963 518 pratia
1991 482 2095 519 plena,

1255 530 1320 567 quia
1340 532 1444 557 saneta
1468 531 1495 557 et
1518 529 1683 566 pudorata.-
1708 532 1812 557 saneta
1840 536 1922 557 carne
1950 532 1976 557 et
2001 529 2095 566 pudo-

1256 580 1324 605 rata
1344 579 1443 605 mente.
1466 576 1623 613 Apostolus:
1645 576 1748 605 Mulier
1769 576 1895 613 innupta
1915 579 1939 604 et
1953 576 2037 614 virgo
2050 585 2096 605 eo-

1254 624 1329 662 qitat
1349 632 1423 661 quae
1444 623 1562 651 Domini
1581 628 1665 658 sunt,
1687 628 1720 652 ut
1740 623 1777 652 sit
1800 626 1904 651 saneta
1931 631 2050 660 corpore
2071 626 2096 651 et

1256 671 1372 708 spiritu.
1386 671 1473 707 Super
1488 670 1570 699 illud:
1587 671 1692 699 Missus
1706 674 1746 699 est
1758 669 1884 708 Angelus
1903 669 2021 698 Gabriel
2034 672 2096 704 etc„

1256 718 1322 747 dicit
1347 717 1543 746 Bernardus⁵z
1570 718 1703 746 «Missus
1723 721 1764 746 est
1792 716 1910 746 Gabriel
1937 716 1976 745 ad
2003 716 2097 754 Vz‘ryz'-

1257 773 1334 798 nem,
1356 764 1465 801 qualem
1490 764 1620 793 describit
1646 765 1801 802 Apostolus,
1823 767 1913 792 mente
1934 766 1959 792 ec
1978 771 2098 801 corpore

1257 815 1404 845 sanctam,
1426 819 1476 840 nec
1497 811 1530 840 de
1551 819 1621 839 novo
1642 819 1691 840 nec
1711 811 1828 840 fortuitu
1843 811 1998 844 inventam,
2017 810 2064 839 sed
2083 818 2099 839 a

1258 859 1367 888 saeculo
1394 859 1523 892 electam,
1544 858 1578 887 ab
1598 858 1731 888 Altissiino
1762 858 1965 896 praecognitam
1993 860 2020 886 et
2047 857 2098 886 sibi

1258 908 1468 943 praeparatam,
1501 905 1536 934 ab
1567 905 1672 942 Angelis
1703 908 1854 939 servatam,
1886 913 1903 933 a
1933 904 2098 933 patriarchis
2138 905 2143 910 '

1258 952 1472 990 praesignatam,
1487 960 1502 980 a
1517 952 1659 989 Prophetis
1672 953 1834 989 promissam
1846 964 1872 980 n.
1888 952 1925 981 Ad
1943 952 2023 980 istam
2038 950 2098 980 Vir-

1258 999 1350 1036 ginem
1370 999 1441 1027 mitti
1472 998 1567 1028 debuit
1594 998 1701 1028 Gabriel
1730 1002 1860 1036 tanquam
1882 998 2097 1035 paranymphus.

1259 1047 1328 1076 Haec
1349 1047 1405 1075 sola
1420 1046 1522 1083 placuit
1536 1046 1679 1075 Altissimo.
1696 1047 1760 1075 Item
1776 1045 1932 1075 Bernardus
1943 1045 1967 1073 ⁶:
1988 1056 2002 1070 «
2016 1045 2099 1082 Virgo

1259 1093 1349 1131 regia,
1377 1093 1485 1130 gemino
1505 1093 1605 1122 mentis
1631 1093 1728 1122 decore
1752 1092 1923 1130 praefulgida
1949 1092 2050 1121 civium
2071 1092 2099 1121 in

1259 1149 1288 1170 se
1309 1140 1468 1178 provocavit
1495 1143 1638 1177 aspectus,
1658 1140 1696 1169 ita
1716 1143 1748 1169 ut
1772 1142 1799 1169 et
1823 1140 1903 1177 Regis
1926 1139 2049 1169 animum
2071 1139 2100 1168 in

1259 1188 1301 1217 sui
1323 1187 1570 1224 concupiscentiam
1595 1188 1738 1217 inclinaret
1757 1191 1784 1216 et
1805 1187 1949 1217 caelestem
1970 1187 2100 1216 nuntium

1259 1234 1293 1263 ad
1314 1242 1342 1263 se
1362 1234 1396 1263 de
1416 1235 1544 1271 supernis
1564 1234 1752 1264 adduceret».

1339 1283 1364 1309 7.
1385 1282 1509 1310 Secundo
1523 1282 1638 1318 protulit
1648 1281 1731 1319 Virgo
1742 1281 1884 1311 benedicta
1898 1281 1966 1310 illud
1979 1281 2099 1318 pretium
2113 1281 2206 1302 Secunda.

1261 1330 1292 1356 ut
1318 1328 1396 1357 fortis
1417 1331 1444 1357 et
1464 1331 1557 1357 sancta
1578 1328 1720 1357 sanctitate
1745 1328 1918 1357 obedientiae
1939 1331 2100 1366 promptae.

1261 1375 1336 1404 Unde
1356 1375 1383 1404 in
1407 1375 1591 1404 Ecclesiastico
1603 1376 1626 1403 ⁷:
1649 1375 1854 1404 Fundamenta
1868 1379 1987 1404 aeterna
2007 1383 2103 1412 supra

1258 1425 1374 1459 petram
1394 1422 1535 1456 solidam,
1557 1426 1581 1450 et
1601 1422 1745 1450 mandata
1766 1422 1819 1451 Dei
1839 1422 1870 1450 in
1891 1422 1976 1451 corde
2002 1421 2103 1450 mulie-

1261 1469 1305 1496 ris
1333 1472 1458 1497 sanctae.
1480 1469 1598 1498 Ecclesia
1625 1469 1720 1498 debuit
1748 1468 1872 1503 fundari3
1894 1469 1954 1497 ideo
1981 1467 2104 1505 oportuit

1263 1515 1352 1544 iacere
1373 1515 1562 1550 fundamenta,
1577 1516 1680 1545 scilicet
1701 1516 1827 1544 mandata
1843 1516 1905 1550 Dei,
1921 1518 1948 1545 et
1968 1514 2103 1552 oportuit,

1264 1560 1338 1597 quod
1359 1561 1386 1589 in
1407 1561 1498 1601 aliqua
1519 1570 1636 1598 persona
1656 1565 1746 1591 essent
1773 1563 1911 1591 collocata.
1933 1563 1990 1591 Non
2015 1562 2105 1599 potuit

1265 1607 1317 1635 hoc
1338 1615 1397 1635 esse
1422 1607 1473 1636 nisi
1494 1608 1522 1636 in
1543 1608 1654 1645 Virgine
1674 1609 1807 1645 gloriosa;
1827 1610 1968 1638 Psalmus:
1984 1609 2105 1638 Paluda-

1265 1657 1362 1681 menta
1382 1654 1444 1681 eius
1465 1654 1496 1682 in
1510 1654 1654 1683 montibus
1668 1656 1791 1689 saneti&
1813 1655 1895 1684 homo
1909 1660 1998 1684 natus
2020 1659 2061 1684 est
2074 1656 2105 1684 in

1266 1708 1317 1733 ea,
1339 1703 1364 1728 et
1384 1700 1443 1737 ipse
1463 1698 1601 1736 fundavit
1627 1709 1691 1729 eam
1713 1702 1888 1731 Altissimus.
1912 1703 2000 1731 Dicit:
2024 1703 2106 1731 Man-

1267 1746 1338 1775 (lata
1361 1747 1412 1775 Dei
1433 1747 1464 1774 in
1485 1747 1569 1775 corde
1595 1747 1727 1775 mulieris
1747 1751 1880 1782 sanetae,
1903 1749 1930 1777 id
1954 1752 1996 1778 est
2016 1749 2104 1787 Virgi-

1267 1794 1309 1822 nis
1330 1794 1471 1830 gloriosae.
1491 1794 1548 1822 Non
1569 1794 1621 1822 fuit
1641 1794 1741 1828 otiosa,
1756 1802 1811 1823 non
1831 1795 1883 1823 fuit
1904 1796 1992 1825 sciens
2009 1800 2037 1825 et
2051 1804 2106 1825 non

1267 1840 1382 1874 faciens,
1402 1839 1449 1868 sed
1470 1839 1522 1868 fuit
1535 1839 1671 1868 obediens.
1694 1840 1755 1869 Ideo
1776 1840 1802 1869 in
1818 1841 1899 1870 corde
1920 1842 1979 1870 eius
1993 1842 2108 1871 suerunt

1262 1884 1380 1916 'fundata
1411 1886 1462 1915 ista
1492 1886 1620 1915 mandata
1650 1886 1706 1915 Dei.
1738 1887 1844 1915 Dicitur
1875 1888 1902 1915 in
1924 1888 2106 1925 Evangeti0⁸:

1270 1935 1386 1969 Omnis,
1408 1934 1459 1971 qui
1479 1933 1563 1961 audit
1584 1932 1703 1961 verbum
1726 1932 1777 1961 Dei
1790 1937 1814 1961 et
1834 1932 1923 1970 facit,
1945 1934 2050 1962 similis
2068 1938 2109 1962 est

1267 1983 1293 2011 ei
1312 1982 1364 2021 qui
1383 1980 1518 2018 aedificat
1544 1981 1662 2009 domum
1686 1988 1774 2008 suam
1800 1989 1894 2017 supra
1920 1980 2041 2017 firmam
2058 1989 2106 2018 pe-

1268 2034 1363 2064 tram,·
1378 2029 1430 2067 qui
1442 2033 1539 2057 autem
1554 2027 1637 2056 audit
1651 2030 1676 2055 et
1687 2036 1744 2055 non
1754 2026 1837 2064 facit,
1849 2027 1953 2056 similis
1967 2031 2008 2056 est
2020 2028 2047 2056 ei
2057 2028 2108 2066 qui

1268 2075 1403 2112 aedificat
1422 2084 1510 2113 super
1532 2083 1663 2103 arenam.
1680 2090 1716 2094 —
1735 2073 1824 2102 Primo
1845 2074 1967 2110 oportuit
1985 2074 2107 2102 invenire

1268 2132 1428 2161 personam,
1450 2123 1476 2151 in
1498 2131 1553 2160 qua
1574 2121 1701 2150 mandata
1721 2121 1769 2150 Dei
1797 2120 2013 2155 collocarentur,
2036 2121 2107 2149 scili-

1268 2174 1310 2200 cet
1332 2171 1477 2200 mulierem
1498 2170 1604 2198 sortem.
1627 2169 1696 2197 Haec
1716 2168 1767 2197 fuit
1788 2168 1871 2205 Virgo
1885 2168 2010 2205 gloriosa.
2033 2168 2108 2197 Unde

1268 2220 1294 2247 in
1307 2220 1378 2248 Luca
1387 2219 1410 2246 ⁹:
1424 2217 1566 2247 Extollens
1580 2225 1675 2245 vocem
1686 2216 1830 2255 quaedam
1844 2216 1949 2244 mulier
1961 2216 1994 2244 tle
2009 2215 2106 2250 turba,

1268 2266 1342 2294 ‹liaeit
1362 2266 1403 2293 ei:
1426 2266 1533 2293 Beatus
1554 2268 1659 2298 venter,
1681 2264 1733 2302 qui
1750 2267 1774 2292 te
1790 2263 1935 2300 portavit,
1957 2266 1982 2291 et
2002 2262 2106 2297 ubera,

1269 2320 1342 2350 quae
1362 2312 1476 2340 suxisti.
1500 2311 1531 2340 Et
1550 2311 1621 2340 dixit
1642 2312 1731 2340 lesus:
1755 2310 1936 2347 Quinimmo,
1963 2309 2038 2338 beati
2057 2310 2108 2348 qui

1269 2358 1396 2387 audiunt
1414 2358 1531 2386 verbum
1546 2358 1598 2386 Dei
1618 2361 1642 2386 et
1662 2357 1828 2386 custodiunt
1842 2356 1921 2385 illuct.
1939 2372 1974 2377 —
1990 2356 2046 2384 Non
2064 2364 2107 2385 so-
2120 2358 2234 2383 *inplicatio-

1269 2406 1327 2434 lum
1348 2405 1406 2441 ipsa
1426 2404 1505 2433 beata
1525 2408 1581 2438 est,
1597 2412 1667 2441 quae
1682 2404 1771 2441 ipsum
1789 2403 1912 2440 concepit
1932 2406 1959 2432 et
1984 2403 2106 2438 lactavit,

1269 2451 1316 2481 sed
1337 2451 1419 2480 etiam
1439 2450 1486 2488 qui
1509 2459 1567 2479 eam
1590 2453 1753 2488 sequuntur.
1774 2451 1804 2480 Et
1825 2450 1872 2488 qui
1894 2453 1959 2479 sunt
1980 2450 2038 2478 illi?
2055 2449 2106 2486 Qui

440 2660 447 2672 ¹
466 2661 534 2688 Epist.
547 2661 560 2682 l.
572 2660 624 2683 Cor.
637 2660 662 2686 6,
675 2660 712 2681 20.
724 2671 754 2675 —
766 2660 819 2687 seq.
831 2659 893 2681 locus
910 2661 944 2680 est
958 2659 972 2680 l.
985 2659 1042 2680 Petr.
1055 2658 1075 2685 i,
1091 2658 1126 2679 18.
1140 2660 1162 2679 et
1180 2657 1216 2679 49.

378 2712 408 2716 -
420 2700 452 2721 De
469 2699 627 2726 redemptione
643 2698 734 2725 generis
751 2698 844 2720 humani
862 2697 915 2719 vide
932 2703 1001 2724 supra
1019 2697 1132 2725 Breviloq.
1145 2702 1167 2724 p.
1179 2695 1216 2717 lV.

379 2745 399 2760 ci
416 2738 437 2759 4.
454 2744 519 2766 seqq.
536 2740 557 2759 et
573 2738 605 2759 nl.
623 2737 684 2759 Sent.
701 2737 723 2759 d.
740 2737 777 2758 20.
793 2742 816 2765 q.
834 2736 855 2758 3.
872 2742 920 2764 seq.

441 2775 450 2788 ²
467 2776 522 2804 Cap.
538 2776 565 2803 7,
585 2775 621 2798 ⁴4.
638 2775 683 2798 Csr.
700 2776 775 2797 Matth.
796 2775 818 2801 l,
836 2774 876 2801 23,
895 2773 932 2796 ubi
951 2777 1002 2801 post
1019 2772 1161 2797 Emmanuel
1180 2773 1216 2795 ad-

380 2815 455 2838 ditur:
471 2814 534 2843 quod
551 2816 585 2836 est
602 2814 773 2841 interpretatum
790 2812 911 2836 nobiscum
928 2813 997 2836 Deus.

442 2851 451 2865 ⁸
468 2852 512 2875 Cu.
529 2853 584 2874 Gen.
603 2853 627 2879 t,
645 2852 682 2874 26.
699 2857 762 2880 seqq.

442 2890 452 2903 ⁴
468 2891 523 2918 Cap.
541 2891 582 2918 26,
601 2890 637 2912 49.
653 2902 684 2906 —
701 2890 753 2918 Seq.
770 2890 833 2911 locus
855 2892 889 2911 est
913 2890 966 2912 Luc.
995 2890 1019 2917 1,
1038 2890 1081 2918 28;
1099 2890 1177 2912 tertius
1202 2890 1216 2911 l.

381 2930 434 2953 Cor.
448 2930 476 2957 7,
494 2930 531 2952 34.
1206 2931 1211 2933 ·

443 2966 453 2979 ⁰
470 2968 550 2990 Homil.
568 2969 589 2990 2.
607 2974 628 2989 n.
647 2967 674 2989 4:
692 2967 777 2990 Missus
795 2968 838 2993 est,
852 2966 924 2995 inquit
940 2966 1009 2996 [Luc.
1029 2968 1053 2995 t,
1066 2968 1103 2990 26.
1120 2970 1142 2989 et
1160 2966 1216 2996 27]‚

1272 2655 1375 2685 Anyelus
1392 2654 1423 2678 ad
1443 2654 1575 2684 Vz'ryz'roem:
1593 2656 1706 2684 virginem
1724 2660 1803 2682 carne,
1822 2654 1935 2682 virginem
1958 2656 2046 2680 mente,
2063 2653 2108 2675 vir-

1273 2695 1349 2723 ginem
1367 2694 1520 2723 professione,
1537 2694 1650 2723 virginem
1667 2694 1779 2722 denique,
1797 2694 1888 2721 qualern
1905 2695 1948 2714 etc.

1333 2732 1344 2746 ⁶
1360 2734 1442 2756 Homil.
1459 2735 1479 2756 2.
1496 2740 1565 2761 super
1582 2733 1668 2757 Missus
1685 2734 1718 2756 est
1735 2739 1756 2755 n.
1774 2733 1800 2754 2:
1817 2732 1856 2754 His
1873 2731 2014 2761 [virginitate
2031 2734 2052 2753 et
2069 2732 2108 2753 hu-

1272 2771 1379 2802 militate]
1397 2772 1504 2794 nimirum
1522 2772 1593 2800 Virgo
1610 2771 1685 2800 regin,
1700 2770 1798 2799 gemmis
1815 2772 1893 2792 ornata
1911 2769 2021 2791 virtutum
2039 2768 2108 2797 gerni-

1272 2817 1349 2840 noque
1366 2810 1448 2833 mentis
1464 2811 1547 2838 pariter
1564 2813 1586 2832 et
1602 2810 1706 2838 corporis
1717 2810 1801 2832 decore
1812 2808 1968 2837 praefulgida,
1980 2808 2055 2836 specie
2067 2813 2108 2830 sua

1273 2852 1295 2872 et
1311 2849 1462 2877 pulcritudine
1479 2855 1519 2871 sua
1536 2849 1559 2871 in
1576 2848 1711 2871 caelestibus
1727 2848 1830 2876 cognita,
1847 2847 1903 2869 caeli
1919 2846 2005 2869 civium
2022 2849 2065 2869 etc.

1335 2886 1343 2899 ⁷
1361 2887 1417 2916 Cap.
1433 2888 1474 2916 26,
1491 2888 1529 2910 24.
1544 2900 1575 2904 —
1592 2889 1644 2917 Seq.
1660 2888 1723 2910 locus
1740 2889 1774 2909 est
1789 2887 1825 2909 Ps.
1842 2886 1883 2913 86,
1902 2886 1922 2908 4.
1940 2888 1962 2908 et
1978 2885 2000 2908 5.

1335 2924 1345 2938 ⁰
1362 2926 1437 2949 Matth.
1453 2926 1480 2954 7,
1497 2926 1534 2949 25.
1551 2929 1573 2949 et
1590 2927 1627 2949 26.
1644 2926 1742 2954 Vulgata
1759 2925 1826 2954 paulo
1843 2925 1906 2947 aliter
1922 2924 1984 2952 legit.

1336 2962 1346 2975 ⁹
1363 2963 1417 2992 Cap.
1435 2965 1476 2991 ii,
1494 2964 1531 2987 27.
1548 2967 1570 2987 et
1586 2966 1624 2988 28.
