2285 3398
186 676 316 696 Confirmaiur.

198 1235 225 1255 De
238 1237 308 1255 labore.

205 1260 293 1278 manuali.

206 1283 313 1302 Disunctio.

333 126 388 155 144

329 204 403 232 vadit
430 207 490 240 post
520 203 680 239 pecuniam;
708 211 791 240 quam
816 205 864 241 qui
886 205 1012 242 sequitur
1039 205 1072 233 de
1100 204 1169 233 sacili

328 251 445 279 declinat
466 258 480 278 a
501 250 620 283 iustitia3
642 250 695 287 qui
712 250 788 279 enim
805 251 905 280 volunt
918 252 1019 280 divites
1038 251 1105 287 fieri
1126 251 1168 278 in-

328 297 428 325 cidunt
449 297 479 324 in
500 296 666 340 tentationes
684 300 709 325 et
722 297 753 325 in
768 297 902 335 laqueum
923 298 1032 326 diaboli
1052 302 1077 326 ct
1097 297 1169 324 ‹lesi-

328 343 411 371 derz'a
432 342 524 371 multa
548 346 574 370 et
603 343 707 371 nociva
720 344 738 371 ¹.
761 344 792 372 Et
813 344 883 373 sicut
911 345 972 373 talis
1003 347 1108 381 egestas
1129 346 1170 371 est

328 389 411 423 mala,
433 389 470 417 510
491 391 518 417 01
542 389 704 418 mendicatio
725 398 761 419 ex
790 391 835 419 tali
857 394 976 428 egestate
1006 389 1170 427 proveniens

328 439 369 473 est
383 435 526 472 culpanda.
539 452 575 457 —-
587 436 654 465 Cum
670 439 762 465 autem
777 438 839 474 plus
853 438 941 474 placet
956 437 1071 474 penuria
1085 444 1169 473 quam

328 482 503 516 abundantia,
535 487 562 511 et
593 483 675 511 homo
706 487 819 520 propter
846 492 967 512 amorem
998 482 1170 519 paupertatis

328 529 477 557 contemnit
497 529 691 558 abundantiam
713 533 903 565 terrenorum3
930 531 990 559 talis
1011 538 1064 557 non
1087 529 1169 557 habet

326 576 494 607 occasionem
516 576 667 605 declinandi
690 585 741 614 pro
762 578 807 605 tali
829 580 948 614 egestate
968 585 984 605 a
1005 575 1120 609 iustitia;
1142 578 1169 604 et

325 623 386 651 talis
407 626 448 652 est
479 626 627 660 paupertas
657 627 684 652 et
705 624 880 658 mendicatio,
905 631 976 660 quae
1004 625 1108 659 spectat
1135 622 1168 650 ad

324 669 519 706 perfectionem
534 671 726 707 evangelicam.
740 687 776 691 —
788 671 819 699 Et
830 671 904 707 quod
916 670 967 699 ista
982 669 1123 705 responsio
1134 669 1169 697 sit

324 719 411 750 recta,
434 720 508 753 patet
522 725 571 753 per
592 717 679 754 ipsam
694 717 829 751 Glossam,
852 718 879 746 in
893 725 949 754 qua
969 716 1080 750 dicitur,
1095 716 1168 753 quod

329 774 341 787 a
356 766 477 799 egestas,
499 763 565 791 dum
583 764 722 791 saturari
742 764 835 800 cupit,
850 763 968 792 declinat
989 771 1005 791 a
1025 762 1166 791 iustitia».

324 809 431 846 Egenus
452 810 537 843 enim,
560 810 608 846 qui
629 810 708 846 cupit
728 810 879 844 saturari,
901 810 964 838 est2
983 817 1099 846 egenus,
1120 809 1168 846 qui

324 864 378 884 non
399 859 471 884 amat
493 859 696 893 paupertatem,
719 856 766 884 sed
791 857 978 891 saturitatem,
1006 865 1060 884 non
1082 864 1168 893 penu-

323 903 407 937 riam,
430 903 477 931 sed
491 903 695 932 abundantiam.
712 903 743 930 Et
764 903 825 931 talis
839 911 893 931 non
910 906 952 932 est
966 911 1072 940 pauper
1086 911 1168 932 evan-

321 949 425 986 gelicus
445 952 472 978 et
493 950 633 983 caelestis,
653 949 700 987 qui
715 949 850 978 mendicat
870 957 907 978 ex
926 951 1168 988 supererogatione

322 996 456 1030 iustitiae;
479 997 525 1025 sed
547 997 638 1033 potius
659 997 777 1034 cupidus
798 1000 824 1026 et
846 998 1001 1032 terrestris,
1023 998 1070 1034 qui
1091 1006 1167 1027 men-

319 1043 392 1072 dicat
412 1051 448 1072 ex
470 1044 615 1072 vitiositate
636 1044 748 1081 culpae,
770 1044 921 1073 secundum
943 1044 1021 1081 prius
1046 1044 1166 1073 habitam

322 1090 535 1127 responsionem.

400 1138 425 1166 9.
448 1138 485 1166 Ad
506 1137 574 1166 illud
595 1138 668 1175 quod
690 1138 819 1167 obiicitur
840 1138 873 1167 de
894 1139 1001 1173 Glossa‚
1031 1139 1166 1168 secundae

321 1185 354 1213 ad
376 1185 629 1213 Thessalonicenses
651 1185 747 1219 tertio,
762 1185 836 1222 quod
858 1186 917 1213 vult
935 1186 1087 1222 Apostolus,
1109 1194 1166 1214 ser*

322 1240 371 1260 vos
391 1232 438 1260 Dei
467 1231 647 1268 corporaliter
668 1232 776 1268 operari
805 1234 872 1266 etc.;
900 1232 1063 1266 dicendum,
1092 1228 1166 1269 quod

322 1278 389 1306 illud
415 1278 481 1306 velte
508 1280 556 1306 aut
583 1286 637 1306 non
659 1280 700 1306 est
721 1277 787 1306 velle
806 1279 969 1315 praecepti,
991 1279 1037 1307 sed
1065 1280 1165 1307 admo-

321 1324 458 1356 nitionis,·
479 1327 526 1352 aut
548 1324 569 1352 si
591 1327 632 1353 est
652 1324 718 1352 vcltc
736 1325 899 1361 praecepti,
922 1333 976 1353 non
992 1333 1020 1354 se
1041 1326 1167 1362 extendit

322 1371 356 1399 ad
376 1379 486 1404 omnes,
508 1371 554 1399 sed
576 1371 609 1399 ad
630 1379 676 1408 eos
697 1371 744 1407 qui
766 1372 863 1400 volunt
883 1380 979 1409 egere;
1000 1375 1048 1401 aut
1072 1373 1094 1401 si
1116 1381 1165 1401 ex-

322 1417 444 1446 tenditur
464 1417 497 1445 ad
526 1425 571 1446 eos
592 1417 639 1454 qui
662 1417 758 1446 volunt
785 1426 836 1454 pro
861 1418 970 1447 Christo
998 1419 1110 1455 egere³,
1132 1419 1165 1448 ad

320 1464 380 1492 illos
412 1466 517 1492 tantum
540 1472 568 1493 se
598 1464 738 1498 extendit,
760 1465 807 1501 (1111
839 1472 893 1493 non
922 1467 1038 1502 possunt
1061 1467 1166 1494 maiora

320 1518 409 1548 agere.
433 1511 463 1539 Et
484 1519 520 1539 ex
542 1512 593 1539 1100
608 1519 661 1539 non
683 1511 830 1548 colligitur,
845 1511 919 1548 quod
939 1519 1095 1548 pauperum
1110 1512 1165 1540 vita

321 1558 355 1586 sit
376 1558 461 1592 mala,
483 1558 529 1594 qui
551 1558 718 1586 manducant
738 1561 765 1586 et
793 1557 920 1586 manibus
941 1558 998 1587 suis
1018 1566 1073 1587 non
1100 1566 1164 1595 ope-

321 1608 432 1639 rantur,
454 1605 475 1633 si
496 1605 657 1633 melioribus
677 1608 704 1633 et
725 1605 927 1634 salubrioribus
948 1605 1089 1635 exercitiis
1119 1614 1164 1635 oc-

320 1654 466 1688 cupantur.
484 1668 519 1672 —
535 1652 566 1680 Et
580 1652 653 1689 quod
669 1652 736 1681 illud
751 1651 786 1680 sit
800 1660 908 1686 verum,
923 1652 1098 1681 manifestum
1113 1655 1162 1681 est.

320 1700 385 1728 Nam
407 1700 428 1728 si
451 1700 567 1728 verbum
596 1699 682 1728 illud:
707 1699 764 1735 Qui
791 1708 849 1728 non
870 1699 930 1728 vult
959 1699 1082 1736 operari
1105 1708 1164 1727 mm

318 1747 485 1781 mamlucet,
500 1746 668 1783 simpliciter
689 1749 760 1775 esset
775 1749 968 1783 praeceptum;
988 1749 1054 1775 tunc
1068 1754 1163 1775 omnes

318 1796 408 1822 essent
436 1794 462 1821 111
491 1793 562 1821 malo
583 1796 672 1825 statu,
696 1793 743 1829 qui
768 1793 896 1822 manibus
923 1793 1043 1830 propriis
1057 1793 1161 1822 victum

319 1848 400 1869 suum
432 1848 485 1868 non
506 1842 663 1876 quaerunt,
694 1847 757 1868 011111
789 1842 923 1876 possunt;·
951 1843 979 1869 et
1008 1840 1061 1871 hoc
1091 1843 1163 1869 esset

318 1886 447 1914 damnare
470 1890 557 1914 10111111
586 1886 729 1914 mundum.
757 1902 792 1906 —
817 1886 895 1922 Quod
924 1886 1025 1915 iterum
1051 1894 1105 1915 non
1133 1894 1161 1915 se

318 1933 448 1961 extendat
469 1933 503 1961 ad
520 1941 666 1970 pauperes
686 1933 868 1961 voluntarios
888 1937 914 1961 et
931 1932 1088 1970 perfectos;
1110 1934 1162 1962 hoc

317 1983 430 2017 apparet
445 1988 480 2008 ex
496 1980 554 2016 ipsa
574 1979 683 2013 Glossa,
705 1988 775 2016 quae
796 1979 877 2014 dicit,
897 1991 910 2005 «
922 1983 1021 2009 utnon
1042 1981 1161 2017 compel-

316 2027 409 2055 lantut·
430 2029 549 2063 egestate
575 2027 728 2055 necessaria
748 2029 843 2063 petere
856 2039 882 2054 ».
905 2027 984 2056 Tales
1004 2027 1077 2056 enim
1106 2036 1160 2056 non

316 2073 471 2102 mendicant
485 2073 556 2111 sicut
569 2074 733 2102 necessitate
747 2074 901 2111 compubsi,
917 2074 963 2103 sed
979 2075 1050 2104 sicut
1060 2084 1161 2104 amore

314 2120 499 2157 perfectionis
527 2120 646 2148 inducti.
668 2137 703 2141 -
719 2121 870 2155 Postremo,
893 2121 966 2158 quod
985 2130 1038 2150 non
1060 2130 1089 2151 se
1109 2130 1160 2151 ex-

316 2166 409 2195 tendat
424 2167 474 2195 nisi
490 2166 523 2195 ad
538 2174 584 2195 eos
599 2167 645 2203 11111
661 2175 715 2208 non
731 2170 794 2195 sunt
809 2167 882 2198 circa
895 2168 999 2196 maiora
1017 2168 1158 2205 occupati,

316 2215 430 2249 apparet
451 2220 486 2240 ex
507 2212 566 2249 ipso
588 2215 668 2240 textu
689 2212 825 2241 secundae
846 2213 879 2241 ad
904 2214 1158 2243 Thessalonicenses

316 2259 438 2289 tertio4:
462 2258 654 2292 Audivimus,
676 2259 818 2296 quosdam.
840 2258 913 2287 iuter
935 2268 983 2288 vos
1004 2260 1157 2289 ambulare

316 2306 451 2345 inquiete,
474 2305 547 2334 nihil
567 2309 732 2342 operantes,
753 2305 802 2333 sect
814 2306 940 2333 *curiose
960 2310 1092 2343 (mentes,-
1113 2306 1158 2334 liis

376 2475 383 2488 ¹
402 2476 472 2504 Epist.
489 2476 503 2498 l.
522 2476 582 2498 Tim.
600 2476 627 2503 ,6,
644 2476 670 2497 9:
689 2476 745 2498 Nam
762 2475 801 2504 qui
819 2477 923 2498 volunt...
941 2477 963 2498 111
987 2477 1158 2499 tentationem...

313 2516 383 2538 multa
402 2515 487 2537 inutilia
503 2518 525 2537 01
542 2515 632 2537 nociva.

375 2553 384 2567 ⁹
402 2554 458 2577 Edd.
475 2553 570 2583 Eyenus
586 2555 620 2577 est
636 2553 677 2583 qui
693 2553 757 2583 cupit
772 2554 888 2577 saiw-ari.
905 2555 953 2578 Est.

375 2591 384 2605 Β
402 2593 459 2615 Edd.
477 2593 582 2615 ultimum
600 2592 732 2615 membrum
749 2593 865 2615 omittunt.

374 2630 384 2643 ⁴
402 2632 467 2654 Vers.
489 2632 522 2654 11.
539 2638 587 2660 seq.
605 2631 703 2658 Vulgata
720 2634 772 2659 post
789 2631 956 2655 demmtz'amus
974 2632 1037 2655 addit
1057 2634 1078 2656 et
1095 2632 1156 2657 obse-

275 2700 277 2702 *
312 2676 409 2694 cramus
426 2670 451 2693 in
468 2670 568 2694 Domino
585 2671 639 2693 lesu
654 2669 755 2694 Christo.

374 2708 384 2721 ⁶
402 2710 467 2732 Vers.
485 2709 525 2731 60:
544 2709 609 2736 Sine,
626 2711 650 2731 ut
667 2709 750 2731 mortui
758 2710 879 2737 ‘sepeliant
900 2712 1004 2732 mortuos
1025 2716 1087 2733 suos.
1109 2710 1155 2734 Ch·-

313 2751 389 2772 tamen
407 2749 484 2771 Manu.
501 2748 527 2775 8,
545 2749 581 2770 22.
598 2760 629 2767 --
641 2747 730 2776 Verba,
742 2754 802 2777 qnae
814 2748 935 2771 Ambrosio
948 2748 1078 2772 tribuuntur
1091 2750 1155 2779 (vide

311 2787 360 2810 eius
377 2788 459 2816 Expos.
478 2787 500 2810 in
516 2787 572 2809 Luc.
589 2785 628 2809 lib.
645 2787 690 2809 Vll.
707 2793 730 2809 n.
747 2787 787 2815 34,
805 2786 844 2809 ubi
861 2787 943 2810 eadem
960 2789 1070 2810 sententia
1083 2789 1154 2817 tangi-

299 2826 370 2856 tur),
388 2826 536 2849 inveniuntur
554 2826 576 2848 in
592 2826 671 2848 Glossa
688 2825 813 2849 ordinaria
830 2826 853 2848 in
870 2828 931 2849 hunc
948 2827 991 2849 loc.
1007 2828 1070 2855 apud
1086 2828 1154 2855 Lyra-

311 2871 380 2892 num;
398 2865 427 2888 de
443 2872 489 2894 qua
506 2865 586 2888 Glossa
603 2865 645 2887 cna
661 2865 722 2887 Beda
739 2865 761 2887 in
779 2866 840 2888 hunc
858 2860 899 2888 loc.
916 2877 947 2882 -
965 2865 1018 2894 Seq.
1039 2866 1103 2889 locus
1119 2869 1154 2890 est

311 2905 360 2927 Act.
377 2904 403 2932 6,
421 2905 442 2927 2.

978 128 1202 164 QUAESTIONES
1222 126 1422 155 DISPUTATAE

1226 207 1336 237 autem,
1361 204 1413 241 qui
1432 203 1574 232 eiusmodi
1597 208 1675 239 sunt,
1697 206 1920 241 denuntiamus,
1942 211 1975 235 ut
2000 216 2065 236 cum

1225 250 1336 278 silentio
1357 253 1508 287 operantes
1526 259 1633 287 partem
1653 260 1741 279 suum
1762 253 1944 282 mamlucent.

1304 296 1336 324 Et
1357 296 1431 333 quod
1445 296 1518 325 istud
1539 297 1573 326 sit
1588 305 1701 331 verum,
1722 301 1797 334 patet
1811 306 1860 335 per
1881 299 2213 340 Ambrosium,00nnrmatur.

1225 342 1272 379 qui
1294 350 1378 379 super
1400 343 1467 371 illud
1489 344 1576 372 Lucae
1598 344 1707 372 n0n05:
1736 345 1850 373 Dimitte
1869 349 2000 374 mortuos
2026 356 2067 375 se—

1222 389 1313 425 pelire
1337 394 1468 418 mortuos
1495 399 1577 425 suos,
1606 391 1671 420 dicit
1700 392 1753 420 sic:
1781 392 1892 421 «Docet
1919 393 2067 428 Dominus,

1225 435 1332 464 minora
1353 436 1424 464 bona
1444 445 1495 473 pro
1516 437 1633 466 utilitate
1652 438 1788 466 maiorum
1807 446 1867 467 esse
1894 440 2068 475 praetermit-

1225 481 1313 509 tenda.
1336 482 1422 510 Maius
1451 487 1492 512 est
1516 484 1589 512 enim
1620 484 1725 512 animas
1755 487 1929 519 mortuorum
1962 486 2068 522 praedi-

1225 528 1311 556 cando
1342 529 1475 558 suscitare
1505 538 1589 567 quam
1624 538 1725 567 corpus
1755 533 1899 559 mortuum
1930 532 1957 560 in
1993 535 2067 561 terra

1224 574 1391 603 abscondere
1416 587 1442 602 ».
1475 576 1549 605 Unde
1580 580 1607 605 et
1641 577 1759 613 Apostoli
1790 577 1917 606 dicebant
1950 579 2066 608 Actuum

1225 625 1319 650 sexto:
1356 622 1420 650 Nou
1453 627 1494 651 est
1527 632 1668 662 aequum,
1694 632 1746 652 '7108
1777 623 1971 662 derelinquere
2005 634 2067 654 ver-

1225 668 1290 696 bum
1326 669 1376 697 Dei
1406 673 1431 697 et
1450 670 1621 699 ministrare
1641 671 1755 699 mensis.
1783 687 1818 691 —
1844 672 1961 708 Apparet
1985 672 2066 701 etiam

1224 723 1273 752 per
1295 716 1489 752 Hieronymum
1511 717 1538 745 in
1559 718 1673 755 prologo
1687 725 1771 754 super
1794 718 1839 747 lob
1859 718 1994 747 dicentem
2015 719 2066 748 sic:

1229 762 1282 790 «Si
1305 763 1434 791 fiscellam
1463 763 1544 792 iunco
1571 767 1712 799 texerem,
1740 768 1789 793 aut
1820 765 1976 802 palmarum
2004 766 2067 794 solia

1224 810 1433 845 complicarem,
1462 813 1493 838 ut
1514 810 1540 838 in
1568 812 1668 840 sudore
1696 812 1791 840 vultus
1815 813 1866 841 mei
1896 813 2066 842 comederem

1224 864 1321 893 panem
1352 864 1445 885 meum
1473 860 1500 885 et
1528 859 1631 887 ventris
1655 867 1725 895 opus
1746 859 1861 888 sollicita
1887 864 1977 889 1110010
2005 868 2067 897 per-

1224 906 1384 937 tractarenn
1417 904 1510 932 nullus
1540 905 1695 938 morderet,
1717 906 1811 934 nullus
1842 907 2065 943 reprehenderet.

1224 951 1300 979 Nunc
1321 954 1426 984 autem,
1448 951 1514 987 quia
1535 952 1613 979 iuxta
1639 953 1801 981 sententiam
1829 953 1977 982 Salvatoris
2005 954 2067 983 volo

1223 998 1344 1035 operari
1364 998 1475 1032 eibum,
1502 998 1554 1036 qui
1571 1007 1627 1026 non
1654 999 1731 1036 perit
1742 999 1762 1033 ⁶,
1783 1002 1811 1028 et
1830 1000 1972 1037 antiquam
1999 1001 2068 1029 divi—

1223 1053 1323 1073 norum
1345 1045 1517 1073 voluminum
1543 1046 1614 1074 viam
1642 1046 1766 1075 sentibus
1793 1047 1976 1084 virgultisque
2000 1055 2067 1084 pur-

1222 1100 1302 1129 gare;
1324 1099 1403 1120 error
1428 1092 1495 1120 1111111
1523 1092 1649 1129 geminus
1670 1093 1810 1130 infigitur:
1839 1096 1979 1122 corrector
2000 1093 2067 1122 scri-

1222 1141 1334 1175 ptorum
1355 1137 1502 1175 fulcarius
1523 1147 1606 1167 vocor
1627 1143 1653 1168 et
1675 1147 1785 1168 errores
1804 1148 1857 1168 non
1879 1140 2005 1174 auferre,
2020 1140 2067 1169 sed

1223 1193 1315 1213 serere
1329 1196 1355 1212 ».
1373 1201 1408 1205 —
1424 1185 1477 1213 Hoc
1498 1185 1580 1213 etiam
1602 1190 1717 1222 apparet
1738 1194 1787 1223 per
1808 1186 1918 1215 beatum
1940 1187 2067 1224 Augusti-

1222 1240 1289 1260 num
1311 1232 1337 1259 in
1369 1232 1438 1259 libro
1469 1232 1502 1260 de
1528 1232 1617 1268 Opere
1644 1233 1843 1261 monachorum
1856 1233 1875 1267 ⁷,
1908 1234 1954 1262 ubi
1986 1234 2066 1268 dicit,

1222 1278 1296 1315 quod
1318 1278 1354 1306 illi
1377 1279 1424 1315 qui
1452 1291 1465 1303 (ε
1480 1279 1615 1307 habebant
1631 1279 1657 1307 in
1680 1280 1731 1308 hoc
1752 1281 1862 1308 saeculo
1876 1280 1992 1317 aliquid,
2011 1289 2067 1317 quo

1222 1325 1298 1353 facile
1327 1325 1385 1353 sine
1406 1325 1514 1361 opificio
1542 1329 1729 1354 sustentarent
1757 1326 1840 1354 vitam
1868 1327 1964 1361 istam,
1993 1326 2067 1364 quod

1221 1372 1346 1400 conversi
1368 1372 1400 1400 ad
1432 1372 1578 1400 Dominum
1607 1372 1792 1409 indigentibus
1822 1373 1957 1410 dispertiti
1986 1377 2065 1408 sunt,

1221 1419 1295 1455 quod
1317 1419 1384 1447 tales
1404 1418 1438 1446 ad
1458 1426 1542 1454 opera
1563 1419 1700 1447 manualia
1720 1428 1773 1448 non
1800 1423 1930 1449 tenentur
1958 1421 2001 1450 vel
2022 1429 2066 1450 co-

1221 1468 1335 1502 guntur,
1356 1473 1407 1493 000
1428 1464 1461 1493 ad
1482 1465 1671 1501 quaerendum
1694 1466 1797 1495 victum
1825 1468 1970 1504 proprium
1985 1479 2012 1496 ».
2034 1468 2066 1496 Et

1222 1512 1354 1540 rationem
1377 1515 1471 1548 postea
1492 1511 1580 1540 reddit
1601 1511 1732 1547 inferius,
1754 1513 1819 1549 quia
1840 1514 1877 1542 illi
1899 1514 1947 1551 (1111
1962 1523 2065 1552 paupe—

1221 1567 1266 1588 res
1287 1561 1513 1597 sustentaverunt
1533 1558 1566 1587 de
1587 1559 1766 1596 eleemosynis
1788 1568 1941 1597 pauperum
1957 1564 2065 1590 susten-

1221 1606 1273 1634 tari
1300 1606 1400 1634 debent
1431 1608 1457 1634 et
1479 1609 1601 1642 possunt.
1633 1606 1674 1634 Ait
1706 1606 1779 1634 enim
1807 1607 1879 1635 sic⁸z
1907 1607 2065 1636 «Omnium

1220 1652 1440 1681 Christianorum
1462 1660 1517 1680 una
1542 1652 1699 1688 respublica
1725 1656 1781 1687 est;
1803 1656 1830 1681 et
1851 1653 1911 1681 ideo
1938 1654 2064 1691 quisquis

1219 1699 1382 1728 Christianis
1402 1698 1517 1727 ubilibet
1538 1699 1691 1727 necessaria
1715 1699 1885 1736 erogaverit,
1914 1700 2064 1729 undecum-

1219 1755 1274 1783 que
1294 1746 1377 1775 etiam
1398 1746 1456 1782 ipse
1477 1745 1551 1782 quod
1572 1745 1623 1774 sibi
1645 1746 1830 1774 necessarium
1844 1749 1885 1775 est
1905 1747 2015 1783 accipit,
2030 1747 2063 1776 de

1219 1793 1321 1822 Christi
1336 1793 1415 1821 bonis
1436 1792 1549 1829 accipit;
1571 1792 1635 1829 quia
1650 1795 1677 1821 et
1698 1792 1867 1829 ubicumque
1885 1793 1942 1829 ipse
1964 1794 2063 1823 talibus

1218 1841 1307 1874 dedit,
1322 1840 1385 1877 quis
1400 1840 1451 1869 nisi
1472 1839 1599 1868 Christus
1613 1839 1740 1876 accepit»
1754 1842 1764 1867 ἱ)
1781 1855 1816 1860 —-
1832 1840 1858 1868 Si
1879 1848 1945 1877 ergo
1966 1848 2063 1870 secun-

1218 1887 1284 1916 dum
1307 1887 1480 1916 Ambrosium
1510 1886 1615 1914 maiora
1640 1886 1711 1915 bona
1731 1889 1844 1923 propter
1871 1886 1978 1915 minora
2008 1896 2061 1916 non

1218 1937 1283 1963 sunt
1304 1933 1562 1970 praetermittenda3
1578 1936 1604 1961 et
1626 1932 1777 1961 secundum
1796 1933 1990 1969 Hieronymum
2005 1943 2062 1963 ma-

1217 1981 1276 2009 iora
1297 1983 1361 2009 sunt
1382 1981 1454 2009 bona
1478 1980 1688 2017 praedicationis
1708 1983 1735 2008 et
1762 1979 1951 2009 instructionis
1977 1989 2061 2018 quam

1216 2028 1352 2056 manualis
1379 2027 1560 2064 operationis;
1589 2030 1616 2055 et
1637 2026 1788 2056 secundum
1816 2027 1999 2063 Augustinum
2027 2028 2061 2056 ad

1217 2074 1373 2103 huiusmodi
1395 2082 1480 2111 opera
1501 2082 1555 2102 non
1576 2073 1769 2111 astringuntur
1789 2073 1836 2110 qui
1857 2073 1971 2102 fuerunt
1991 2074 2060 2103 divi-

1216 2125 1256 2150 tes
1277 2121 1397 2155 delicati,
1419 2121 1561 2150 manifeste
1581 2124 1710 2158 apparet,
1734 2119 1808 2157 quod
1835 2120 1931 2149 intenti
1952 2121 2060 2157 praedi-

1215 2168 1313 2197 cationi
1336 2171 1363 2196 et
1383 2168 1515 2205 operibus
1540 2167 1743 2197 misericordiae
1771 2167 1921 2204 spiritualis
1945 2167 1980 2196 ad
2007 2168 2059 2197 hu-

1214 2214 1332 2242 iusmodi
1353 2222 1437 2251 opera
1459 2223 1512 2242 non
1534 2217 1598 2243 sunt
1619 2214 1739 2251 astricti,
1760 2213 1807 2242 5011
1828 2213 1928 2242 debent
1949 2216 1976 2242 et
1996 2222 2059 2251 pos-

1214 2263 1278 2288 sunt
1306 2260 1339 2288 de
1370 2260 1550 2296 eleemosynis
1571 2260 1728 2290 sustentari.
1761 2260 1792 2289 Et
1813 2260 1865 2288 hoc
1896 2263 1952 2293 est,
1983 2261 2057 2298 quod

1215 2306 1383 2342 Augustinus
1405 2306 1432 2334 in
1459 2307 1553 2335 eodem
1575 2308 1668 2336 libro⁰
1695 2310 1758 2337 ante
1779 2308 1853 2336 haec.
1874 2307 1959 2336 verba
1980 2316 2057 2344 prae-

1278 2474 1287 2487 3
1304 2476 1366 2498 loun.
1383 2476 1408 2503 6,
1427 2476 1468 2498 27:
1481 2476 1614 2504 operamini
1626 2482 1673 2498 non
1686 2475 1776 2503 cibum,
1788 2476 1827 2504 qui
1839 2476 1906 2503 perit.
1917 2488 1948 2493 —
1961 2477 2056 2500 lnferius

1214 2522 1257 2544 pro
1274 2515 1382 2545 geminus
1399 2515 1494 2538 Maurini
1511 2518 1573 2538 recte
1592 2519 1709 2545 genuinus
1728 2509 1817 2544 [deus],
1834 2517 1857 2537 01
1873 2521 1915 2542 pro
1935 2518 2055 2540 corrector

1212 2554 1358 2585 scriptorum
1376 2558 1449 2577 textus
1466 2555 1584 2583 originalis
1600 2556 1720 2578 cor-rector
1736 2553 1856 2578 vitiorum.

1275 2593 1283 2606 ⁷
1301 2594 1356 2622 Cap.
1374 2595 1411 2616 21.
1428 2601 1451 2617 n.
1469 2594 1511 2617 25:
1530 2594 1552 2616 Si
1569 2594 1649 2616 saltem
1667 2592 1806 2616 habebant...
1822 2593 1933 2620 dispertiti
1951 2597 2017 2622 sunt,
2033 2597 2055 2617 et

1212 2633 1327 2655 credenda
1345 2636 1379 2655 est
1395 2640 1476 2656 eorum
1495 2634 1614 2656 infirmitas
1631 2636 1653 2655 et
1670 2632 1771 2655 serenda.

1274 2669 1283 2683 ⁸
1300 2671 1355 2700 Cap.
1373 2672 1410 2694 25.
1428 2678 1450 2694 n.
1463 2672 1500 2694 33.
1513 2672 1598 2694 Textus
1610 2671 1727 2699 originalis
1737 2669 1877 2699 ubicumque
1888 2670 1971 2700 etiam,
1984 2672 2053 2695 codd.

1211 2712 1233 2732 et
1254 2711 1276 2737 l,
1294 2711 1320 2737 Ξ,
1339 2711 1363 2738 3,
1382 2706 1394 2733 't
1411 2710 1497 2741 ubique
1513 2710 1583 2734 etiam
1602 2716 1645 2738 pro
1662 2709 1824 2739 undecumque
1840 2709 1918 2733 etium.

1273 2748 1282 2767 Ψ
1299 2750 1354 2778 Cap.
1373 2751 1413 2773 21,
1427 2756 1451 2772 n.
1468 2750 1563 2772 24:11sti
1580 2752 1657 2772 autem
1675 2750 1755 2771 trau-es
1770 2748 1841 2771 nostri
1858 2751 1944 2772 temere
1960 2748 2003 2772 sibi
2021 2756 2054 2772 ar-

1209 2791 1305 2816 rogant,
1322 2791 1435 2818 quantum
1452 2789 1569 2816 existimo,
1586 2788 1651 2817 quod
1667 2787 1780 2811 eiusmodi
1797 2786 1897 2811 habeant
1908 2791 2054 2816 potestatem.

1211 2828 1232 2851 Si
1250 2828 1312 2850 enim
1329 2828 1485 2856 evangelistae
1501 2826 1551 2857 [etr.
1569 2828 1627 2856 Eph.
1639 2827 1665 2855 t,
1684 2827 1692 2849 1
1700 2826 1729 2856 1.]
1747 2829 1811 2853 sunt,
1829 2828 1912 2854 fateor,
1924 2826 2022 2855 habent5
2034 2828 2052 2850 si

1209 2866 1306 2890 ministri
1318 2866 1406 2893 altaris,
1419 2866 1589 2894 dispensatores
1601 2867 1801 2889 sacramentorum
1818 2857 1868 2894 [cir.
1880 2866 1895 2888 l.
1906 2865 1959 2889 Cor.
1971 2866 1996 2894 4.
2009 2866 2053 2896 l.],

1209 2904 1268 2928 bene
1285 2905 1327 2928 sibi
1346 2905 1412 2929 istam
1429 2911 1477 2928 non
1494 2908 1615 2934 arrogant,
1632 2906 1674 2929 sed
1690 2906 1757 2934 plane
1773 2904 1891 2928 vindicant
1908 2908 2061 2933 potestatem„
