2285 3398
763 203 1000 232 l'lu')l.l·1(;(›ltll·3NA
1022 204 1049 232 (ἶ.
1074 204 1100 232 il.
1755 205 1794 232 Vll

69 282 89 304 in
106 282 241 304 acerrimam
260 282 332 308 litem,
350 284 373 304 ut
390 282 455 304 Sedis
470 282 606 310 apostolicae
618 282 724 311 regisque
737 282 818 304 tiullinc
831 282 905 309 provi-

67 327 154 350 sionoui
173 327 339 356 provocaverit.
353 327 446 350 Duobus
458 327 572 356 prioribus
588 328 653 350 aunis
665 329 690 350 lls
702 328 737 350 illu
753 327 905 356 principaliter

69 376 146 396 contra
164 375 242 396 fratres
259 374 426 396 praedicatores
443 374 554 401 agebatur
569 374 704 403 (Cliartular.
722 375 905 402 1›n“.2t25t,iiota

73 420 128 447 16.),
141 426 193 442 cum
212 420 247 443 vix
266 421 409 443 nominentur
427 421 535 448 Minores,
547 421 614 450 quia,
627 424 650 443 ut
668 421 765 447 videtur,
779 422 802 443 u.
815 421 907 443 limittth

69 473 81 489 a
94 467 186 494 roi-mn,
198 467 314 490 (leiwrnlls
331 468 421 490 Ordinis
439 468 562 494 lllluoruui,
575 468 666 490 sollicito
685 475 725 495 pro
743 474 799 495 pare
816 474 906 489 rauser-

69 514 143 536 vaiuln
161 513 310 536 laboraverat.
328 514 372 536 Sed
391 514 472 536 deinde
489 515 644 536 controversia
659 522 670 536 a
685 515 787 542 personis
800 514 906 536 insectan-

70 559 105 581 ‹lis
123 560 240 583 insurrexit
258 560 287 582 iul
305 560 414 588 principia
432 561 491 582 vitae
512 561 657 587 evangelican
675 561 779 587 negantia
797 564 818 583 rt
836 568 907 589 ‹ippu-

70 606 168 634 guaudn.
193 607 360 633 Antcsiunanus
383 607 559 634 magistrorum.
584 608 709 630 tiulielmus
731 614 743 629 u
770 609 791 630 S.
813 609 907 634 Auiore,

784 655 907 678 Tmrlufus

69 697 145 721 brevis
157 698 184 721 de*
193 698 304 728 pmiculis
318 699 500 722 novissimorum
513 702 652 729 wialan-uni,
667 701 706 729 qui
719 700 807 728 int-ipit:
823 711 832 720 ιι
844 701 907 726 lii-ve,

70 659 107 675 tui.
128 653 184 675 125⁵
210 653 280 675 edidit
305 653 458 681 perniciosum
485 653 583 676 libellum
610 654 754 682 inscriptum:

71 745 175 768 videntes
192 745 322 768 clamabunt
341 746 424 768 [οι-13».
443 747 507 768 llunc
524 750 643 769 tractatum
661 749 787 769 restitarunt
804 748 826 769 S.
850 747 908 769 Tho-

70 798 119 814 inas
136 796 157 814 ct
173 796 252 815 aiu-tor
269 792 364 821 quidum
382 793 435 815 Ord.
462 793 574 816 Mlnorum
600 794 620 815 iu
645 794 757 821 ‹xpum-ulo
775 794 907 821 incipiente:

72 847 82 858 ιι
93 839 182 865 Munus,
199 845 259 867 quac
276 842 353 861 contra
372 840 555 867 (liuuipoteuteni
572 840 697 868 erigitur»,
709 841 771 868 quod
789 841 908 868 hucusque

69 885 221 907 communiter
238 885 403 908 attribuebatur
421 887 455 908 Fr.
474 886 597 908 llertrando
615 887 643 908 ‹lc
662 886 756 913 llaiouu,
775 886 813 908 scd
833 886 853 908 in
871 886 908 907 cil.

70 930 210 954 chartulario
228 932 290 960 (pag.
309 932 364 958 tta,
378 936 428 955 uota
451 934 477 961 l.)
495 935 591 955 refertur
608 940 633 956 cx
650 933 752 962 quodam
770 933 848 955 codice.
865 932 907 954 alia

69 979 190 1007 sententia,
208 985 267 1008 quae
293 983 408 1002 auctorem
432 980 534 1002 ciusdem
561 980 661 1003 nominat
687 981 721 1002 lir.
747 980 861 1002 Thomam
879 979 907 1001 dc

70 1023 183 1053 aboi-nco,
200 1026 239 1054 qui
256 1026 355 1048 Oxouiue
373 1033 408 1048 un.
430 1027 486 1048 12ἵί3
504 1027 525 1049 in
544 1027 657 1053 theologia
676 1026 765 1054 incepit.

131 1071 221 1094 ”rei-tius
238 1075 270 1094 cst
288 1073 311 1094 S.
334 1072 504 1098 Bonaventura,
521 1073 561 1101 qui
588 1073 609 1094 in
632 1073 674 1094 liac
696 1072 724 1094 dc
746 1078 791 1100 qua
816 1071 908 1100 agimus

68 1117 199 1146 quaestione
216 1118 330 1146 disputata
349 1119 423 1146 primo
441 1119 532 1141 (luobus
549 1119 660 1145 articulis,
677 1118 744 1141 tacito
762 1118 853 1141 nominc
865 1118 908 1141 Gu-

69 1163 148 1191 lielmi,
167 1170 245 1187 veram
262 1165 389 1187 doctrinam
407 1166 508 1188 defendit
524 1169 545 1188 ct
563 1165 687 1193 positiones
704 1165 828 1188 adversarii
846 1171 908 1187 ever-

70 1210 105 1237 tit.
122 1210 208 1239 quilius
226 1214 304 1239 postea
323 1212 413 1234 tertium
431 1213 459 1234 ‹lc
477 1212 553 1235 labore
572 1218 681 1234 manuum
700 1211 809 1234 adiunxit.
826 1212 849 1234 1‘.
869 1212 908 1234 Bc-

70 1257 172 1281 nedictus
190 1259 272 1281 llonelli
291 1259 419 1285 (Drodrom.
437 1260 452 1282 l.
468 1266 488 1282 c.
506 1259 526 1282 6.
544 1265 566 1281 n.
583 1259 646 1286 5,.c.
664 1259 685 1281 5.
703 1265 725 1281 n.
741 1259 781 1288 5.),
799 1259 821 1281 P.
839 1260 907 1287 Gasp.

69 1304 97 1327 de
115 1306 187 1328 Monte
205 1306 288 1327 Sancto
306 1306 381 1333 (Gesta
399 1312 411 1328 e
428 1306 526 1328 dottrina
543 1305 578 1328 dcl
595 1306 662 1328 scraf.
679 1305 737 1328 Dott.
753 1306 776 1328 S.
793 1305 909 1328 Bonaven-

70 1355 125 1380 tura,
142 1358 162 1375 c.
179 1353 223 1380 6.),
241 1353 264 1375 l‘.
281 1353 391 1375 Antonius
408 1353 475 1375 Maria
492 1353 521 1375 de
539 1352 624 1375 Vicetia
643 1352 702 1381 (Vita
719 1352 744 1375 di
762 1353 784 1375 S.
797 1353 882 1375 Bouav.
894 1353 908 1374 l.

69 1405 88 1422 c.
108 1399 163 1428 li),
181 1399 251 1422 secuti
271 1400 428 1428 Waddingum
446 1400 484 1427 (ad
501 1406 537 1422 an.
555 1399 637 1427 1257),
654 1400 744 1426 dicunt.
758 1400 780 1422 S.
794 1400 909 1422 Bonaven-

69 1446 142 1466 turam
160 1445 289 1473 Anagniae,
306 1444 345 1467 ubi
363 1445 489 1470 Alexander
507 1445 543 1468 lV.
560 1445 702 1473 praedictum
723 1447 843 1467 tractatum
860 1451 910 1468 exa-

69 1490 124 1513 mini
146 1491 253 1519 subiecit,
271 1495 348 1514 eontra
371 1492 507 1514 Guliclniuni
525 1492 665 1520 disputasse,
682 1492 766 1519 immo,
784 1494 808 1514 ut
827 1492 851 1514 Ρ.
867 1492 909 1514 Λιι-

69 1539 144 1561 tonius
165 1538 232 1561 Maria
250 1539 303 1561 dicit
322 1539 384 1567 (pag.
402 1539 454 1567 70),
474 1539 579 1567 «legisse
600 1545 666 1562 suam
688 1539 833 1567 apologiam,
849 1545 909 1568 quac

67 1587 101 1607 est
118 1585 254 1613 opusculum
273 1588 352 1608 notum
369 1584 413 1608 sub
431 1586 494 1608 titulo
511 1585 538 1609 de
555 1586 696 1615 Paupertate
713 1585 830 1608 Christi».

131 1631 176 1654 Sed
188 1633 244 1654 haec
256 1631 350 1654 assertio
367 1632 446 1654 nititur
464 1632 536 1660 fragili
554 1632 701 1655 fundamento
718 1635 740 1654 et
757 1632 815 1654 male
827 1638 909 1654 conve-

69 1676 101 1699 nit
117 1683 170 1700 cum
189 1677 252 1700 factis
268 1677 361 1700 aliunde
378 1680 439 1700 certo
457 1677 566 1706 probatis.
583 1678 626 1700 Pro
644 1678 792 1701 fundamento
813 1678 841 1700 illi
858 1678 908 1700 affe-

69 1726 121 1746 runt
137 1723 208 1746 verba
226 1724 329 1746 Thomae
346 1723 524 1752 Cantimpratani
542 1724 568 1747 O.
586 1725 609 1747 Ρ.
626 1725 664 1753 (de
681 1724 780 1752 Apibus,
796 1725 820 1747 ll.
836 1730 856 1747 c.
875 1725 908 1747 lO.

68 1777 90 1793 n.
108 1771 163 1798 23),
180 1771 220 1800 qui
237 1774 326 1798 narrat,
343 1771 459 1799 Anagniae
477 1774 567 1799 praeter
583 1771 736 1794 flambertum
753 1774 775 1794 et
792 1772 817 1794 B.
834 1771 909 1794 Alber-

68 1820 116 1840 tum
134 1818 234 1841 adfuisse
251 1819 318 1841 etiam
337 1818 462 1841 illinistrum
479 1819 612 1841 Generalem
627 1819 718 1842 Ordinis
734 1819 846 1842 Minorum
860 1819 909 1848 (qui

69 1868 122 1888 tunc
138 1868 186 1888 crat
211 1865 236 1888 B.
257 1866 352 1888 loannes
374 1872 386 1888 a
412 1866 511 1894 l‘arma).
528 1867 552 1888 ln
574 1865 672 1889 editione
696 1866 749 1888 libri
770 1866 799 1889 de
821 1866 909 1895 Apibus

69 1912 151 1940 legitur
176 1919 259 1935 nomen
284 1913 466 1936 Bonaventurae
488 1915 540 1936 ante
565 1912 671 1936 minister
693 1912 824 1942 qenerolis,
848 1913 910 1936 unde

69 1959 152 1982 Bonelli
170 1959 332 1988 (l‘rodromus,
350 1960 392 1982 col.
404 1960 441 1982 23.
453 1963 506 1982 nota
523 1960 545 1989 e)
557 1960 680 1983 observat:
701 1969 712 1980 α
724 1966 769 1983 non
781 1961 843 1989 quod
856 1963 909 1983 tunc

68 2010 127 2029 esset
144 2007 205 2033 talis,
223 2007 262 2030 scd
281 2007 334 2036 quia
352 2010 431 2036 postea
449 2008 520 2034 suit»;
537 2014 590 2030 cum
602 2007 693 2030 Parisiis
705 2013 852 2030 commorans
868 2009 910 2030 ele-

69 2056 118 2075 ctus
134 2053 163 2076 sit
179 2053 294 2076 Generalis
311 2054 332 2076 in
350 2053 453 2082 Capitulo
471 2055 573 2076 Romano
589 2055 611 2076 2.
623 2046 689 2076 Febr.
705 2054 770 2076 1257.
781 2054 826 2077 Sed
841 2054 870 2076 illi
883 2055 910 2077 le-

69 2099 136 2122 ctioni
149 2100 264 2127 praefatae
276 2099 382 2122 editionis
398 2099 456 2128 (res,
468 2106 528 2128 quae
545 2100 611 2122 toties
627 2100 708 2122 accidit
719 2100 741 2122 in
755 2100 854 2129 antiquis
866 2100 911 2123 edi-

69 2146 179 2175 tionibus)
191 2147 351 2169 contradicunt
362 2147 503 2176 antiquiores
514 2147 584 2169 codd.
595 2147 695 2169 melioris
707 2150 780 2175 notae,
792 2147 814 2169 in
826 2147 911 2176 quibus

70 2198 154 2216 nomen
171 2193 354 2216 Bonaventurae
370 2193 445 2220 deest3
463 2199 505 2221 pro
522 2200 569 2220 quo
587 2194 615 2215 cl.
631 2194 654 2215 P.
671 2193 758 2216 Denisse
776 2193 910 2222 (Chartular.

71 2245 123 2268 pag.
135 2239 193 2267 333,
204 2242 258 2261 nota
270 2239 301 2267 6.)
314 2245 421 2268 expresse
433 2240 515 2267 allegat
526 2239 628 2268 quinque
640 2239 743 2268 codices3
755 2238 819 2262 addit
830 2232 910 2267 etiam,

70 2285 145 2313 ipsum
166 2286 304 2309 Gulielmum
327 2292 373 2308 non
396 2286 487 2309 venisse
511 2286 638 2314 Anagniam
656 2286 698 2308 nisi
714 2289 767 2314 post
791 2285 858 2308 libelli
875 2286 910 2308 sui

70 2332 302 2361 reprobationem—
318 2333 384 2362 Quod
401 2333 426 2355 Β.
443 2333 548 2356 Albertus
565 2333 631 2355 fuerit
647 2333 776 2361 Anagniae,
794 2335 910 2355 attestatur

70 2380 137 2402 ctiam
154 2381 275 2409 antiquum
286 2379 416 2403 Chronicon
428 2380 548 2403 cuiusdam
560 2380 634 2402 fratris
645 2379 737 2403 Ordinis
748 2380 835 2407 Praed„
846 2380 909 2408 quod

70 2425 152 2449 desinit
166 2426 195 2449 ad
207 2433 245 2449 an.
257 2426 317 2448 -1276
329 2430 350 2449 et
362 2429 511 2449 conservatur
527 2427 551 2448 in
567 2425 703 2450 bibliotheca
716 2426 741 2450 S.
753 2426 825 2450 Pauli
839 2427 859 2449 in
871 2426 911 2450 Ca-

70 2471 152 2495 rinthia
170 2472 235 2501 (Ord.
247 2473 270 2495 S.
281 2472 415 2502 Benedicti).
426 2472 502 2496 Codex
519 2473 555 2495 hic
572 2475 606 2495 est
622 2473 680 2501 sign.
691 2472 747 2496 Cod.
758 2473 845 2501 Hospit.
858 2472 911 2495 124.

71 2518 124 2542 Post
139 2519 201 2542 med.
217 2523 251 2542 est
268 2520 322 2542 illud
346 2519 487 2548 Chronicon,
513 2519 551 2541 ubi
573 2519 629 2542 inter
646 2520 761 2543 notissima
779 2520 834 2549 alia,
851 2526 911 2549 quae

70 2566 99 2588 ad
116 2570 266 2589 memoratam
285 2567 464 2590 controversiam
481 2570 595 2595 spectant,
608 2567 697 2595 dicitur,
713 2573 726 2589 a
741 2567 803 2595 Papa
820 2567 910 2590 Alexan-

71 2613 113 2636 dro
130 2614 167 2636 lV.
186 2620 320 2637 concessam
337 2620 388 2637 esse
404 2614 544 2637 audientiam
564 2623 575 2634 (ι
587 2615 612 2636 B.
636 2614 727 2637 Alberto
752 2615 843 2637 Ordinis
859 2615 912 2637 Fra-

72 2662 131 2683 trum
149 2660 335 2683 Praedicatorurn
352 2661 446 2684 eosdem
463 2667 553 2684 errores
570 2661 725 2689 principaliter
736 2661 912 2689 expugnanti».

72 2706 118 2728 Sed
134 2706 210 2735 quoad
227 2706 412 2729 Bonaventuram
435 2713 477 2735 pro
495 2710 557 2729 certo
576 2706 709 2729 habendum
731 2710 776 2735 est,
798 2707 912 2735 quaestio-

73 2757 139 2779 nem,
158 2752 188 2775 de
204 2758 249 2781 qua
267 2753 397 2782 loquimur,
417 2759 463 2776 non
482 2754 551 2776 fuisse
568 2753 706 2781 disputatum
724 2753 854 2781 Anagniae,
870 2753 911 2776 sed

73 2799 149 2826 potius
165 2800 189 2822 in
205 2800 289 2822 scholis
306 2799 479 2823 l'arisiensibus.

134 2846 181 2868 lloc
199 2846 348 2869 confirmatur
372 2847 460 2875 verbis,
483 2853 543 2876 quae
564 2847 614 2874 ipse
638 2847 797 2869 Bonaventura
823 2847 844 2869 in
869 2848 911 2870 hae

73 2892 206 2920 quaestione
222 2893 312 2921 scripsit
328 2896 379 2922 post
395 2899 416 2916 a.
433 2894 455 2916 2.
472 2894 494 2916 in
512 2894 586 2922 princ.
602 2893 760 2922 replicationis
777 2894 840 2923 (pag.
861 2894 911 2921 ¹49,

73 2938 115 2961 col.
135 2939 174 2967 l.):
194 2940 254 2963 ullis
270 2943 360 2967 autem,
377 2947 437 2969 quae
453 2941 570 2968 praedicta
587 2943 651 2967 sunt,
668 2944 762 2964 conatus
778 2944 812 2964 est
829 2941 911 2970 aliquis

73 2985 224 3012 multipliciter
248 2986 388 3009 adversari...
413 2987 461 3008 Hoc
477 2989 554 3009 autem
572 2986 623 3009 facit
639 2987 800 3014 respondendo
816 2987 910 3009 cuidam

962 282 1087 310 quiin-aiunl
1110 281 1187 304 vitinus
1212 281 1351 311 suflicit-atet·
1368 283 1421 311 post
1444 281 1552 304 cotti-nm.-
1577 282 1599 304 ιἰι
1618 282 1714 308 scholia,
1736 282 1796 304 ⁴uilvn

963 329 1033 355 uratia
1051 329 1187 356 colligenti-i,
1204 328 1261 350 sicut
1278 329 1359 351 [uellus
1376 332 1448 357 poti-0⁴(
1466 335 1575 356 apparere
1595 328 1614 350 in
1628 329 1796 356 pravumninzusi

963 375 1094 403 mitia-«tione
1105 384 1125 397 ιι.

1025 423 1089 450 Quae
1106 421 1133 443 sit
1151 422 1206 443 liat-«5
1223 421 1326 450 «piaculo
1351 420 1467 450 disputata
1495 428 1516 442 ui
1535 421 1619 443 srltnlls
1643 421 1729 449 (utique
1755 428 1798 443 uua

965 468 1102 495 Anagnini-t)
1120 471 1141 490 ct
1158 474 1183 489 vx
1209 474 1249 489 ore
1271 467 1366 489 ‹lis-entis
1392 467 1469 490 atium
1494 467 1633 497 suffirieutrr
1651 468 1758 494 volterra,
1779 471 1798 488 νι

963 521 1023 543 quau
1040 514 1082 536 siut
1099 513 1262 543 responsiones
1279 513 1404 536 adversarii
1427 513 1501 535 eali-ui
1523 514 1624 535 mlii-vine
1648 520 1714 542 <qum
1732 514 1800 535 llouw

965 562 1059 582 ventura
1078 563 1155 588 postea
1173 559 1250 582 addita
1273 566 1327 581 stine
1344 559 1470 588 quaestioni
1487 559 1636 588 replicatione
1653 560 1800 584 t'tillsttitn'lt1,

965 608 1020 629 itanu·
1037 608 1112 629 omnia
1131 606 1235 635 patefacit
1252 610 1273 629 ct
1290 607 1431 629 demonstrat
1447 607 1508 629 alliul
1526 608 1698 629 ‹lorium-naun.

1028 654 1108 676 Fausto
1125 654 1185 676 enlm
1202 654 1308 681 contigit,
1327 657 1349 676 ut
1368 657 1415 676 tuni
1442 653 1489 681 ipsu
1515 654 1617 681 qiizwuiu
1636 653 1656 675 iu
1674 654 1744 675 turin-'i
1767 653 1800 674 illu

966 699 1130 730 insufficienter
1148 701 1281 729 mnu-mm,
1299 703 1346 722 tum
1372 706 1486 723 wisurae
1511 699 1636 721 :alivi-sarii
1661 699 1802 725 anguimanus

964 748 987 769 S.
1005 747 1108 769 Docturis
1125 747 1243 775 oppositae
1265 747 1286 769 lu
1312 746 1403 769 (luobus
1428 746 1559 773 rodit-ilius,
1577 753 1635 775 quus
1653 747 1675 768 Ρ,
1693 746 1773 768 Fidi-lis
1790 752 1801 766 1·

965 794 1039 816 Fannii
1058 794 1155 821 invenit,
1172 794 1200 816 ad
1220 797 1319 816 nostram
1338 797 1434 816 aetatem
1453 793 1606 822 pervenerint.

1027 840 1101 862 iunior
1118 840 1212 863 istorum
1230 841 1336 862 codicum
1354 844 1503 863 conservatur
1516 839 1671 869 Crtntaltriqrw
1684 840 1703 862 in
1718 840 1804 867 Anglia,

966 886 1100 910 bibliotheca
1123 886 1216 914 Collegii
1238 886 1346 915 Corporis
1367 887 1461 913 Cliristl,
1478 887 1536 915 sign.
1554 887 1605 909 cad.
1626 887 1683 914 l03.,
1707 886 1804 909 membr.

964 940 1024 956 saec.
1042 933 1092 956 XV.
1110 933 1215 956 incuntis.
1226 946 1257 950 —
1269 934 1312 956 Ful.
1326 934 1362 956 95.
1380 940 1398 956 r.
1412 934 1454 956 col.
1467 934 1487 956 1.
1499 940 1511 955 a
1525 934 1598 962 prima
1612 940 1680 956 manu
1693 934 1802 962 scriptum

965 982 1014 1002 est:
1035 989 1045 999 ιι
1058 980 1151 1008 Qucstio
1176 980 1289 1008 disputata
1307 986 1320 1001 a
1339 982 1405 1002 fratrc
1423 980 1580 1003 bonaventura
1604 987 1673 1009 super
1699 981 1805 1003 mendici-

965 1028 1017 1052 tate,
1034 1029 1056 1048 ct
1073 1025 1211 1049 obiectiones
1229 1026 1330 1055 magistri
1355 1026 1466 1049 Guillclmi
1483 1027 1512 1048 (lc
1535 1030 1613 1050 sancto
1631 1027 1720 1049 Victore
1738 1026 1804 1057 [sid.

964 1079 1009 1101 qua
1028 1072 1191 1103 [continentur]
1208 1073 1311 1096 ciusdem
1330 1073 1403 1096 fratris
1419 1073 1544 1096 solutiones
1560 1077 1582 1096 et
1598 1074 1721 1096 solutiones
1734 1074 1805 1101 inagi-

964 1119 1002 1141 stri
1020 1119 1132 1142 (iuillelmi
1151 1120 1179 1142 ad
1196 1119 1299 1142 eiusdem
1317 1120 1391 1142 fratris
1407 1119 1553 1142 obiectioncs.
1566 1120 1630 1142 Unde
1647 1119 1685 1142 ubi
1704 1120 1806 1142 iuvenies

966 1165 987 1187 in
1001 1165 1105 1193 margine
1116 1174 1121 1188 z
1134 1166 1197 1195 May.
1212 1166 1297 1193 Guill„
1309 1166 1375 1193 scias,
1387 1167 1430 1188 hoc
1442 1172 1453 1187 a
1467 1166 1576 1194 magistro
1588 1166 1706 1188 (juillelmo
1718 1166 1805 1188 dictum

964 1218 1029 1241 cssc;
1047 1216 1121 1235 cetera
1139 1216 1191 1235 sunt
1217 1213 1298 1235 fratris.
1320 1213 1383 1236 Hanc
1399 1213 1542 1242 questionem
1560 1213 1634 1235 nullus
1657 1212 1725 1235 habet
1749 1213 1807 1235 Pari-

965 1259 1012 1281 sius
1029 1262 1105 1286 preter
1122 1265 1193 1282 unum
1212 1259 1248 1281 vel
1265 1259 1338 1287 duos;
1355 1259 1414 1282 circa
1433 1259 1500 1282 huius
1519 1259 1691 1288 acquisitionem
1709 1260 1806 1282 multum

965 1304 1075 1328 laboravi.
1101 1306 1193 1334 Questio
1218 1308 1252 1328 est
1276 1306 1306 1328 de
1331 1306 1499 1328 mendicitate»
1526 1309 1569 1329 etc.
1584 1318 1615 1322 —
1634 1306 1741 1335 Sequitur
1758 1306 1806 1334 ipsa

965 1352 1069 1380 quaestio
1080 1359 1134 1375 cum
1146 1353 1300 1381 argumentis,
1312 1353 1458 1376 conclusione
1469 1356 1491 1375 et
1502 1352 1666 1380 solutionibus,
1678 1353 1717 1375 sed
1730 1353 1806 1382 quoad

967 1400 1063 1422 formam
1081 1399 1207 1422 verborum
1230 1406 1275 1422 non
1293 1406 1376 1428 parum
1391 1400 1464 1423 differt
1482 1406 1493 1422 a
1512 1402 1583 1427 textu,
1601 1403 1625 1422 ut
1642 1403 1675 1422 est
1692 1399 1715 1422 in
1731 1399 1808 1422 editio-

966 1445 1048 1473 nibus;
1065 1447 1180 1475 quaedam
1197 1447 1265 1469 etiam
1283 1446 1431 1473 omittuntur,
1449 1446 1505 1469 sicut
1523 1446 1604 1469 accidit
1621 1446 1688 1468 ctiam
1705 1446 1726 1468 in
1738 1447 1808 1469 altero

965 1493 1053 1515 codice.
1071 1493 1172 1516 Desinit:
1194 1502 1204 1513 α
1218 1494 1243 1515 Ει
1259 1494 1291 1516 sic
1309 1496 1370 1521 patet
1387 1492 1486 1522 [solutio]
1505 1493 1574 1515 totius
1590 1493 1715 1522 questionis
1735 1496 1757 1516 et
1775 1499 1808 1514 ar-

966 1542 1129 1567 gumentorum
1154 1539 1335 1568 ostendentium,
1355 1539 1419 1568 quod
1438 1539 1570 1561 mendicare
1586 1545 1630 1562 non
1648 1539 1676 1561 sit
1692 1539 1721 1561 ‹le
1739 1540 1808 1566 perfe-

965 1586 1040 1608 ctione
1057 1586 1179 1608 christiane
1195 1586 1319 1614 religionis.
1341 1585 1419 1608 Cetera
1444 1586 1611 1608 conceduntur.
1631 1586 1693 1608 lianc
1712 1585 1810 1614 questio-

966 1638 1020 1654 nem
1038 1632 1200 1655 determinavit
1218 1632 1243 1661 [L
1261 1632 1324 1654 addit
1341 1631 1382 1660 ita]
1401 1631 1510 1659 magister
1526 1632 1588 1654 Bona
1606 1635 1701 1653 ventura
1718 1631 1748 1653 de
1770 1631 1809 1654 Or-

966 1678 1018 1701 dine
1037 1679 1131 1701 fratrum
1149 1679 1275 1706 annorum,
1291 1677 1421 1702 secundum
1438 1678 1501 1707 quod
1517 1684 1532 1700 a
1549 1677 1651 1708 quodam
1667 1676 1752 1700 clerico
1768 1683 1808 1707 po-

965 1725 1010 1748 tuit
1026 1724 1179 1754 reportari».
1195 1737 1226 1741 -
1243 1725 1275 1747 Cl.
1293 1725 1316 1747 Ρ.
1333 1725 1431 1753 Denifle,
1449 1725 1514 1747 cuius
1531 1725 1653 1747 auctoritas
1676 1724 1697 1746 in
1720 1725 1761 1747 hac
1784 1731 1808 1747 re

965 1774 999 1794 est
1021 1771 1169 1799 gravissima,
1191 1777 1233 1799 pro
1255 1777 1296 1793 sua
1319 1771 1459 1793 humanitate
1476 1774 1498 1793 et
1518 1771 1540 1792 in
1557 1776 1599 1793 nos
1621 1770 1720 1792 amicitia
1742 1770 1809 1793 nobis

966 1819 1156 1847 communicavit,
1173 1824 1215 1847 pro
1239 1817 1317 1841 verbis
1333 1817 1360 1841 de
1375 1819 1457 1841 sancto
1478 1817 1569 1841 Victore
1586 1818 1711 1840 certissime
1728 1817 1809 1840 substi-

966 1865 1078 1887 tuendum
1095 1871 1145 1888 esse
1162 1864 1189 1888 de
1205 1866 1287 1888 sancto
1300 1866 1394 1888 Amore.
1411 1864 1502 1887 Nullum
1519 1864 1580 1887 enim
1597 1864 1632 1886 illa
1650 1867 1722 1887 aetate
1739 1865 1808 1887 fuisse

966 1912 1102 1941 magistrum
1119 1919 1134 1935 a
1150 1912 1176 1936 S.
1196 1912 1293 1936 Victore.

1028 1960 1089 1982 Alter
1100 1959 1152 1982 cod.
1164 1962 1197 1982 est
1208 1959 1333 1982 Florentiae
1352 1959 1376 1981 in
1388 1958 1524 1981 bibliotheca
1537 1958 1808 1988 MedIceo-Laurentiana,

967 2007 1024 2028 Plut.
1042 2006 1146 2029 XXXVI.
1164 2006 1224 2029 dext.
1240 2006 1292 2029 cod.
1312 2007 1346 2029 t2.
1363 2006 1462 2029 membr.
1479 2006 1502 2028 in
1519 2006 1541 2028 4.
1556 2013 1616 2029 saec.
1628 2007 1688 2029 XlV.
1700 2007 1809 2029 exeuntis.

966 2065 998 2070 —
1009 2054 1056 2076 Fol.
1069 2053 1121 2076 ¹123.
1133 2053 1230 2076 habetur
1241 2054 1302 2076 solus
1314 2060 1335 2076 a.
1347 2054 1368 2076 2.
1381 2054 1410 2076 de
1427 2056 1573 2082 paupertate,
1584 2054 1670 2076 scilicet
1680 2053 1710 2076 de
1721 2052 1807 2076 mendi-

966 2100 1041 2129 citate,
1056 2104 1077 2124 et
1088 2101 1192 2124 similiter
1208 2101 1231 2124 in
1249 2102 1322 2124 forma
1339 2101 1430 2124 diversa
1443 2101 1472 2124 ab
1483 2101 1551 2124 edita.
1563 2102 1618 2124 Nam
1631 2101 1734 2130 quaestio
1746 2104 1780 2123 est
1794 2107 1808 2123 α

967 2147 1069 2178 quodam
1089 2147 1173 2171 clerico
1192 2149 1325 2177 reportata,
1343 2151 1367 2171 ut
1383 2151 1473 2171 notatur
1489 2149 1512 2170 in
1529 2149 1586 2175 tine,
1599 2154 1651 2170 cum
1669 2148 1705 2170 hic
1722 2147 1809 2170 eisdem

967 2196 1014 2217 fere
1026 2194 1103 2217 verbis
1119 2195 1221 2223 desinat,
1239 2201 1298 2224 quae
1315 2201 1341 2217 ex
1358 2195 1510 2223 praecedente
1522 2195 1601 2218 codice
1612 2194 1809 2222 transcripsimus,

967 2241 1051 2264 additis
1067 2240 1160 2264 verbis:
1180 2251 1191 2261 «
1203 2242 1250 2264 Deo
1267 2241 1360 2270 gratias.
1376 2241 1449 2264 Amen
1461 2251 1483 2264 n.

1031 2287 1088 2316 Quia
1106 2288 1148 2310 hos
1164 2287 1224 2310 duos
1241 2287 1331 2310 codices
1348 2293 1393 2310 non
1409 2287 1527 2315 potuimus
1538 2288 1597 2310 inter
1608 2294 1633 2310 se
1650 2288 1764 2314 conferre,
1782 2293 1808 2309 ex

967 2334 1015 2356 solo
1035 2333 1163 2356 Florentino
1180 2334 1234 2356 satis
1250 2333 1332 2356 vitioso
1350 2339 1429 2362 (quem
1446 2333 1591 2361 signavimus
1611 2333 1682 2355 littera
1699 2332 1724 2361 L)
1741 2333 1807 2361 plura

968 2380 1093 2408 specimina
1111 2380 1213 2403 lectionis
1229 2381 1252 2403 in
1273 2380 1332 2403 notis
1352 2380 1522 2408 exscripsimus.
1548 2380 1610 2408 ipsas
1632 2379 1810 2402 animadversio-

967 2433 1009 2450 nes
1025 2427 1144 2456 Gulielmi,
1155 2433 1213 2456 quas
1225 2428 1384 2450 Bonaventura
1396 2427 1425 2450 ad
1437 2430 1498 2450 certa
1509 2427 1583 2454 capita
1595 2426 1701 2449 reductas
1712 2431 1809 2448 nervose

968 2474 990 2496 in
1007 2480 1047 2496 sua
1065 2474 1211 2502 replicatione
1230 2474 1294 2502 (pag.
1318 2474 1361 2496 «149
1378 2473 1452 2502 seqq.)
1475 2473 1613 2500 confutavit,
1638 2472 1808 2495 reservavimus

967 2522 1002 2544 his
1018 2521 1199 2550 Prolegomenis.
1215 2522 1264 2544 Non
1280 2522 1397 2549 ingratum
1415 2522 1462 2543 fore
1479 2523 1587 2548 putamus
1603 2520 1659 2542 viris
1675 2525 1751 2542 rerum
1770 2525 1809 2547 ge-

967 2572 1053 2592 starum
1071 2568 1192 2596 studiosis,
1209 2569 1252 2591 hoc
1264 2568 1429 2591 documentum
1447 2567 1579 2590 historicum
1597 2568 1729 2596 hucusque,
1746 2566 1809 2595 quod

967 2615 1066 2642 scimus,
1083 2614 1161 2637 nullibi
1178 2615 1318 2643 impressum
1336 2614 1450 2642 integrum
1468 2613 1490 2636 in
1507 2619 1556 2642 seq.
1572 2614 1585 2642 ⁶5
1602 2613 1710 2636 exhiberi.

1031 2662 1060 2684 Ex
1077 2661 1200 2689 praedictis
1217 2663 1317 2688 constat,
1333 2667 1379 2689 qua
1396 2659 1517 2683 occasione
1533 2663 1555 2682 et
1566 2666 1613 2689 quo
1631 2660 1680 2684 loco
1698 2661 1719 2683 S.
1737 2660 1810 2682 Bona—

967 2710 1066 2730 ventura
1082 2708 1158 2736 primo
1175 2707 1229 2730 viva
1246 2713 1304 2730 voce
1321 2707 1350 2730 de
1361 2708 1404 2730 hac
1415 2713 1439 2729 re
1451 2707 1602 2735 disputaverit
1614 2710 1635 2729 et
1646 2706 1729 2729 deinde
1740 2712 1808 2728 suum

967 2754 1107 2781 opusculum
1131 2754 1217 2782 scripto
1238 2753 1375 2781 vulgaverit.
1392 2753 1464 2776 Simul
1480 2754 1534 2776 inde
1551 2753 1656 2781 colligere
1672 2758 1809 2780 possumus,

967 2806 1014 2829 quo
1031 2801 1134 2829 tempore
1150 2801 1194 2823 hoc
1218 2800 1328 2823 evenerit.
1347 2800 1405 2824 Cum
1423 2800 1446 2822 in
1463 2801 1505 2823 hac
1521 2800 1654 2828 quaestione
1671 2799 1744 2825 nulla,
1768 2804 1809 2820 nec

967 2847 1052 2869 directa
1070 2853 1113 2869 nec
1129 2847 1252 2875 indirecta,
1269 2847 1354 2870 mentio
1366 2847 1417 2875 fiat,
1430 2847 1493 2876 quod
1504 2853 1610 2869 summus
1621 2847 1719 2869 Pontifex
1732 2849 1809 2868 tracta-

967 2897 1015 2916 tum
1033 2894 1138 2916 Gulielmi
1154 2893 1324 2922 reprobaverit,
1341 2894 1520 2922 supponendum
1537 2896 1583 2921 est,
1595 2900 1646 2916 eam
1658 2893 1809 2921 compositam

967 2947 1017 2963 esse
1033 2943 1084 2962 ante
1102 2940 1123 2963 5.
1134 2940 1183 2963 Oct.
1196 2941 1268 2968 4256,
1280 2947 1327 2969 quo
1338 2941 1380 2963 ista
1393 2939 1552 2962 condemnatio
1563 2939 1653 2962 accidit.
1664 2938 1721 2961 Cum
1739 2944 1808 2966 porro

965 2990 1018 3008 ante
1039 2986 1096 3007 1255
1112 2986 1174 3008 Ordo
1191 2987 1302 3007 Minoi-um
1319 2992 1364 3007 non
1382 2986 1412 3006 ita
1432 2989 1491 3006 esset
1511 2985 1638 3010 impetitus,
1659 2989 1700 3004 nec
1718 2982 1805 3002 libellus
