2285 3398
61 1103 176 1131 Cari-espon-

82 1128 153 1146 deutra.

74 1473 174 1492 Distinctio

79 1498 168 1516 secunda.

45 1528 120 1547 Gradus
129 1531 174 1548 tres.

55 1622 129 1641 Primus
141 1624 175 1642 tri-

69 1647 156 1670 plicatur.

86 1765 170 1784 Ostiarii.

75 2001 170 2020 Lectores.

54 2189 170 2209 Emi-cistae.

40 2426 94 2448 Item,
104 2432 170 2445 secun-

88 2450 129 2469 dus.

792 172 823 200 ΙΝ
845 164 1065 200 ΗΕΧΛΕΜΕΒΟΝ
1085 170 1248 199 COLLATlO
1269 172 1344 201 xxu.
1882 174 1939 203 [239

189 249 294 282 eidem,
316 252 347 278 ut
368 252 409 278 est
437 249 463 278 in
492 258 521 279 se
549 250 616 287 ipso.
640 250 730 278 Primo
759 250 877 279 Ecclesia
899 249 950 278 fuit
975 249 1037 278 fun-

189 296 252 325 data
283 296 310 325 in
343 297 439 334 primis
471 297 576 332 tribus;
598 297 735 331 secundo,
762 297 789 326 in
821 297 911 326 tribus
941 295 1038 325 mediis

190 344 292 379 crevit;
315 344 396 373 tertio
417 347 541 381 oportet,
563 344 637 382 quod
659 345 694 373 sit
715 344 841 373 ordinata
863 344 889 373 in
911 347 967 373 tota
988 351 1038 372 sua

190 391 370 421 universitate
400 395 427 421 et
458 392 630 428 compleatur
658 400 707 428 per
739 391 873 428 Spiritum
902 393 1036 420 sanctum.

190 441 259 469 Sunt
279 447 346 477 crgo
367 439 394 468 in
423 439 542 468 Ecclesia
567 438 766 475 praesidentes
796 441 824 467 et
845 438 963 472 subditi,
989 437 1038 466 do-

189 490 280 515 centes
301 489 328 515 et
349 486 492 523 discipuli,
515 485 680 523 reyutantes
701 488 728 514 et
757 485 890 523 regulati;
911 488 938 514 et
959 484 1038 513 intel-

190 534 244 571 ligo
263 533 424 571 magistros
444 541 494 562 seu
525 532 654 561 docentes
685 533 728 561 vel
756 532 974 570 philosophiam,
996 531 1039 561 vel

191 581 246 615 ius,
269 581 311 610 vel
333 579 515 617 theologiam,
537 579 580 608 vel
601 582 689 608 artem
704 588 911 617 quamcumque
925 579 1038 613 bonam,

191 636 240 664 per
261 636 344 665 quam
367 629 565 664 promoveatur
586 627 713 655 Ecclesia.
737 628 786 656 Per
807 627 933 656 ordinem
951 635 1039 664 prae-

189 675 348 703 sidentium
369 674 563 711 intelliguntur
584 674 699 711 praelati
721 675 923 712 cuiuscumque
943 677 1038 703 aucto-

191 722 287 750 ritatis.
320 722 370 750 Per
402 720 528 750 ordinem
557 720 757 758 reyulantium
789 724 816 751 et
847 721 1038 759 regulatorum

191 768 436 806 comprehenditur
457 768 512 797 vita
534 769 700 803 monastica;
722 772 749 797 et
770 769 814 798 isti
846 771 912 797 sunt
932 768 1038 802 ultimi,

190 816 255 853 quia
275 818 397 853 oportet,
418 815 554 844 mundum
576 816 762 844 consummari
778 816 804 844 in
819 816 958 850 castitate,
973 815 1039 853 quia

190 863 280 892 ultimi
303 871 358 891 non
386 862 566 900 generabunt.
590 862 719 892 Consistit
750 872 817 901 ergo
848 864 875 892 in
901 864 953 892 boc
974 871 1038 892 con—

189 910 338 939 summatio
359 909 505 944 Ecclesiae,
528 912 559 938 ut
581 913 694 947 regatur
725 910 877 939 secundum
904 910 1038 939 rationem

187 957 397 994 praelationis,
420 957 572 986 secundum
595 958 730 986 rationem
753 958 974 992 illustrationis,
996 966 1037 987 se-

190 1005 313 1034 cundum
335 1005 470 1034 rationem
491 1013 510 1033 a
532 1013 622 1033 carue
643 1005 859 1034 abstractionis.

270 1054 314 1081 10.
336 1052 411 1081 Ordo
435 1052 668 1089 praesidentium
700 1051 847 1089 respondet
877 1052 1038 1089 Principati-

190 1100 257 1135 bus;
279 1100 347 1129 ordo
374 1100 622 1137 magistratuum,
648 1099 840 1137 Arcliangelis;
861 1099 930 1128 ordo
951 1108 1038 1137 requ-

189 1147 317 1181 larium,
339 1147 462 1185 Angelis,
483 1147 530 1185 qui
554 1147 656 1176 habent
687 1148 809 1176 ollicium
840 1147 1035 1175 humilitatis1.

189 1195 294 1224 Debent
315 1195 389 1224 enim
410 1195 473 1232 plus
503 1202 563 1224 esse
591 1195 707 1224 subiecti
735 1194 878 1231 regulares
898 1194 1036 1231 superiori

189 1250 254 1276 suo,
276 1250 360 1279 quam
381 1242 507 1279 discipuli
529 1241 674 1279 magistro,
696 1249 779 1279 quam
801 1240 917 1270 subiecti
933 1240 1037 1277 praesi-

188 1288 278 1323 denti;
300 1289 367 1326 quia
386 1289 429 1318 sic
443 1289 518 1318 decet
532 1297 585 1317 uos
600 1289 718 1326 implere
732 1297 845 1317 omnem
859 1287 1004 1316 iustitiam
1016 1288 1035 1315 ².

189 1336 264 1365 Unde
295 1336 340 1365 ille
368 1337 416 1374 qui
444 1336 531 1374 magis
561 1339 602 1365 est
624 1335 752 1370 humilis,
777 1335 866 1364 maior
894 1338 936 1364 est
962 1334 1036 1372 apud

189 1376 286 1412 Deum.
768 1402 771 1403 ν

270 1432 313 1459 11.
336 1431 393 1459 Alia
410 1433 451 1460 est
465 1430 604 1460 distinctio
618 1430 771 1459 secundum
787 1429 922 1458 rationem
937 1437 1036 1458 ascen-

188 1487 240 1507 sus
270 1481 298 1507 et
325 1478 462 1516 graduum
490 1477 749 1507 ecclesiasticorum.
781 1477 898 1514 Oportet
925 1479 1035 1510 autem,
1066 1488 1069 1492 ’

187 1534 248 1555 eam
263 1525 385 1555 ordinari
400 1525 494 1554 tribus
508 1525 662 1554 ordinibus
677 1524 810 1562 lapidum
818 1525 837 1553 ⁵.
854 1525 924 1562 Sunt
942 1528 1036 1553 autem

187 1573 290 1610 gradus
314 1572 426 1610 quidam
451 1572 624 1610 purgativi,
647 1571 854 1606 illuminativi,
873 1570 1034 1609 perfectioi.

187 1635 224 1640 —
246 1620 392 1657 Puryatio
419 1622 512 1648 autem
544 1619 646 1656 triplex
674 1622 727 1647 est:
757 1622 895 1656 purgatur
916 1618 1000 1647 homo
1020 1627 1037 1647 a

186 1667 329 1696 consortio
357 1666 528 1705 foedorum,
554 1675 570 1695 a
590 1665 690 1694 nubilo
718 1666 979 1703 ierim-antimum,
1001 1666 1036 1694 ab

185 1713 369 1752 infestatione
387 1715 571 1743 daemonum.
602 1713 647 1742 His
675 1713 824 1750 respondet
851 1713 919 1742 ordo
947 1714 1036 1742 ostia-

184 1762 317 1796 riorum,
330 1761 466 1790 lectorum
475 1784 484 1795 ,
499 1760 733 1789 exorcistarum:
748 1760 817 1789 ordo
831 1761 1035 1795 ostiariorum,

185 1811 217 1837 ut
235 1809 423 1838 excludantur
452 1808 601 1842 immundi,
633 1808 885 1842 excommunicati,
917 1816 1036 1845 energu-

184 1856 273 1890 meni,
295 1855 485 1885 catechumeni
517 1858 544 1884 et
575 1863 629 1883 non
661 1855 767 1884 fundati
798 1855 825 1883 in
848 1855 909 1884 tide.
932 1855 964 1884 Et
985 1855 1037 1884 ista

185 1903 287 1932 fiebant
307 1903 334 1931 in
358 1902 475 1931 Ecclesia
496 1901 652 1939 primitiva,
668 1902 779 1939 quando
800 1903 920 1932 Ecclesia
933 1903 1036 1940 optime

184 1953 244 1979 erat
264 1950 407 1987 disposita;
421 1949 477 1979 -sed
499 1949 580 1978 modo
602 1958 704 1986 porcus
725 1953 752 1979 et
773 1950 849 1979 canis
869 1950 981 1978 intrant.
998 1967 1035 1971 —

184 1998 259 2026 Ordo
279 1998 418 2026 lectorum
440 2000 496 2031 est,
572 1997 654 2026 bomo
668 2000 806 2035 purgetur
820 2006 836 2026 a
850 1997 945 2026 nubilo
959 1998 1035 2035 igno-

185 2044 339 2073 rantiarum
355 2052 404 2081 per
419 2044 545 2073 auditum
568 2044 708 2078 lectionis,
723 2047 755 2073 ut
769 2044 852 2073 homo
867 2045 935 2073 sciat
949 2044 1035 2073 histo-

184 2092 255 2120 riam
276 2099 375 2120 eorum
396 2099 468 2129 quae
490 2091 638 2128 leguntur,
660 2094 687 2120 et
708 2091 746 2120 sic
768 2091 943 2120 informetur.
959 2091 1034 2120 Unde

184 2139 267 2168 etiam
289 2139 317 2167 in
338 2138 480 2176 primitiva
501 2139 635 2172 Ecclesia,
658 2138 723 2175 quia
751 2140 817 2167 tunc
838 2138 917 2175 quasi
938 2146 1034 2167 omnes

183 2189 263 2215 erant
284 2186 414 2221 litterati,
441 2186 585 2223 legebatur
617 2185 656 2214 eis
684 2185 772 2214 lectio.
795 2201 831 2205 —
853 2185 945 2214 Tertia
966 2193 1033 2222 pur-

183 2233 255 2271 gatio
283 2242 299 2262 a
327 2233 522 2262 vexationibus
546 2232 712 2261 daemonum
733 2240 783 2268 per
804 2232 928 2260 ordinem
949 2240 1033 2260 exor-

183 2281 335 2309 cistarum.
352 2296 389 2301 —
404 2280 479 2308 Ordo
499 2279 607 2316 primus
629 2279 775 2315 respondet
796 2279 918 2316 Angelis,
934 2287 1032 2308 secun—

183 2327 235 2356 dus
255 2327 448 2364 Archangelis,
471 2326 570 2354 tertius
591 2326 799 2362 Principatibus.

265 2375 308 2403 12.
332 2374 413 2407 Item,
435 2376 477 2402 est
497 2373 565 2401 ordo
585 2372 723 2410 graduum
744 2373 779 2402 ad
800 2373 1032 2403 illuminandum

183 2429 232 2458 per
252 2420 378 2449 ordinem
407 2418 623 2458 acolythorum,
645 2419 910 2456 subdiaconorum,
933 2421 1031 2451 levita-

182 2476 260 2496 rum.
284 2466 491 2505 Acolytlzorum
507 2466 635 2506 est-ferre
650 2467 767 2503 lumina,
781 2468 1031 2499 subdiaconorum

182 2515 273 2552 legere
304 2514 468 2551 Epistolam,
500 2514 694 2543 diaconorum
726 2516 817 2553 legere
843 2517 1029 2554 Evangelium.

1093 249 1195 278 Omnes
1216 252 1307 279 autem
1330 251 1486 280 ministrant
1508 260 1586 286 vasa,
1608 253 1654 281 sed
1670 252 1860 287 diversimode,
1876 253 1942 290 quia

1094 296 1239 333 acolythus
1259 298 1410 335 ampullas,
1431 299 1617 328 subdiaconus
1638 302 1717 336 parat
1737 300 1865 334 calicem,
1884 300 1940 328 dia-

1095 350 1181 372 conus
1202 344 1297 379 ollert;
1320 345 1393 374 unde
1414 346 1495 375 etiam
1517 346 1664 383 aliquando
1685 347 1859 376 ministrabat
1874 349 1941 376 San-

1095 389 1222 426 guinem,
1244 391 1355 428 quando
1376 392 1586 421 ministrabatur
1607 393 1724 430 Sanguis
1744 394 1808 422 olim
1820 394 1840 422 ⁴.

1178 438 1220 467 13.
1244 439 1287 468 lsti
1309 447 1376 476 ergo
1395 440 1506 469 ordines
1534 443 1599 469 sunt
1620 441 1817 470 illuminativi.
1839 442 1942 470 lllumi-

1096 485 1170 514 natio
1190 489 1283 515 autem
1312 487 1448 524 quaedam
1479 490 1520 517 est
1548 496 1596 525 per
1621 489 1751 526 exempta
1778 489 1941 524 exteriora,

1096 532 1231 569 quaedam
1260 541 1310 570 per
1337 533 1510 563 documenta
1537 535 1713 570 mediocria,
1736 536 1870 573 quaedam
1892 544 1942 573 per

1096 579 1269 609 documenta
1296 589 1444 618 suprema.
1468 597 1504 602 —
1528 582 1608 611 Primi
1641 586 1751 619 portant
1781 591 1890 618 cereos,
1912 585 2050 614 utAcomhi-

1096 627 1231 664 acolythi,
1259 627 1363 664 quibus
1393 628 1507 657 dieitur:
1530 629 1595 657 Sint
1623 629 1715 659 lumbi
1741 631 1831 659 vestri
1854 639 1942 668 prae-

1096 674 1198 708 cincti,
1220 678 1245 703 et
1266 674 1403 703 lucernae
1427 675 1591 704 ardentes⁵,
1614 676 1763 706 Luceruae
1783 677 1856 706 enim
1877 680 1943 707 sunt

1095 729 1181 759 opera
1202 721 1292 750 lucida
1313 722 1467 751 secundum
1487 722 1661 760 Gregorium.
1685 740 1721 745 —
1743 725 1860 753 Secundi
1882 725 1944 754 illu·
1957 732 2079 751 subdiaconi.

1096 769 1202 797 minant
1222 769 1308 798 verbo
1329 773 1353 798 et
1374 769 1520 807 exemplo;
1542 775 1575 799 ut
1601 771 1666 800 sitis
1693 772 1755 801 sine
1782 773 1899 811 querela
1919 777 1945 802 et

1094 816 1240 853 simplices
1253 816 1310 853 filii
1325 817 1389 851 Dei,
1404 817 1466 846 sinc
1487 816 1719 855 reprehensione,
1735 819 1766 848 iu
1780 820 1873 849 medio
1890 829 1945 849 ua-

1096 863 1183 892 tionis
1201 872 1316 901 pravae
1337 868 1362 893 et
1377 873 1549 902 perversae,
1564 866 1639 894 inter
1660 875 1731 905 quos
1751 867 1850 896 lucetis
1869 868 1945 897 sicut

1095 911 1262 951 luminaria
1283 912 1315 940 in
1335 913 1460 947 mundo,
1481 913 1599 942 verbum
1617 914 1691 943 vitae
1705 915 1891 949 continente&
1913 918 1945 945 ut

1095 957 1271 992 subdiaconi,
1297 958 1345 996 qui
1373 959 1515 989 continent
1546 961 1662 989 verbum
1692 961 1885 998 Epistolarum.
1908 979 1944 983 —

1095 1005 1179 1034 Tertii
1191 1014 1241 1042 per
1252 1006 1425 1035 documenta
1435 1006 1592 1042 altissiiiza,
1605 1012 1636 1037 ut
1647 1009 1868 1046 Evangeliorum,
1880 1013 1945 1039 sunt
1958 1016 2043 1035 Diaconi-

1094 1052 1210 1081 diaconi.
1233 1053 1309 1083 Unde
1330 1054 1412 1082 etiam
1434 1055 1559 1084 solebant
1583 1056 1755 1092 praedicare,
1778 1060 1809 1085 ut
1830 1057 1945 1094 Stepha-

1095 1107 1164 1133 nus,
1193 1100 1373 1135 Laurentius,
1406 1101 1574 1131 Vincentius.
1604 1102 1679 1131 [nde
1711 1103 1738 1131 in
1770 1104 1864 1132 Luca⁶
1893 1106 1945 1133 An-

1087 1146 1173 1183 ,gelus
1193 1146 1227 1175 ad
1248 1150 1374 1184 pastores
1387 1148 1440 1176 ait:
1457 1149 1608 1177 Annuntio
1623 1149 1703 1178 vobis
1716 1150 1864 1187 qaudium
1881 1159 1945 1179 ma-

1091 1201 1186 1229 ynum
1213 1196 1264 1222 etc.
1286 1194 1332 1222 Ille
1353 1194 1472 1231 Angelus
1500 1197 1541 1223 est
1565 1195 1706 1224 diaconus.
1730 1212 1766 1216 —
1788 1196 1863 1225 Ordo
1883 1205 1945 1226 aco-
1958 1203 2073 1227 conmon-

1095 1239 1237 1276 lythorum
1249 1241 1397 1278 respondet
1408 1242 1607 1275 Potestatibus;
1619 1243 1688 1271 ordo
1702 1243 1946 1280 subdiaconorum,
1979 1228 2049 1247 ⁶²⁰⁰*

1094 1286 1268 1316 Virtutibus:
1288 1287 1357 1316 ordo
1377 1288 1572 1323 diaconorum,
1595 1289 1866 1321 Dominationibus⁷.

1176 1334 1219 1362 14.
1242 1334 1288 1363 Est
1309 1335 1391 1363 etiam
1413 1335 1482 1364 ordo
1499 1335 1694 1374 perfectivus,
1717 1341 1744 1366 et
1765 1338 1817 1368 iste
1837 1342 1879 1368 est
1897 1340 1946 1369 tri-
1958 1346 2011 1373 nem.
2026 1348 2064 1365 ter-

1093 1381 1179 1418 plex;
1213 1382 1422 1417 sacerdotalis,
1454 1383 1627 1421 episcopalis
1661 1388 1689 1414 et
1720 1386 1945 1423 patriarchalis.
1987 1372 2030 1389 Μ’

1093 1428 1300 1458 Consummatio
1321 1430 1394 1459 enim
1416 1433 1458 1460 est
1479 1431 1634 1461 secundum
1666 1433 1801 1470 triplicem
1822 1434 1944 1464 modum.

1099 1476 1164 1505 Una
1178 1479 1220 1506 est
1234 1477 1261 1505 in
1275 1477 1513 1508 administratione
1528 1481 1678 1509 communi
1691 1481 1943 1517 Sacramentorum,
1957 1489 2074 1509 Sacerdotes.

1093 1523 1153 1553 sine
1174 1523 1277 1561 quibus
1298 1532 1353 1553 non
1374 1528 1416 1554 est
1437 1525 1527 1561 salus,
1550 1529 1581 1555 ut
1602 1530 1643 1556 est
1664 1527 1835 1564 baptismus,
1851 1529 1945 1566 poeni-

1094 1571 1194 1605 tentia,
1216 1572 1399 1607 eucharistia,
1421 1573 1516 1602 unctio
1536 1577 1672 1604 extrema.
1689 1575 1811 1604 Primum
1826 1579 1880 1610 est,
1895 1585 1945 1613 per

1093 1619 1167 1656 quod
1194 1619 1381 1648 introducitur
1408 1620 1491 1650 homo
1522 1621 1550 1650 in
1578 1622 1742 1657 Ecclesiam;
1774 1623 1942 1658 secundum,

1094 1674 1143 1703 per
1164 1666 1239 1704 quod
1260 1667 1406 1696 reducitur
1427 1668 1454 1696 in
1485 1669 1608 1706 gradum
1625 1670 1789 1706 pristinum;
1813 1670 1942 1706 tertium,

1094 1722 1143 1751 per
1164 1714 1239 1751 quod
1260 1714 1343 1743 homo
1363 1714 1512 1745 deducitur
1527 1716 1553 1745 in
1569 1717 1684 1746 caelum.
1701 1718 1824 1747 Primum
1839 1721 1894 1753 est,
1909 1719 1941 1748 ad

1093 1761 1257 1790 deletionem
1278 1761 1376 1798 culpae
1403 1762 1563 1800 originalis;
1586 1764 1754 1799 secundum,
1775 1764 1810 1793 ad
1829 1765 1943 1795 deletio-

1093 1816 1157 1837 nem
1178 1809 1318 1844 mortalis;
1340 1810 1469 1845 tertium,
1483 1811 1517 1839 ad
1531 1811 1695 1841 deletionem
1710 1812 1800 1842 omnis
1816 1813 1942 1849 venialis;

1093 1859 1121 1884 et
1142 1856 1208 1893 quia
1228 1856 1256 1885 in
1278 1857 1321 1886 his
1342 1865 1396 1886 non
1411 1861 1453 1886 est
1467 1858 1598 1895 perfectio
1620 1859 1671 1888 nisi
1700 1862 1732 1888 ut
1759 1860 1785 1889 in
1815 1860 1941 1897 Christo,

1093 1902 1154 1932 ideo
1172 1903 1381 1933 Sacramentum
1396 1905 1580 1934 eucharistiae
1601 1906 1784 1936 committitur
1806 1908 1941 1937 sacerdoti

1093 1950 1257 1987 specialiter.

1174 1999 1217 2026 15.
1250 1998 1384 2027 Secunda
1415 2001 1457 2028 est
1484 1999 1512 2028 in
1543 1999 1781 2031 administratione
1809 2002 1941 2032 ordinum
1953 2012 2049 2037 Episcopi.

1087 2045 1361 2083 prioileyiatorum,
1383 2048 1415 2075 ut
1436 2047 1507 2076 sacri
1528 2044 1634 2077 ordinis
1647 2051 1687 2078 ‘et
1708 2050 1940 2086 confirmationis;

1091 2091 1165 2129 quod
1186 2095 1227 2120 est
1248 2092 1458 2129 episcoporum,
1480 2102 1535 2123 non
1556 2095 1690 2130 aliorum;
1713 2099 1740 2125 et
1754 2097 1820 2134 quia
1838 2098 1942 2128 faciunt

1090 2139 1246 2168 sacerdotes
1266 2140 1460 2176 perfectiores;
1476 2141 1536 2171 ideo
1551 2142 1579 2171 in
1601 2142 1668 2180 ipsis
1688 2143 1769 2173 debet
1783 2153 1843 2175 esse
1861 2146 1941 2176 altior

1089 2185 1221 2222 perfectio
1242 2186 1276 2215 ad
1297 2186 1419 2216 dandum
1441 2188 1576 2226 Spiritum
1597 2194 1741 2226 sanctum,
1756 2187 1873 2230 quinon
1888 2193 1941 2222 nisi

1088 2241 1139 2270 per
1160 2234 1302 2271 Apostolos
1322 2235 1456 2271 dabatur;
1472 2236 1533 2266 ideo
1554 2238 1637 2267 etiam
1658 2239 1750 2268 locum
1766 2242 1858 2269 tenent
1872 2241 1941 2278 Apo-

1089 2281 1234 2310 stolorum.
1256 2298 1301 2304 —-
1316 2283 1405 2320 Super
1436 2285 1578 2322 Apostolos
1603 2289 1696 2316 autem
1727 2290 1769 2316 est
1796 2288 1938 2323 Christus,
1954 2298 2075 2317 pararem

1089 2332 1116 2358 et
1136 2332 1198 2366 post
1220 2330 1325 2360 Petrus.
1348 2331 1464 2369 Oportet
1484 2341 1564 2370 ergo,
1586 2342 1645 2363 esse
1671 2338 1778 2372 patrem
1809 2339 1938 2372 patrum,
1967 2322 2056 2346 ⁶²P³¹⁷³'

1089 2385 1173 2414 quem
1194 2385 1244 2407 nos
1265 2378 1385 2416 Papam
1406 2388 1551 2415 vocamus,
1574 2382 1621 2418 qui
1644 2385 1735 2411 tamen
1751 2386 1865 2420 propter
1886 2383 1939 2412 hu-

1088 2424 1230 2453 militatem
1252 2429 1375 2462 quatuor
1396 2427 1479 2456 habet
1500 2428 1689 2465 patriarchas:
1711 2429 1939 2467 Constantinopo-

1088 2471 1221 2506 litanum,
1236 2473 1470 2509 Alexandrinum,
1487 2475 1779 2512 Hierosolymitanum,
1795 2477 1938 2506 Antioche-

1088 2527 1165 2547 num.
1189 2519 1219 2547 Et
1245 2519 1279 2548 de
1311 2520 1354 2549 his
1382 2521 1507 2558 loquitur
1535 2523 1655 2552 isaiasfl:
1686 2524 1782 2552 Erunt
1812 2525 1938 2563 quinque

244 2672 252 2686 ¹
270 2669 314 2700 Cir.
331 2676 401 2702 supra
418 2673 492 2696 collat.
511 2674 546 2696 ¹9.
563 2680 585 2696 n.
604 2673 625 2696 4.

244 2711 253 2725 ²
271 2714 347 2736 Matm.
365 2714 391 2742 a,
409 2713 447 2736 45.

244 2750 253 2763 Β
270 2752 331 2775 Libr.
348 2753 381 2775 lll.
403 2753 460 2779 neg.
478 2752 504 2780 6,
522 2753 567 2775 36:
588 2753 614 2775 Et
634 2754 764 2777 aedificarit
786 2754 921 2785 [Salomon]
944 2757 1027 2780 atrium

181 2791 276 2814 interius
292 2791 366 2814 tribus
382 2791 503 2814 ordinibus
521 2793 624 2820 lapidum
641 2793 774 2821 politorum.

243 2830 253 2843 ²
270 2831 328 2854 Vide
346 2834 402 2854 tom.
419 2832 456 2854 lV.
473 2838 528 2859 pag.
545 2833 603 2862 637,
620 2836 672 2855 nota
690 2834 712 2856 8.

244 2868 253 2881 ⁵
270 2871 324 2893 Luc.
342 2871 383 2899 ⁴2,
401 2871 438 2894 35.
455 2882 486 2887 --
503 2871 612 2900 Gregor.,
625 2873 640 2894 l.
657 2873 739 2895 Homil.
755 2874 778 2896 in
795 2875 882 2903 Evang.
900 2876 978 2898 homil.
992 2876 1028 2898 13.

181 2915 203 2932 u.
221 2909 229 2931 4
244 2918 249 2932 :
266 2910 381 2932 Lucernas
397 2910 485 2938 quippe
501 2910 609 2933 ardentes
625 2911 648 2933 in
665 2911 772 2935 manibus
788 2916 903 2943 tenemus,
915 2921 969 2937 cum
986 2921 1028 2943 per

180 2948 241 2971 bona
258 2955 327 2977 opera
345 2949 456 2977 proximis
472 2949 556 2972 nostris
572 2950 629 2973 lucis
645 2952 747 2979 exempla
759 2955 921 2976 monstramus.
932 2966 963 2971 --
975 2955 1028 2984 Seq.

180 2988 243 3010 locus
260 2991 292 3010 est
313 2989 368 3010 Phil.
386 2989 412 3017 2,
431 2989 467 3011 45.
485 2990 507 3011 et
532 2989 570 3011 ⁴6.
595 2989 667 3012 Codd.
692 2991 785 3019 legunt:
802 2994 829 3016 ut
843 2992 894 3016 silis
911 2993 1026 3022 sinceres,

1085 2678 1145 2702 inter
1163 2686 1221 2710 quos
1238 2684 1281 2703 etc.
1297 2682 1414 2704 Forccllini
1431 2685 1506 2711 notat,
1523 2683 1586 2712 quod
1604 2683 1645 2706 ista
1663 2684 1735 2706 forma
1752 2683 1854 2707 sinceres
1875 2684 1936 2706 inve-

1084 2719 1172 2747 niatur,
1190 2723 1266 2742 tamen
1283 2727 1328 2743 non
1345 2722 1374 2744 sit
1393 2722 1510 2745 imitanda.

1147 2757 1157 2770 ⁶
1174 2759 1229 2787 Cap.
1247 2761 1273 2788 2,
1291 2760 1336 2783 ⁴0:
1353 2761 1491 2789 Evangelizo
1508 2761 1576 2784 iobis
1592 2765 1635 2784 etc.

1147 2796 1156 2809 '¹
1174 2798 1218 2821 Ctr.
1236 2799 1273 2821 lV.
1290 2799 1352 2822 Sent.
1369 2800 1392 2822 d.
1410 2800 1447 2822 24.
1465 2806 1487 2828 p.
1505 2801 1528 2823 ll.
1546 2807 1566 2823 a.
1584 2802 1606 2823 2.
1623 2808 1645 2830 q.
1662 2800 1682 2823 4.

1148 2835 1157 2849 ⁸
1174 2837 1229 2866 Cap.
1247 2838 1288 2867 19,
1307 2839 1344 2861 118.
1360 2839 1418 2862 ibid.
1434 2839 1503 2862 etiam
1521 2846 1569 2869 seq.
1586 2840 1657 2863 locus.
1673 2853 1704 2857 —
1721 2841 1753 2863 De
1775 2844 1874 2869 quatuor
1897 2847 1933 2869 pa-

1084 2876 1189 2899 triarchis
1213 2878 1253 2899 cfr.
1278 2877 1363 2901 Concil.
1387 2879 1434 2901 Nic.
1456 2880 1472 2902 1.
1489 2885 1539 2901 can.
1556 2880 1578 2902 6.
1595 2882 1617 2902 et
1633 2879 1662 2908 7,
1680 2879 1795 2903 Constant.
1812 2881 1826 2902 l.
1844 2886 1893 2902 can.
1911 2880 1932 2902 5.

1084 2919 1106 2938 et
1122 2916 1185 2944 apud
1202 2918 1302 2940 Gratieu.
1319 2924 1368 2942 can.
1385 2918 1516 2948 Definimus
1534 2919 1587 2949 (7.),
1600 2919 1622 2942 d.
1640 2920 1678 2942 22.
1694 2932 1725 2936 —
1742 2920 1774 2941 De
1792 2920 1931 2947 plenitudine

1084 2956 1202 2983 potestatis
1217 2957 1315 2979 Romani
1332 2958 1446 2981 Pontiflcis
1463 2958 1516 2981 vide
1533 2965 1604 2987 supra
1621 2959 1713 2987 Quaest.
1730 2959 1815 2987 disput.
1832 2959 1861 2981 de
1880 2959 1932 2981 Pcr-

1084 2996 1134 3017 tect.
1151 3001 1234 3023 evang.
1251 3002 1275 3024 q.
1294 2996 1314 3018 4.
1332 3003 1353 3019 a.
1370 2997 1392 3019 3.
1650 3008 1652 3010 ’
