2285 3398
414 178 479 206 XLI!

413 260 461 279 tum
473 256 502 278 ita
514 246 621 278 ordinare
638 255 770 284 potuimus,
787 258 811 277 ut
823 261 904 277 sensus
922 255 985 277 facile
1000 254 1092 282 intelligi
1109 255 1193 283 possit,
1205 254 1262 283 quin

413 303 500 332 aliquid
517 309 529 324 a
547 302 615 325 nobis
630 302 736 325 additum
753 302 792 329 sit,
810 302 853 324 nisi
869 302 986 324 interdum
1003 302 1119 331 quaedam
1137 302 1262 330 particulae

414 349 448 378 (ut
464 348 540 377 enim,
560 348 642 378 iyitnr,
660 349 758 378 eumn),
777 355 839 378 quae
858 349 1027 377 propositiones
1039 349 1096 371 inter
1115 355 1140 371 se
1161 350 1262 370 nectunt.

414 397 437 418 ln
448 395 567 429 collatione
579 395 657 424 quinta
674 394 825 419 adhibuimus
836 395 906 418 etiam
919 395 1011 418 tertium
1022 395 1076 418 cod.
1093 394 1142 423 (C),
1158 394 1200 417 sed
1216 396 1262 417 fere

414 445 501 464 tantum
518 442 547 464 ad
560 441 717 464 confirmanda
729 441 838 464 lectiones
855 447 867 463 a
879 440 947 464 nobis
961 442 1053 464 electas.

475 488 569 512 Collatio
581 489 603 510 6.
615 491 695 511 tractat
712 488 868 517 principaliter
879 488 975 517 quidem
987 488 1059 510 de-B.
1072 487 1167 515 Virgine
1181 486 1262 513 Maria,

415 540 492 559 tamen
505 543 549 559 nou
567 536 640 564 potuit
651 536 753 564 separari
765 542 778 558 a
789 535 883 564 reliquis
894 535 924 558 de
935 539 1025 564 septem
1038 535 1106 558 donis
1117 534 1217 563 Spiritus
1228 534 1263 561 5.,

414 583 468 612 quia
487 586 584 612 utraque
601 583 705 610 collatio,
721 582 807 606 scilicet
824 583 901 612 quinta
919 585 941 605 et
958 585 1033 611 sexta,
1050 582 1131 605 intime
1142 584 1195 605 sunt
1211 587 1263 604 con·

414 637 497 658 nexae,
514 634 539 653 ut
556 633 618 659 patet
635 631 768 659 inspicienti,

476 677 613 700 Collationes
625 677 680 700 istae
696 677 847 705 dignissimae
858 680 911 700 sunt
927 677 1049 711 seraphico
1062 677 1159 700 Doctore
1172 679 1198 699 et
1215 683 1264 705 per·

415 727 472 748 fecte
488 726 620 748 conformes
635 725 765 753 doctrinae,
783 731 853 754 quam
870 724 923 747 alibi
935 724 1068 753 profitetur,
1086 727 1110 746 ut
1126 724 1181 746 satis
1192 726 1264 746 osten-

414 773 471 795 dunt
487 776 555 795 notae
571 779 584 795 a
601 772 669 796 nobis
685 773 715 795 ad
727 773 813 805 calcem
831 772 927 801 positae.
944 774 1002 795 Sunt
1013 774 1089 795 tamen
1105 772 1217 795 faciliores
1234 771 1265 794 in-

415 821 503 843 tellectu
520 826 591 849 quam
608 820 666 842 aliae
682 820 705 842 in
718 819 888 846 llexaemeron‚
906 821 955 842 tum
972 822 1068 847 propter
1079 825 1128 841 rem
1146 820 1265 842 tractatam

415 871 463 891 tum
481 870 577 896 propter
599 867 696 890 modum
722 861 839 895 loquendi.
863 866 929 889 Unde
954 866 1003 894 ipse
1028 869 1109 889 auctor
1134 866 1217 895 (collat.
1244 866 1266 888 1.

415 921 437 937 n.
455 915 478 936 3.
494 914 517 936 111
535 914 587 942 flne)
605 912 672 936 dicit:
692 922 702 933 u
715 913 771 935 Nolo
788 912 866 935 dicere
882 912 926 935 nisi
942 912 1038 941 planiori
1057 911 1206 941 modo,‘quo
1228 918 1267 940 po-

416 965 476 988 tero,
494 964 519 984 ut
535 960 632 990 quilibet
648 966 731 988 capere
749 960 852 989 possit».
870 961 975 982 Refertae
987 962 1063 982 tamen
1080 961 1133 982 sunt
1150 959 1267 982 sententiis

416 1008 510 1031 minime
530 1007 679 1036 vulgaribus;
696 1007 758 1030 unde
776 1006 973 1035 praedicatoribus
990 1006 1059 1029 etiam
1079 1008 1170 1029 nostrae
1186 1006 1267 1028 aetatis

417 1055 502 1084 passim
513 1043 689 1078 subministrant
699 1057 752 1082 apta
762 1060 805 1082 pro
817 1053 963 1086 sermonibus
972 1056 1120 1082 argumenta,
1132 1052 1267 1081 sententias,

416 1103 543 1126 divisiones
563 1105 585 1124 et
601 1101 749 1125 auctoritates
761 1101 894 1129 Scripturas
910 1103 932 1123 et
952 1103 1084 1123 sanctorum
1102 1101 1204 1122 Patrum.

478 1149 585 1173 Ceterum
598 1148 712 1171 habemus
730 1148 750 1170 in
768 1149 812 1170 hoc
823 1147 936 1176 opusculo
952 1147 1092 1170 luculentum
1110 1145 1267 1169 testimonium

417 1204 460 1225 pro
476 1196 653 1225 diligentissimo
669 1195 757 1224 studio,
774 1202 822 1225 quo
839 1197 862 1218 S.
881 1196 976 1223 Doetor,
994 1195 1045 1217 licet
1061 1194 1160 1222 negotiis
1176 1193 1267 1221 regimi-

417 1245 452 1267 nis
468 1243 613 1272 gravissimis
629 1243 753 1271 d1steutus,
771 1243 928 1271 praedicando
939 1241 1013 1265 verbo
1030 1241 1069 1264 Dei
1088 1241 1198 1264 incubuit.
1210 1242 1268 1263 Tres

417 1297 538 1314 sermones
549 1291 604 1313 satis
621 1293 726 1313 extensos
745 1290 796 1313 fecit
812 1289 906 1313 duobus
922 1289 1006 1312 diebus
1022 1288 1067 1311 sibi
1081 1287 1268 1311 succedentibus.

418 1339 474 1361 Nam
492 1339 514 1361 in
526 1339 601 1361 collat.
618 1338 641 1360 5.
652 1345 674 1360 n.
687 1339 708 1360 2.
720 1337 761 1360 ait:
777 1346 788 1357 α
801 1337 833 1359 De
845 1337 907 1360 dono
920 1336 1059 1359 fortitudinis
1076 1336 1182 1358 dicemus
1193 1341 1267 1361 nunc;

418 1386 447 1408 de
464 1385 587 1414 privilegio
606 1385 750 1408 fecunditatis
760 1391 812 1407 cras
829 1385 850 1407 in
867 1390 948 1411 mane,
960 1386 982 1406 et
998 1383 1028 1406 de
1040 1383 1101 1405 dono
1118 1382 1205 1405 consilii
1217 1388 1269 1405 cras

419 1433 440 1455 in
458 1439 510 1456 sero
522 1442 532 1453 ι
555 1434 605 1461 (cfr.
622 1433 696 1455 collat.
715 1433 736 1454 6.
755 1439 777 1455 n.
794 1433 816 1454 2.
834 1434 856 1454 et
872 1432 895 1454 7.
912 1438 933 1454 n.
951 1431 991 1459 2.).

775 1533 838 1556 ΟΑΡ.
857 1533 911 1555 tht.

560 1619 591 1649 In
612 1618 774 1649 collationes
794 1617 828 1648 de
849 1618 941 1648 docem
962 1617 1128 1657 praeceptis.

483 1718 496 1743 {5
518 1715 536 1737 t.
553 1714 601 1737 Eae
620 1712 754 1737 conationes
773 1711 849 1735 editae
866 1711 924 1735 sunt
941 1711 967 1734 in
990 1710 1076 1741 duplici
1096 1710 1176 1734 forma.
1194 1722 1225 1727 —
1248 1711 1270 1733 ln

422 1763 456 1784 illa
470 1763 541 1785 forma
551 1780 556 1789 ,
567 1768 639 1791 quam
650 1761 758 1784 exhibent
770 1760 915 1783 collectiones
927 1765 1024 1788 operum
1041 1762 1094 1781 ante
1113 1761 1136 1781 et
1147 1761 1200 1787 post
1211 1758 1271 1781 Vati-

421 1816 515 1837 canam,
533 1809 608 1831 editae
626 1811 677 1831 sunt
698 1808 772 1836 primo
790 1808 812 1830 in
834 1807 965 1830 collectione
989 1806 1116 1829 Coloniensi
1137 1811 1174 1828 an.
1199 1805 1271 1832 1486,

421 1863 481 1885 quae
499 1856 520 1878 iu
532 1857 594 1878 calcc
611 1858 716 1882 atmotat,
733 1861 772 1877 eas
789 1854 933 1883 praedicatas
958 1860 1009 1876 esse
1033 1860 1045 1875 a
1067 1854 1089 1875 S.
1112 1854 1272 1876 Bonaventura

422 1903 530 1926 Paris-lus
547 1902 580 1925 ad
597 1902 699 1925 flet-mn.
723 1903 745 1924 lu
763 1901 884 1925 codicibus
909 1902 1029 1924 Parisiensi
1045 1905 1068 1924 et
1085 1901 1193 1924 Trecensi
1216 1901 1272 1923 infra

422 1950 544 1978 descriptis
560 1950 628 1972 etiam
647 1951 738 1979 tempus
751 1949 875 1976 indicatur,
887 1949 973 1971 scilicet
984 1948 1005 1971 in
1019 1948 1200 1977 Quadragesima
1221 1947 1273 1970 anni

427 1998 496 2024 l268,
513 1998 563 2023 vel,
582 1999 605 2019 ut
623 1997 716 2019 ultimus
734 1996 815 2023 habet,
832 1996 883 2018 anni
903 1996 973 2018 1267.

487 2044 577 2065 Praeter
595 2043 707 2065 editiones
724 2042 835 2070 plurimas
853 2042 921 2064 liuius
933 2041 1038 2069 opusculi
1056 2041 1078 2063 in
1098 2042 1169 2063 forma
1187 2046 1274 2062 sermo-

424 2097 479 2112 num
498 2090 611 2112 ltabetnus
623 2089 727 2111 eiusdem
746 2088 870 2111 editionem
888 2088 911 2110 in
925 2090 998 2110 forma
1014 2086 1094 2114 libelli,
1106 2087 1145 2115 qui
1163 2086 1274 2109 dixiditui·

426 2138 446 2160 iu
469 2138 494 2160 l‘z
511 2137 610 2165 capitula
623 2139 645 2159 et
662 2143 688 2159 cx
700 2136 803 2165 quodam
821 2136 902 2158 codice
912 2134 1047 2158 Cortoncusi
1064 2134 1194 2162 publicatus
1211 2136 1246 2156 est
1262 2140 1273 2155 n

426 2187 448 2208 Ρ.
461 2185 585 2207 Benedicto
598 2184 681 2206 Bonelli
695 2184 825 2212 (Supplcin.
837 2184 871 2205 111.
882 2183 924 2205 col.
941 2182 986 2205 344
1004 2185 1086 2211 sewi.)-
1105 2182 1150 2204 Sed
1168 2181 1204 2204 liic
1216 2180 1275 2203 libel-

425 2232 460 2254 lus
478 2231 579 2253 breviter
596 2233 710 2253 extractus
727 2232 761 2252 est
779 2236 805 2251 ex
824 2229 866 2251 illis
883 2227 1055 2254 CollationibuS,
1067 2234 1113 2250 non
1131 2227 1194 2250 addit
1207 2226 1274 2249 ullam

426 2278 561 2300 sententiam
580 2281 677 2304 novam,
695 2277 777 2299 omittit
794 2276 973 2299 introductiones
989 2275 1134 2298 collationum
1147 2276 1169 2296 et
1186 2276 1276 2302 praeter

426 2326 468 2348 alia
487 2326 554 2348 etiam
574 2325 608 2347 illa
626 2325 743 2352 exempla,
760 2330 833 2353 quae,
849 2326 873 2346 ut
891 2323 1034 2348 ridebimus,
1051 2322 1120 2344 valde
1131 2321 1276 2344 offenderunt

426 2373 551 2395 Oudinum
562 2375 583 2394 ct
594 2371 694 2394 editores
712 2372 819 2393 Venetos,
834 2370 919 2392 llonelli
936 2369 1056 2398 opinatur,
1069 2369 1145 2397 ipsum
1158 2369 1276 2391 Bonaven-

427 2422 515 2446 turam,
532 2419 568 2441 cui
593 2418 723 2446 praedictus
745 2417 816 2440 codex
840 2418 899 2439 nanc
921 2417 1020 2444 opellam
1044 2415 1135 2442 tribuit,
1157 2420 1276 2437 sermones

428 2467 476 2489 illos
495 2466 522 2489 ita
541 2469 640 2488 mutatos
651 2465 762 2493 edidisso;
780 2471 824 2487 non
842 2464 903 2487 enim
917 2464 1031 2486 insolitum
1044 2462 1088 2491 ipsi
1102 2463 1170 2485 fuisse
1182 2462 1277 2484 brevius

428 2513 583 2541 perstringere
600 2519 640 2539 ea,
658 2512 687 2534 de
704 2511 790 2540 quibus
806 2511 863 2533 alias
879 2511 946 2533 latius
962 2509 1104 2534 disseruerit.
1121 2509 1164 2531 l‘ro
1181 2515 1226 2538 qua
1243 2515 1277 2531 as-

428 2561 527 2583 sertione
545 2560 585 2582 tria
608 2560 712 2588 exempla
734 2558 841 2586 adducit,
863 2559 948 2581 scilicet
971 2556 1148 2587 Brevitoquium
1170 2559 1276 2585 respectu

429 2610 529 2636 quatuor
547 2606 657 2629 librorum
671 2606 852 2634 Sententiarum,
870 2604 1043 2635 Centiloquium
1054 2606 1159 2631 respectu
1177 2603 1277 2625 Brevilo-

430 2654 490 2683 quii,
508 2658 530 2676 ct
546 2653 680 2683 Leaendam
697 2653 812 2677 minorem
840 2653 864 2674 S.
880 2652 992 2675 Francis-ci
1011 2651 1049 2679 (ad
1068 2656 1135 2673 usum
1160 2650 1181 2671 in
1199 2650 1277 2672 divino

431 2702 507 2724 officio
525 2701 682 2729 compilatam)
695 2703 801 2728 respectu
819 2699 939 2729 Leuc-ndat·
952 2697 1059 2721 maioris.
1076 2698 1121 2720 Sed
1133 2698 1277 2725 superfluum

431 2752 465 2771 est
490 2748 601 2776 probare,
627 2748 691 2782 quod
717 2748 773 2769 haec
795 2747 899 2774 exempla
924 2752 970 2768 non
993 2747 1046 2768 sunt
1070 2744 1099 2766 ad
1125 2744 1277 2772 propositum.

431 2796 526 2818 Econtra
546 2795 609 2817 facile
625 2794 734 2822 explicari
757 2796 844 2822 potest,
860 2793 924 2822 quod
942 2798 1061 2815 sermones
1077 2791 1127 2813 site
1146 2791 1279 2813 collationes

431 2842 461 2864 ab
478 2844 571 2864 auctore
588 2848 632 2863 non
643 2841 760 2868 scriptae,
777 2840 818 2862 sed
834 2839 865 2862 ab
881 2839 931 2861 aliis
943 2841 1069 2867 utcumque
1085 2839 1231 2867 reportatae,
1243 2843 1279 2859 oc-

431 2874 547 2910 casionem
574 2873 691 2913 dederint,
713 2889 737 2908 ut
761 2886 832 2914 aliqui
857 2885 989 2913 imperfecte
1011 2884 1102 2912 scriptis
1120 2885 1216 2906 formam
1241 2883 1279 2905 da-

432 2937 482 2961 rent
505 2933 607 2961 ipsorum
626 2932 677 2955 usui
696 2932 771 2960 magis
787 2933 972 2955 convenientem.
988 2932 1019 2954 tta
1036 2932 1120 2953 factum
1138 2934 1172 2953 est
1188 2931 1218 2953 de
1230 2929 1280 2953 Col-

432 2980 555 3003 lationibus
571 2980 593 3002 iu
606 2980 775 3007 llexaemermi,
787 2985 886 3009 quarum
904 2980 1030 3001 extractum
1042 2980 1129 3000 exstare
1147 2978 1169 3000 in
1187 2976 1280 3000 dnobus

1104 176 1346 205 PROLEGOMENA
1368 176 1396 204 C.
1420 176 1480 204 Vill.

1318 254 1439 277 codicibus
1456 254 1634 277 ‹atservavimus
1650 261 1720 283 supra
1732 261 1753 277 c.
1770 256 1792 277 6.
1804 255 1817 283 S
1830 256 1862 282 3.;
1876 255 1930 278 item
1941 256 2010 279 etiam
2023 257 2052 279 de
2064 256 2169 279 Collatin-

1318 301 1386 324 nibus
1403 302 1433 324 de
1450 304 1537 329 septem
1556 301 1623 324 donis
1635 302 1738 330 Spiritus
1755 303 1791 329 S„
1807 309 1908 331 quarum
1926 305 2052 326 extractum
2069 303 2100 326 ab
2116 303 2167 332 ipso

1319 348 1404 371 Bonelli
1421 348 1508 371 editum
1525 351 1571 376 est3
1589 348 1619 371 ita
1636 349 1678 370 erit
1689 349 1758 371 etiam
1776 349 1806 371 de
1822 349 1857 371 liis
1868 355 1929 378 quae
1946 350 2027 372 decem
2045 354 2168 380 praecepta

1319 395 1443 418 declarant.
1460 396 1517 418 Nam
1539 398 1630 423 praeter
1646 395 1769 419 editionem
1788 398 1940 419 memoratam
1957 396 2072 420 invenitur
2091 398 2114 420 in
2131 405 2171 420 nrt-

1319 441 1372 464 stris
1393 441 1513 464 codicibus
1531 442 1587 465 infra
1605 443 1732 466 referendis
1753 443 1849 466 alterum
1867 446 1994 466 extractum
2016 444 2116 467 editione
2132 445 2169 468 illa

1320 489 1390 516 paulo
1406 489 1511 512 dimisius
1528 492 1550 512 et
1572 490 1671 519 antiquis
1683 489 1803 513 codicibus
1818 490 1930 518 vicinius,
1941 491 2004 520 quod
2022 491 2105 514 eodem
2119 493 2169 516 iure

1321 536 1344 558 S.
1356 536 1445 559 Doctori
1457 536 1550 559 attribui
1561 540 1645 565 posset.
1655 537 1821 560 lnconveniens
1833 538 1904 566 igitur
1915 541 1949 561 est
1960 538 2086 561 attribuere
2094 540 2117 562 S.
2130 540 2170 562 Bo-

1321 585 1463 605 naventurae
1479 583 1527 605 duo
1543 583 1573 606 de
1590 584 1671 606 decem
1684 584 1813 612 praeceptis
1829 585 1949 613 opuscula.

1384 627 1404 656 S-
1416 629 1437 650 2.
1453 628 1499 653 Ηοο
1515 628 1646 659 opuseulum
1662 629 1724 653 certo
1740 630 1913 654 attribuendum
1929 631 1966 654 eet
1983 630 2006 654 S.
2025 631 2171 656 Bonavontm-

1321 681 1373 704 ιω,
1389 681 1434 698 non
1450 674 1478 698 nt
1494 675 1523 698 ab
1538 675 1586 705 ipse
1605 675 1728 707 seriptum,
1745 676 1784 700 aad
1804 677 1832 701 ut
1848 677 1946 701 Parisiis
1961 677 2019 701 viva
2035 684 2089 701 voco
2104 685 2171 708 praa-

1322 721 1433 746 dioatum.
1450 734 1482 739 —
1501 723 1624 745 Auctorem
1638 723 1691 746 eius
1707 730 1758 746 esse
1774 725 1971 753 Bonavcnturam,
1984 728 2094 748 testantur
2105 733 2172 749 coae-

1322 776 1367 792 vus
1390 769 1501 796 Henricus
1517 770 1687 798 GandavensiS,
1711 771 1851 794 Trithemius
1867 773 1953 802 aliique
1969 772 2034 795 multi
2057 779 2110 795 cum
2136 774 2171 796 illo

1324 816 1429 844 catalogo
1452 815 1604 838 bibliothecae
1623 817 1767 845 Assisiensis,
1787 818 1872 846 scripto
1884 825 1919 841 an.
1934 819 2006 847 1381,
2026 819 2092 842 cuius
2111 826 2172 843 men-

1324 863 1409 886 tionem
1429 863 1524 885 fecimus
1549 869 1619 891 supra
1645 869 1665 885 c.
1681 864 1704 886 7.
1726 863 1740 892 S
1757 865 1779 886 2.
1796 865 1841 887 Sed
1863 872 1912 888 rem
1936 871 2032 894 prorsus
2048 867 2173 889 conficiunt

1325 909 1486 938 inscriptiones
1503 910 1656 938 plurimorum
1669 909 1776 933 codic‘um
1788 911 1942 940 antiquorum.
1955 912 2092 936 Collationes
2104 913 2173 941 igitur

1325 957 1368 979 hae
1381 963 1423 984 pro
1435 956 1545 979 concione
1556 956 1631 979 dictae
1643 957 1671 979 ad
1684 963 1777 980 sensum
1795 958 1930 986 popularem
1942 962 1964 981 ct
1980 965 2129 982 communem
2143 960 2174 982 in-

1325 1003 1472 1031 telligentiam
1494 1006 1546 1025 sunt
1563 1004 1764 1031 accommodatae,
1782 1007 1858 1026 tamen
1876 1005 1969 1028 minime
1988 1005 2095 1033 indignae
2112 1008 2173 1029 tauto

1325 1051 1436 1078 Doctore,
1453 1050 1520 1072 cuius
1533 1050 1618 1078 ingenii
1634 1054 1656 1072 et,
1668 1050 1786 1073 doctrinae
1803 1051 1899 1079 vestigia
1913 1058 1957 1074 non
1975 1051 2072 1074 obscura
2087 1053 2173 1080 passim

1325 1100 1445 1126 apparent.

1388 1146 1437 1167 lure
1454 1145 1524 1173 igitur
1541 1144 1648 1167 Sbaralea
1666 1148 1688 1167 et
1699 1146 1784 1168 Bonelli
1800 1152 1839 1168 eas
1857 1146 1957 1169 iudicant
1967 1153 2017 1169 esse
2034 1149 2122 1169 certum
2140 1153 2175 1170 se-

1325 1192 1412 1220 raphici
1430 1192 1535 1214 Doctoris
1555 1193 1702 1220 opusculum.
1720 1193 1814 1215 Econtra
1827 1193 1931 1216 Oudinus
1943 1197 1965 1216 et
1981 1193 2082 1216 editores
2094 1194 2174 1217 Veneti

1325 1239 1381 1262 illud
1403 1245 1463 1268 opus
1486 1240 1630 1267 proclamant
1646 1245 1697 1262 esse
1719 1240 1838 1268 spurium,
1856 1240 1927 1263 immo
1944 1240 2036 1264 Oudino
2059 1244 2093 1263 est
2115 1247 2174 1271 opus

1312 1300 1314 1302 -
1322 1285 1516 1315 propudiosum!
1534 1286 1623 1308 Tamen
1640 1287 1718 1315 quoad
1735 1290 1783 1309 rem
1802 1287 1824 1309 in
1842 1294 1870 1310 eo
1892 1290 2021 1310 contentam
2039 1288 2094 1311 nihil
2113 1289 2174 1312 aliud

1326 1334 1456 1361 producere
1466 1336 1563 1361 possunt
1580 1334 1621 1356 nisi
1633 1334 1680 1356 dno
1697 1333 1806 1363 eat-empta
1824 1334 1874 1357 sive
1885 1335 2038 1362 narrationes,
2055 1342 2115 1364 quae
2133 1343 2174 1364 pro

1326 1387 1391 1403 more
1409 1381 1467 1403 illins
1484 1381 1564 1403 aetatis
1582 1380 1602 1402 in
1620 1380 1768 1403 sermonibus
1785 1381 1936 1409 popularibus
1952 1381 1982 1404 ad
2005 1382 2134 1404 doctrinam
2153 1383 2174 1405 il-

1326 1427 1467 1450 lustrandam
1485 1430 1508 1449 et
1525 1428 1650 1450 memoriae
1667 1427 1847 1455 imprimendam
1860 1429 1996 1451 referuntur.
2014 1429 2115 1457 indignis
2127 1436 2176 1453 ver-

1327 1474 1362 1497 bis
1373 1481 1399 1496 ea
1417 1474 1518 1503 explodit
1529 1474 1642 1497 Oudinus.
1654 1475 1699 1497 Sed
1716 1475 1880 1497 attendendum
1892 1478 1937 1502 est,
1956 1476 1978 1497 S.
1990 1476 2175 1499 Bonaventuram

1327 1522 1376 1550 ipsa
1395 1528 1439 1544 non
1456 1521 1616 1548 adinvenisse,
1633 1522 1673 1544 sed
1691 1521 1783 1544 aliunde
1795 1522 1917 1551 sumsisse,
1934 1526 1959 1545 ut
1976 1523 1997 1545 in
2016 1523 2075 1546 notis
2092 1525 2176 1547 nostris

1328 1569 1492 1597 indicavimus,
1509 1571 1531 1591 et
1548 1571 1652 1591 secutum
1671 1575 1722 1591 esse
1736 1568 1757 1591 in
1775 1570 1817 1591 lioc
1828 1569 2019 1592 consuetudinem
2037 1570 2176 1598 praedicato-

1327 1622 1379 1639 rum
1397 1622 1452 1639 suae
1469 1616 1561 1644 aetatis,
1578 1616 1618 1645 qui
1635 1616 1722 1639 similes
1738 1616 1919 1639 narratiunculas
1935 1617 2089 1645 recipiebant,
2101 1618 2176 1640 uteIs⁴

1327 1663 1381 1686 dem
1399 1663 1464 1692 quasi
1477 1662 1618 1692 quibusdam
1636 1662 1752 1691 parabolis
1763 1662 1896 1687 doctrt'nam
1914 1663 2144 1687 titilitenillustrarent
2154 1667 2176 1687 et

1328 1709 1476 1732 inculcarent.
1492 1709 1671 1732 Concedendum
1689 1712 1735 1737 est,
1752 1710 1814 1739 quod
1833 1716 1875 1732 nec
1892 1709 2063 1738 praedicatores
2080 1717 2122 1732 nec
2139 1717 2176 1733 au-

1329 1757 1415 1779 ditores
1433 1757 1491 1779 illius
1517 1756 1595 1779 aetatis
1618 1757 1701 1779 fuerint
1722 1757 1800 1786 quoad
1827 1757 1944 1779 veritatem
1968 1756 2041 1784 ipsius
2057 1757 2116 1787 facti
2136 1758 2176 1780 mi-

1329 1802 1437 1826 raculosi
1452 1803 1600 1825 scrutandam
1621 1804 1649 1825 ita
1668 1804 1757 1826 solliciti
1768 1810 1845 1833 neque
1857 1803 1885 1826 ita
1903 1804 2052 1831 haesitantes,
2070 1807 2094 1827 ut
2106 1805 2176 1827 critici

1329 1853 1421 1873 nostrae
1437 1851 1525 1872 aetatis.
1542 1851 1688 1879 Quicumque
1706 1851 1825 1879 paululum
1842 1851 1907 1873 novit
1918 1857 2007 1879 mores,
2024 1851 2144 1879 opiniones
2155 1854 2176 1874 et

1330 1898 1414 1925 scripta
1433 1897 1501 1920 medii
1519 1898 1582 1924 aevi,
1599 1898 1714 1926 simulque
1731 1898 1867 1926 scriptorem
1880 1897 1979 1926 aliquem
1993 1898 2077 1920 iudicat
2088 1905 2114 1921 ex
2126 1905 2176 1921 con-

1301 1975 1303 1983 .
1331 1945 1456 1967 ditionibus
1474 1945 1596 1973 temporis,
1614 1945 1696 1974 inquo
1714 1945 1781 1971 vixit,
1799 1944 1918 1967 mirabitur
1936 1945 2012 1973 potius
2024 1945 2053 1967 dc
2071 1945 2175 1968 imbecilli

1331 1992 1416 2014 iudicio
1433 1992 1522 2026 illorum
1535 1992 1680 2018 criticorum,
1697 1992 1750 2021 qni,
1768 1992 1827 2014 nulla
1841 1994 1971 2019 temporum
1990 1992 2065 2014 habita
2078 1993 2175 2019 ratione,

1331 2044 1356 2060 ex
1375 2039 1469 2066 proprio
1481 2040 1503 2060 ct
1521 2039 1610 2066 xulgari
1622 2042 1735 2066 conceptu
1754 2042 1861 2067 tanquam
1874 2044 1899 2060 cx
1918 2038 2007 2066 tripode
2025 2039 2117 2066 Pythiae
2129 2046 2176 2061 sen-

1332 2086 1412 2108 tentias
1430 2093 1483 2108 suas
1501 2086 1649 2114 pronuntiant
1667 2092 1710 2108 non
1728 2092 1780 2107 raro
1798 2085 1958 2113 ineptissimas.
1979 2098 2010 2102 —
2030 2086 2077 2108 lloc
2094 2086 2175 2108 accidit

1331 2133 1398 2155 ctiam
1417 2133 1438 2154 in
1457 2134 1500 2155 liac
1516 2133 1656 2161 quaestione.
1676 2132 1752 2155 Secuti
1769 2132 1884 2155 Oudinum
1902 2132 2002 2154 editores
2020 2132 2101 2154 Veneti
2119 2132 2177 2159 (l)ia›

1332 2179 1388 2201 triba
1403 2186 1456 2207 pag.
1478 2180 1529 2207 110)
1550 2179 1659 2201 audacter
1677 2179 1822 2207 pronuntiant
1836 2179 1864 2201 de
1881 2178 1916 2200 his
1933 2178 2089 2200 sermonibus:
2111 2187 2121 2198 u
2134 2178 2176 2200 Αυ-

1333 2226 1418 2248 t'ercndi
1436 2229 1488 2248 sunt
1501 2226 1674 2248 Bunaventurac
1688 2229 1709 2247 ct
1722 2226 1823 2253 legitimo
1840 2224 1926 2247 auctori
1939 2225 2074 2246 (jotsctialco
2087 2224 2176 2249 llollcn,

1331 2273 1458 2299 Germano,
1471 2273 1621 2295 Eremitaruui
1635 2274 1656 2294 5Δ
1670 2272 1790 2300 Augustini
1802 2272 1907 2297 alumno,
1919 2271 2024 2298 scriptori
2034 2271 2116 2293 sacculi
2127 2271 2176 2292 XV.

1332 2320 1485 2342 restituendi»
1505 2323 1548 2342 cte.
1560 2319 1633 2342 Citant
1645 2320 1713 2342 etiam
1732 2319 1799 2342 tinius
1816 2319 1892 2346 operis
1904 2318 2029 2340 editionem
2043 2319 2123 2340 factam
2137 2318 2176 2340 Co-

1332 2367 1406 2389 loniae
1423 2374 1460 2389 an.
1478 2367 1530 2389 1481
1552 2367 1614 2395 apud
1632 2367 1691 2389 loan.
1703 2366 1884 2389 (tuldensi-tmen:
1902 2365 1990 2387 timei-u
2004 2365 2040 2387 liic
2052 2364 2107 2387 libcr
2125 2365 2177 2386 inci-

1332 2415 1365 2442 pit
1381 2415 1467 2436 eisdem
1486 2413 1563 2436 verbis
1575 2414 1678 2441 Prologi:
1696 2413 1723 2437 sa·
1735 2412 1767 2436 vis
1784 2412 1816 2435 ad
1831 2411 1900 2434 citam
1915 2411 2018 2440 inqvedi,
2036 2418 2096 2440 (tuac
2109 2411 2174 2433 habet

1332 2462 1507 2488 llouaxenturau
1525 2461 1592 2483 ctiam
1616 2464 1750 2489 sequentem
1771 2459 1867 2488 primam
1881 2459 2061 2487 propositionem
2087 2459 2176 2487 aliaque

1333 2508 1396 2535 ptura
1415 2507 1496 2529 sumsit
1515 2513 1541 2529 ex
1558 2507 1670 2535 opusculo
1688 2507 1873 2532 Bonaxenturae,
1891 2505 1979 2527 adelcns
1991 2505 2060 2527 inulta
2078 2504 2107 2526 de
2119 2511 2173 2530 suo,

1333 2554 1362 2575 ita
1376 2556 1400 2575 ut
1411 2553 1439 2575 sit
1450 2559 1510 2581 opus
1522 2553 1652 2579 diversum,
1664 2552 1718 2574 satis
1730 2552 1850 2578 diffusum,
1864 2553 1888 2572 ut
1899 2551 1984 2573 iustum
1997 2557 2005 2571 1
2014 2551 2104 2573 olumen
2118 2550 2140 2572 in
2156 2549 2174 2571 t.

1334 2603 1465 2627 componat.
1483 2600 1529 2622 {loc
1547 2602 1641 2621 testatur
1654 2599 1751 2626 Bonclli,
1763 2597 1802 2627 qui
1814 2596 1897 2619 librum
1911 2596 2050 2624 impressum
2069 2596 2134 2622 vidit,
2148 2596 2177 2617 in-

1333 2647 1461 2675 scriptum:
1481 2655 1492 2666 «
1505 2646 1690 2674 l‘raeceptorium
1708 2645 1797 2668 Domini
1814 2643 1941 2666 Gotsclialci
1959 2643 2036 2665 llollcn
2055 2642 2178 2665 lleremita-

1333 2700 1385 2716 rum
1405 2694 1427 2716 S.
1450 2693 1604 2721 Augustini».
1623 2694 1713 2715 Exstant
1730 2692 1805 2714 adhuc
1828 2691 1905 2719 plures
1927 2690 2029 2717 codice-S,
2052 2689 2092 2718 qni
2117 2690 2177 2711 tium·

1334 2742 1455 2762 tractatum
1473 2740 1600 2762 Gotsclialci
1618 2740 1710 2767 Hellen,
1728 2739 1862 2767 plerumque
1880 2737 1969 2759 unitum
1990 2743 2042 2759 cum
2061 2737 2104 2759 atio
2121 2736 2178 2758 eius-

1334 2787 1387 2809 dem
1405 2788 1435 2810 de
1453 2787 1606 2809 sacramentis
1624 2786 1717 2809 liabent.
1733 2786 1757 2807 P.
1774 2784 1855 2807 Fidelis
1878 2790 1889 2805 a
1916 2784 1990 2806 Fauna
2016 2783 2066 2805 ittos
2087 2782 2179 2805 codices

1334 2834 1467 2857 examinans
1479 2833 1624 2860 observarit,
1642 2835 1759 2855 auctorem
1772 2831 1793 2853 in
1805 2830 1907 2852 secundo
1919 2832 2014 2852 tractatu
2027 2830 2097 2851 multa
2109 2831 2179 2850 extra-

1336 2882 1394 2904 xisse
1405 2887 1432 2903 ex
1444 2880 1614 2904 Commentario
1627 2881 1649 2902 S.
1662 2881 1834 2902 Bonavcnturae
1846 2877 1867 2899 in
1880 2877 1917 2899 tv.
1929 2877 2108 2901 Sententiarum,
2121 2875 2145 2896 εἰ(
2155 2878 2176 2897 ut

1336 2929 1357 2950 in
1375 2928 1450 2956 primo
1468 2930 1563 2949 tractatu
1575 2927 1598 2949 in
1617 2927 1736 2955 proprium
1749 2930 1815 2947 usum
1834 2924 1902 2946 multa
1919 2923 2027 2946 sumserit
2040 2928 2065 2945 ex
2077 2921 2179 2945 Collatio-

1336 2974 1464 2998 nibusillis
1481 2974 1511 2996 de
1528 2974 1608 2996 decem
1626 2972 1762 3002 praeceptis,
1773 2970 1819 2995 Sed
1836 2977 1881 2993 non
1898 2970 1962 2995 iuvat
1980 2969 2051 2992 verba
2069 2968 2178 2997 perdcrc,
