2285 3398
661 167 704 195 DE
728 167 950 196 PERFECTIONF.
972 165 1172 195 EVANGEMCA
1194 166 1328 202 QUAEST.
1352 166 1380 194 11.
1403 166 1474 195 Α11Τ.
1499 166 1536 195 111.
1918 168 1967 195 161

228 247 324 276 dinem
342 246 556 284 perducebant,
578 245 737 283 affligentes
764 254 810 273 eos
832 244 967 282 operibus
987 244 1074 273 duri-s·

227 293 283 322 luti
302 296 328 322 et
349 293 464 327 lateris,
486 296 572 331 atque
602 293 683 321 ‹mmi
712 292 871 321 seruitute?
893 292 924 320 Et
949 300 983 320 ne
1005 291 1074 320 sorte

227 340 321 369 videar
336 341 441 369 moveri
457 340 557 377 spiritu
572 340 701 377 proprio,
719 339 799 373 audi,
820 339 885 376 quid
901 339 966 367 dicit
980 338 1075 367 (llossa

227 395 311 424 super
333 387 401 416 illud
423 387 507 416 Exodi
530 387 642 424 quinto:
666 387 773 422 Quare,
796 386 906 423 Moyses
920 388 945 414 et
961 386 1073 419 Aaron,

226 434 388 463 sollicitatis
406 434 549 472 populum
570 433 607 462 ab
622 433 756 475 epm-ibus
776 432 861 461 suis?
878 433 916 461 lte
931 433 971 460 art
985 440 1075 460 onera

228 485 344 510 uestra:
372 481 479 510 «Hodie
500 481 522 509 si
545 481 649 517 Moyses
670 483 696 509 et
718 480 822 513 Aaron,
845 479 870 507 id
892 483 933 508 est
956 479 1075 516 prophe-

227 528 298 556 ticus
312 531 339 556 et
355 527 531 556 sacerdotalis
552 534 655 560 sermo,
677 526 794 554 animam
817 525 942 554 sollicitet
963 525 997 553 ad
1017 533 1075 553 ser-

228 574 325 602 vitium
347 574 411 608 Dei,
433 574 512 603 exire
539 573 573 602 de
600 573 725 607 saeculo,
748 572 908 601 renuntiare
929 571 1074 605 omnibus,

227 628 298 657 quae
320 620 455 657 possidet,
477 619 618 648 attendere
640 619 691 656 legi
713 622 739 647 ct
761 619 846 647 verbo
862 619 925 653 Dei;
945 618 1075 646 continuo

227 666 322 695 audies
343 667 487 698 unanimes
518 666 620 694 amicos
642 665 790 694 Pharaonis
810 665 947 694 dicentes:
971 664 1074 698 videte,

227 713 365 750 quomodo
386 713 558 741 seducuntur
580 711 721 745 homines,
742 714 769 740 et
791 714 991 748 pervertuntur
1011 710 1075 738 ado-

228 760 376 793 lescentes,
399 767 432 788 ne
454 759 594 792 laborent,
609 766 643 787 ne
657 758 790 792 militent,
806 766 839 786 ne
859 761 942 795 agant
955 757 1074 796 aliquid,

228 806 301 843 quod
333 805 434 842 prosit,
456 808 483 833 et
515 805 617 833 relictis
648 805 733 835 rebus
764 804 941 838 necessariis,
964 804 1075 831 inertias

228 855 369 881 sectantur
390 856 416 880 et
437 852 540 880 otium!
563 852 634 888 Quid
655 855 696 880 est
718 852 823 881 servire
844 851 900 879 Deo
911 854 921 878 ’1
938 851 1073 878 Laborare

228 899 325 927 nolunt
346 901 373 926 et
394 898 441 926 otii
462 898 619 927 occasiones
649 901 796 935 quaerunt.
819 898 888 926 Haec
909 899 987 925 erant
1009 899 1075 923 tunc

227 945 312 973 verba
335 945 496 979 Pharaonis,
512 946 579 973 haec
600 948 627 974 et
648 953 722 974 nunc
743 944 822 973 amici
837 944 896 972 eius
912 943 1074 979 loquuntur,

228 1000 277 1020 nec
299 992 387 1020 solum
410 992 517 1026 verbis,
539 992 587 1020 sed
613 992 695 1020 etiam
717 990 881 1019 verberibus
902 996 1075 1026 persequun-

229 1041 274 1066 tur
287 1051 312 1066 n.
336 1039 483 1075 Hucusque
504 1038 607 1067 Glossa.

306 1085 440 1120 Quoniam
461 1084 687 1121 igitur‘utraque
715 1083 814 1110 harum
846 1081 1006 1118 opinionum
1032 1080 1075 1108 vel

229 1132 429 1160 sententiarum
450 1131 569 1159 declinat
590 1130 624 1158 ad
645 1132 772 1158 extrema
793 1132 819 1157 et
847 1127 1008 1156 declinando
1028 1127 1075 1155 de—

85 1188 185 1207 Conclusio
195 1188 213 1206 6.
227 1180 324 1214 pravat
345 1177 516 1213 Scripturam
538 1179 565 1204 et
579 1176 734 1212 corrumpit
749 1174 908 1208 Ecclesiam;
924 1174 984 1202 ideo
1000 1176 1076 1202 utra-

227 1232 281 1260 que
303 1223 476 1260 reprobanda
497 1226 552 1251 est:
575 1223 680 1259 prima,
702 1222 767 1258 quia
794 1221 840 1249 dat
861 1220 1013 1249 fomentum
1035 1220 1076 1257 pi-

227 1270 340 1307 gritiae,
362 1269 495 1304 secunda,
518 1269 584 1306 quia
607 1269 706 1297 nititur
731 1267 915 1304 exstinguere
946 1267 1075 1303 spiritum

227 1317 298 1345 vitae
320 1316 372 1345 sub
392 1324 476 1344 onere
497 1315 639 1344 servitutis
668 1314 860 1351 Aegyptiam&
882 1313 988 1349 prima,
1010 1313 1076 1349 quia

226 1363 299 1392 fovet
319 1364 406 1391 otium
429 1363 554 1395 carnale,
576 1361 712 1395 secunda,
734 1361 799 1398 quia
820 1360 998 1397 persequitur
1020 1359 1075 1396 spi-

227 1410 334 1438 rituale.
357 1410 506 1446 Propterea
527 1408 647 1437 secunda
667 1408 746 1444 longe
762 1406 920 1443 perversior
934 1409 976 1434 est
990 1414 1074 1442 quam

226 1457 330 1493 prima,
353 1456 415 1484 licet
436 1458 556 1491 utraque
577 1454 612 1482 sit
632 1454 712 1482 mala.
736 1453 868 1489 Ideoque,
890 1455 1010 1488 utraque
1032 1459 1075 1479 re-

83 1513 211 1533 eoneiunos.
226 1503 320 1538 pulsa,
344 1501 460 1530 tenenda
490 1504 531 1529 est
562 1500 606 1528 via
626 1499 731 1533 media,
753 1498 827 1535 quod
848 1498 881 1526 de
903 1497 1075 1534 pauperibus

225 1548 322 1576 validis
342 1547 426 1583 aliqui
449 1549 513 1575 sunt
534 1546 652 1579 astricti,
674 1545 759 1582 aliqui
781 1552 848 1573 vero
868 1544 1004 1578 absoluti,
1026 1545 1075 1572 ali-

226 1594 328 1632 quibus
348 1593 480 1622 indicitur
501 1592 553 1621 sub
575 1594 737 1629 praecepto,
760 1591 900 1627 aliquibus
915 1599 965 1627 pro
986 1591 1075 1618 consi-

224 1641 276 1675 lio,
298 1640 437 1677 aliquibus
458 1647 508 1668 nec
529 1639 581 1668 isto
602 1646 653 1667 nec
674 1638 720 1666 illo
741 1637 830 1665 modo.

304 1686 339 1715 ‚td
361 1686 442 1715 cuius
462 1685 614 1722 pleniorem
635 1683 799 1713 evidentiam
813 1684 821 1700 ¹
843 1682 995 1717 notandum
1016 1685 1073 1716 est,

83 1746 188 1772 mum«,
197 1748 216 1766 οι
225 1733 299 1771 quod
319 1723 442 1769 regimen
464 1730 632 1768 reipublicae
653 1730 680 1759 in
703 1729 821 1759 Ecclesia
834 1729 987 1758 attenditur
1002 1729 1075 1757 circa

95 1770 213 1818 ffissltfssa
224 1780 292 1814 tria,
315 1779 418 1808 scilicet
439 1781 576 1815 quantum
597 1777 631 1806 ad
652 1777 756 1805 bonum
777 1775 921 1819 inferius,
945 1775 1019 1812 quod
1033 1777 1075 1803 est

82 1818 213 1865 232¹0321155‘
225 1826 383 1862 corporale3
405 1828 541 1862 quantum
573 1824 607 1853 ad
638 1824 742 1852 bonum
772 1823 916 1857 exterius,
938 1822 1012 1859 quod
1034 1825 1075 1850 est

225 1873 319 1906 civile3
341 1875 368 1900 et
399 1875 536 1908 quantum
568 1871 602 1899 ad
632 1871 737 1899 bonum
769 1869 909 1903 iuterim,
932 1869 1006 1906 quod
1034 1871 1075 1897 est

225 1918 377 1956 spirituale.
400 1918 431 1945 Et
452 1917 605 1946 secundum
627 1917 680 1946 hoc
701 1917 804 1954 triplex
825 1924 913 1953 genus
927 1916 1019 1953 operis
1033 1919 1075 1944 est

225 1964 413 1996 necessarium
434 1963 468 1991 ad
489 1963 612 1999 regimen
633 1962 802 1999 reipublicae
823 1965 852 1998 et
871 1962 1006 1991 Ecclesiae
1024 1962 1075 1990 mi-

226 2010 346 2044 litantis,-
359 2009 462 2038 scilicet
476 2016 547 2044 opus
562 2007 734 2044 artificiale,
749 2008 823 2044 quod
838 2012 866 2037 et
880 2008 1020 2037 manuale
1034 2009 1074 2037 di-

226 2059 312 2091 citur,
329 2056 395 2094 quia
415 2067 427 2080 α
439 2062 538 2083 manus
553 2057 594 2083 est
608 2062 744 2091 organum
757 2062 927 2091 organorum
939 2055 949 2071 ²
960 2066 988 2088 n,
1003 2063 1074 2091 opus

225 2104 307 2134 civile
334 2106 361 2132 et
389 2109 460 2139 opus
484 2100 646 2138 spirituale.
669 2099 746 2136 Opus
775 2100 914 2128 manuale
934 2100 991 2131 sive
1013 2109 1074 2129 601-

225 2151 320 2189 porale
341 2150 417 2183 dico,
438 2147 513 2185 quod
543 2150 584 2176 est
611 2146 797 2175 necessarium
828 2145 862 2174 ad
883 2147 1074 2182 praeparanda

225 2198 370 2232 alimenta,
392 2196 567 2229 vestimenta,
589 2193 746 2222 habitacula
770 2194 797 2221 et
817 2192 992 2221 diversorum
1014 2192 1073 2229 opi-

226 2246 310 2274 ficum
332 2248 359 2273 et
379 2243 481 2272 artium
503 2242 695 2271 instrumenta.
717 2239 794 2277 Opus
808 2238 889 2267 civile
909 2239 983 2273 dico,
997 2239 1073 2276 quod

226 2294 268 2321 est
288 2292 414 2328 ipsorum
445 2288 604 2326 praesidum
635 2286 862 2325 gubernantium,
881 2285 1001 2314 militum
1025 2285 1072 2314 de-

226 2337 413 2371 fendentium3
434 2338 621 2365 mercatorum
642 2333 838 2371 negotiantium
861 2335 888 2362 et
902 2332 1072 2361 famulorum

114 2399 190 2420 am„
202 2399 214 2418 ι.
226 2384 453 2413 ministrantium.
475 2382 552 2419 Opus
572 2381 726 2419 spirituale
746 2380 822 2415 dico,
844 2379 918 2417 quod
949 2379 1072 2408 consistit

83 2422 214 2466 2¹{ffl9‘'
226 2432 253 2461 in
274 2422 477 2460 disseminando
497 2429 590 2457 divina
609 2428 714 2463 verba,
735 2428 762 2456 in
793 2426 961 2456 decantando
980 2426 1072 2455 divina

227 2478 359 2511 cantica,
381 2477 408 2505 in
430 2475 612 2512 dispensando
644 2475 838 2504 Sacramenta
864 2477 891 2503 et
922 2474 949 2502 in
980 2473 1072 2502 distri-

227 2523 337 2552 buendo
359 2523 433 2551 bona
456 2522 506 2550 sibi
537 2521 669 2550 divinitus
690 2521 767 2556 data,
789 2521 846 2550 sive
869 2525 994 2555 terrena,
1015 2521 1072 2549 sive

290 2706 298 2720 ¹
315 2707 335 2730 K
354 2705 548 2735 intelligentiam
565 2705 673 2734 superius
689 2705 733 2727 DE
749 2711 792 2729 nec
813 2712 860 2736 pro
886 2706 930 2731 isto
955 2708 1006 2730 loco
1030 2712 1073 2730 'nec

226 2747 270 2772 isto
278 2756 288 2776 ;
305 2750 328 2769 et
345 2746 402 2768 intra
420 2746 438 2768 Μ
457 2748 479 2768 et
495 2745 550 2768 edd.
566 2744 602 2767 his
619 2745 674 2767 salso
691 2750 793 2774 regnum
810 2752 853 2774 pro
869 2746 984 2776 regimen.

288 2785 298 2799 ¹
315 2786 420 2812 Ariston,
446 2785 478 2807 111.
503 2785 533 2807 de
557 2784 639 2806 Anima
665 2786 717 2806 text.
740 2784 777 2807 38.
795 2785 824 2813 (c.
842 2786 882 2815 8.).
899 2786 945 2809 Csr.
962 2790 1018 2809 tom.
1035 2787 1073 2809 lV.

227 2831 281 2854 pag.
299 2824 358 2852 697,
374 2826 429 2846 nota
447 2824 469 2846 8.
486 2835 518 2840 -
538 2822 633 2845 1111611115
655 2826 733 2845 contra
753 2823 822 2846 codd.
842 2824 919 2847 minus
942 2825 1001 2847 bene
1018 2825 1072 2847 edd.

226 2863 360 2890 meditando
383 2862 465 2886 divina
488 2861 604 2886 cantica...
630 2861 799 2891 Sacramenta,
824 2862 849 2886 in
874 2863 1071 2887 communicando

227 2906 296 2930 bona.
312 2905 355 2926 Pro
370 2901 465 2926 astricti
481 2902 525 2924 ΕΜ
543 2904 565 2923 et
585 2901 609 2928 1,
627 2902 652 2928 2,
670 2901 695 2928 3,
713 2900 726 2923 4
743 2901 852 2932 astringi.

289 2942 299 2956 ⁸
316 2943 374 2966 Edd.
391 2945 413 2964 et
430 2941 499 2964 codd.
515 2940 650 2963 redundet:

321 2991 347 3015 S.
363 2990 452 3014 Bonae.
469 3001 500 3005 —
518 2988 585 3010 Tom.
602 2987 631 3010 V.

1131 244 1291 281 spiritualia.
1315 244 1380 272 Nam
1395 244 1569 273 dlxtribuere
1589 252 1640 273 sua
1661 252 1712 281 pro
1727 244 1836 273 Christo
1849 252 1920 281 opus
1934 247 1975 272 est

1130 291 1300 327 spirituale,
1317 299 1369 319 non
1385 291 1464 319 civile
1485 299 1534 320 nec
1556 291 1673 320 civitatis
1695 294 1828 320 terrenae.
1844 307 1883 312 -—
1897 290 1972 318 Sicut
1985 298 2101 322 Appliutio.

1131 346 1197 373 ergo
1216 338 1263 374 qui
1286 338 1381 366 intenti
1403 341 1468 366 sunt
1498 338 1629 375 operibus
1657 338 1783 367 civilibus
1808 337 1975 375 reipublicae

1131 384 1163 413 ad
1185 393 1269 421 opera
1290 385 1427 413 manualia
1450 393 1498 421 per
1519 385 1698 422 apostolicum
1720 387 1898 421 praeceptum
1920 391 1973 411 non

1132 431 1323 468 intelliguntur
1355 432 1474 465 astricti;
1497 431 1535 460 sic
1566 439 1615 459 nec
1648 431 1674 459 hi
1706 431 1752 468 qui
1785 430 1880 459 intenti
1912 432 1975 457 sunl

1132 477 1337 515 spiritualibus,
1359 478 1480 506 maxime
1495 478 1516 507 si
1533 477 1707 506 161111111161118
1723 477 1749 505 111
1764 477 1881 505 aliorum
1903 476 1976 504 salu—

1133 528 1204 559 tem,
1226 525 1401 553 commodum
1422 527 1449 553 et
1471 525 1632 561 proiectum.
1656 524 1686 552 Et
1708 524 1767 552 ideo
1787 526 1934 559 occupatos
1949 522 1975 551 in

1131 574 1252 608 quatuor
1272 571 1421 608 generibus
1441 568 1556 608 operum
1571 570 1756 607 spiritualium
1772 569 1975 606 praedictorum

1132 618 1235 655 excipit
1255 617 1424 655 Augustinus
1444 626 1460 645 a
1481 617 1600 646 tentione
1627 616 1766 653 apostolici
1789 615 1926 652 praecepti
1948 615 1975 643 in

1134 665 1203 693 libro
1223 664 1257 693 de
1277 664 1367 701 Opere
1388 664 1588 692 monachorum
1602 663 1623 697 ⁴,
1645 670 1708 691 cum
1722 662 1801 690 dicit:
1822 673 1835 686 α
1850 662 1875 690 Si
1894 669 1976 690 evan—

1132 711 1242 747 gelistae
1263 713 1344 744 sunt,
1365 710 1387 738 si
1408 709 1526 738 ministri
1547 709 1656 743 altaris,
1678 709 1699 738 si
1714 709 1916 745 dispensatores
1930 709 1977 736 Sa-

1132 760 1354 791 cramentorum‚
1376 757 1456 794 plane
1478 757 1548 784 hanc
1569 756 1620 784 sibi
1642 756 1780 784 vindicant
1795 759 1976 792 potestatem;

1131 804 1153 832 si
1175 803 1270 831 saltem
1302 803 1405 839 aliquid
1436 802 1574 830 habebant
1605 802 1632 830 iu
1663 802 1789 836 saeculo,
1811 810 1866 838 quo
1898 801 1976 829 facile

1132 850 1190 879 sine
1209 850 1318 886 opificio
1339 851 1526 878 sustentarent
1548 849 1618 877 hanc
1640 848 1739 882 vitam,
1754 848 1828 885 quod
1849 848 1975 877 conversi

1132 896 1165 925 ad
1186 896 1274 924 Deum
1296 895 1482 932 indigentibus
1508 895 1644 932 dispertiti
1666 898 1769 923 sunt».
1792 894 1978 931 Evangelistae

1132 946 1223 971 autem
1245 943 1424 971 disseminant
1444 942 1536 970 divina
1557 942 1656 976 verba;
1678 942 1797 970 ministri
1818 941 1913 970 altaris
1933 941 1979 969 de-

1131 992 1241 1016 cantant
1261 988 1368 1016 divinas
1389 988 1483 1016 laudes
1504 992 1531 1016 et
1552 988 1645 1016 divina
1666 988 1787 1022 cantica;
1809 988 1978 1025 dispensato-

1132 1042 1177 1063 res
1198 1036 1438 1062 Sacramentorum
1460 1034 1619 1071 dispensant
1633 1035 1726 1063 divina
1747 1035 1933 1067 Sacramenta,
1949 1033 1981 1061 'et

1133 1081 1256 1109 maxime
1276 1081 1460 1109 eucharistiae
1481 1081 1524 1109 vel
1546 1081 1743 1117 poenitentiae;
1765 1081 1812 1117 qui
1827 1080 1982 1108 diviserunt

1132 1135 1197 1155 suas
1218 1127 1404 1164 possessiones
1423 1127 1627 1155 distribuerunt
1649 1127 1720 1155 bona
1741 1134 1807 1155 sua:
1827 1134 1893 1163 ergo
1907 1126 1981 1162 digni

1133 1176 1198 1202 sunt
1218 1173 1367 1201 sustentari
1389 1181 1440 1209 pro
1461 1173 1543 1201 unica
1556 1173 1750 1201 distributione
1772 1172 1981 1209 temporalium,

1133 1220 1222 1251 multo
1241 1219 1329 1256 magis
1343 1227 1394 1256 pro
1408 1219 1539 1247 continua
1552 1219 1747 1247 distributione
1758 1219 1768 1235 ⁵
1784 1218 1982 1255 spiritualium,

1132 1267 1183 1295 etsi
1204 1266 1272 1294 nihil
1288 1265 1475 1302 'corporaliter
1499 1264 1666 1301 operentur,
1689 1268 1716 1293 et
1737 1265 1759 1293 si
1781 1265 1826 1293 ille
1841 1265 1889 1301 qui
1904 1264 1982 1293 <locet

1134 1313 1221 1342 filium
1243 1312 1361 1341 alicuius
1382 1311 1605 1349 grammaticam,
1628 1315 1752 1340 meretur
1773 1312 1808 1339 ab
1828 1319 1861 1339 eo
1876 1314 1983 1339 susten-

1134 1361 1201 1394 tari,
1223 1367 1311 1397 quare
1332 1367 1386 1387 nou
1408 1359 1453 1387 1116
1474 1359 1522 1396 (1111
1543 1358 1623 1387 docet
1651 1358 1723 1386 viam
1745 1358 1822 1395 regni
1845 1358 1983 1391 caelestis,

1132 1406 1180 1443 qui
1202 1406 1331 1442 impetrat
1362 1405 1479 1441 gratiam
1510 1404 1630 1437 orando,
1659 1405 1708 1441 qui
1735 1405 1817 1432 etiam
1846 1404 1982 1440 exemplis

1132 1453 1219 1481 bonae
1241 1452 1313 1480 vitae
1333 1451 1437 1480 excitat
1457 1454 1484 1479 et
1505 1451 1599 1487 dirigit
1619 1451 1653 1478 ad
1681 1454 1822 1479 aeternam
1845 1451 1983 1478 salutem?

1133 1515 1169 1519 —
1191 1498 1259 1527 Cum
1287 1505 1353 1534 ergo
1384 1497 1541 1533 respublica
1571 1497 1737 1525 universalis
1769 1496 1902 1524 Ecclesiae
1933 1504 1980 1524 seu
1995 1506 2123 1525 Concludunt.

1131 1544 1330 1573 ecclesiasticae
1352 1543 1525 1572 hierarchiae
1546 1543 1665 1579 indigeat
1686 1542 1719 1570 ad
1741 1542 1783 1571 sui
1798 1542 1983 1570 conservatio-

1132 1599 1194 1619 nem
1217 1590 1316 1626 triplici
1337 1597 1421 1626 opere
1442 1588 1616 1625 supradict03
1638 1596 1688 1616 nec
1710 1589 1784 1616 Deus
1800 1596 1849 1616 nec
1864 1588 1983 1624 Angelus

1132 1644 1181 1665 nec
1213 1639 1306 1673 pastor
1339 1635 1473 1664 Ecclesiae
1504 1635 1547 1663 vel
1578 1637 1685 1668 rector,
1719 1634 1791 1663 sicut
1821 1633 1981 1670 Apostolus,

1131 1683 1258 1719 astringit
1278 1682 1313 1710 ad
1334 1681 1491 1710 huiusmodi
1513 1688 1613 1717 opera,
1640 1680 1691 1708 nisi
1723 1680 1876 1709 secundum
1907 1679 1982 1717 quod

1131 1729 1218 1766 exigit
1238 1729 1329 1762 salus,
1351 1728 1498 1757 necessitas
1518 1730 1546 1756 et
1560 1727 1665 1756 utilitas
1680 1727 1767 1764 ipsius
1782 1727 1981 1756 ecclesiasticae

1132 1776 1320 1812 hierarchiae,
1343 1775 1423 1804 cuius
1445 1775 1517 1804 servi
1539 1774 1641 1803 Christi
1663 1777 1728 1803 suut
1749 1774 1882 1803 membra.

1212 1823 1243 1851 Et
1263 1822 1417 1860 quoniamG
1439 1822 1512 1851 inter
1537 1821 1664 1850 membra
1684 1821 1786 1851 Christi
1808 1822 1873 1850 sunt
1897 1829 2125 1858 quae—anquirensi:-

1132 1871 1195 1899 dam
1217 1869 1338 1898 maxime
1353 1869 1450 1898 idonea
1469 1869 1504 1897 ad
1517 1868 1691 1906 operationes
1706 1868 1863 1905 corporales
1884 1870 1912 1896 et
1932 1868 1983 1896 mi-
2002 1857 2124 1900 ἷιῗζῃῗιῖιὲψ

1132 1917 1207 1945 1111116
1227 1916 1262 1945 ad
1282 1916 1449 1953 spirituales,
1474 1915 1609 1953 quaedam
1631 1923 1647 1944 e
1671 1922 1817 1948 converse,
1846 1914 1981 1951 quaedam

1131 1964 1222 1993 medio
1242 1963 1338 1998 modo;
1355 1963 1419 1992 hinc
1440 1965 1494 1996 est,
1516 1962 1591 1999 quod
1612 1962 1665 1990 illis
1680 1961 1851 1999 pauperibus
1872 1961 1982 1995 validis,

1131 2010 1179 2046 qui
1201 2010 1235 2038 ad
1255 2017 1340 2046 opera
1359 2008 1514 2046 corporalia
1535 2008 1657 2036 maxime
1679 2011 1743 2036 sunt
1766 2008 1853 2036 idonei
1878 2012 1905 2037 et
1932 2008 1983 2036 mi-

1131 2056 1205 2084 nime
1225 2056 1260 2084 ad
1280 2055 1450 2092 spiritualia,
1472 2055 1520 2091 qui
1541 2054 1738 2083 convenienter
1759 2054 1840 2083 aliter
1855 2054 1982 2083 nesciunt

1131 2102 1219 2130 vitare
1238 2102 1326 2130 otium
1347 2105 1374 2135 et
1398 2109 1469 2138 opus
1490 2101 1580 2129 facere
1602 2101 1677 2129 victu
1698 2101 1829 2137 dignum,
1854 2102 1921 2130 tales
1948 2101 1982 2129 ad

1130 2156 1215 2184 opera
1227 2148 1366 2176 manualia
1376 2147 1579 2184 astringuntur,
1591 2151 1618 2175 et
1629 2147 1668 2175 eis
1680 2150 1721 2175 est
1732 2156 1803 2184 opus
1814 2149 1941 2176 manuale
1954 2149 1980 2176 in

1126 2197 1288 2232 praecepto.
1304 2210 1344 2214 —-
1357 2193 1402 2222 His
1415 2196 1524 2227 autem,
1539 2193 1587 2230 qui
1602 2193 1686 2222 simul
1697 2194 1889 2230 spiritualibus
1904 2194 1980 2222 suffi-
2002 2208 2050 2227 Am„
2062 2208 2102 2227 hoe

1129 2241 1233 2269 cienter
1254 2243 1370 2277 possunt
1390 2240 1532 2269 intendere
1553 2243 1580 2268 et
1603 2240 1696 2268 labore
1718 2248 1852 2269 manuum
1875 2240 1978 2268 victum
1992 2232 2103 2250 ⁶⁰⁰⁵¹²¹iffl¹²

1129 2287 1296 2324 acquirere⁷
1318 2287 1361 2315 vel
1382 2287 1410 2315 in
1432 2290 1497 2321 toto,
1519 2287 1562 2315 vel
1584 2295 1683 2323 magna
1704 2290 1790 2323 parte,
1817 2287 1906 2323 qualis
1927 2286 1978 2314 suit

1129 2333 1273 2371 Apostolus
1287 2334 1397 2368 Paulus,
1412 2337 1453 2362 est
1467 2341 1537 2370 opus
1551 2333 1679 2362 manuale
1694 2333 1720 2361 in
1736 2333 1863 2361 consitio.
1881 2349 1916 2353 —
1932 2332 1977 2361 His
1990 2348 2038 2366 Am,
2050 2348 2084 2366 mi.

1129 2382 1238 2414 autem,
1260 2379 1308 2416 qui
1330 2380 1451 2408 maxime
1472 2382 1538 2408 sunt
1558 2379 1647 2408 idonei
1667 2379 1701 2408 ad
1726 2379 1880 2416 spiritualia
1894 2386 1978 2415 opera
2010 2372 2066 2391 ''³¹¹¹‘'

1128 2426 1282 2463 praedicta,
1304 2426 1348 2454 vel
1375 2426 1456 2455 etiam
1478 2426 1512 2455 ad
1540 2426 1644 2460 civilia,
1667 2429 1693 2455 et
1714 2426 1827 2454 minime
1855 2425 1887 2454 ad
1909 2426 1977 2454 haec

1128 2473 1275 2507 manualia,
1307 2473 1466 2502 huiusmodi
1488 2481 1573 2511 opera
1604 2474 1739 2502 lucrativa
1766 2476 1793 2501 et
1825 2472 1977 2501 artificialia

1128 2528 1183 2548 non
1205 2523 1269 2549 suut
1290 2514 1322 2548 111
1340 2524 1494 2558 praecepto
1522 2528 1573 2549 nec
1594 2521 1675 2549 etiam
1705 2520 1732 2548 in
1753 2520 1891 2553 consilioe
1912 2519 1977 2556 quia

1191 2704 1201 2717 ⁴
1218 2704 1274 2733 Cap.
1291 2705 1329 2728 21.
1346 2712 1370 2729 n.
1387 2706 1425 2728 24.
1442 2706 1480 2728 25.
1497 2706 1557 2728 Vide
1574 2711 1643 2734 supra
1661 2710 1716 2733 pag.
1738 2704 1791 2731 144,
1804 2706 1857 2725 nota
1874 2704 1897 2725 7.
1915 2705 1937 2724 et
1954 2703 1976 2725 9.

1191 2743 1200 2756 ⁵
1217 2744 1275 2767 Edd.
1286 2751 1369 2768 omnes
1381 2748 1489 2773 corrupte
1501 2745 1609 2768 omittunt
1620 2743 1799 2774 tempor-alium,
1812 2741 1887 2765 multo
1899 2742 1975 2771 muyis

1126 2790 1173 2815 pro
1190 2783 1303 2807 corutum
1320 2783 1490 2808 distributione.

1191 2822 1201 2835 Β
1217 2823 1247 2845 lta
1264 2824 1292 2850 E,
1310 2823 1333 2846 in
1349 2824 1398 2846 aliis
1417 2823 1535 2852 Quoniam
1547 2830 1612 2853 erqo.
1625 2823 1682 2845 lun-a
1695 2824 1747 2844 ante
1758 2819 1827 2843 modo
1841 2819 1886 2842 lide
1898 2819 1916 2841 D
1925 2819 1944 2841 K
1955 2819 1974 2841 M

1129 2863 1255 2885 adiecimus
1272 2862 1390 2892 quaedam
1406 2862 1482 2886 medio
1491 2872 1500 2893 ,·
1518 2862 1602 2885 deiude
1618 2861 1684 2888 edd„
1701 2862 1795 2887 excepta
1813 2859 1840 2885 5,
1858 2861 1910 2879 ante
1926 2864 1974 2880 ma-

1130 2901 1200 2926 nuale
1216 2902 1325 2925 omittunt
1341 2908 1409 2932 opus.
1419 2915 1451 2920 -
1462 2902 1606 2925 Constructio
1618 2899 1781 2929 propositionis
1793 2902 1827 2920 est
1839 2898 1973 2925 incongrua.

1191 2939 1200 2952 ⁷
1218 2941 1235 2963 E
1244 2941 1264 2963 K
1273 2941 1292 2963 Μ
1311 2947 1433 2971 quaerere.

1848 2984 1871 3004 21
