2285 3398
516 230 556 251 lSA

306 270 367 291 isne
388 282 417 286 —
436 270 570 295 inonachus,
590 269 630 290 fuit
647 272 735 291 amator
753 275 818 296 prac—

257 307 339 334 cipuus
356 308 496 336 paupertatis
514 307 556 334 OD
576 307 616 329 118
635 314 646 329 a
665 320 694 324 -
714 307 817 335 dicebat,

258 348 395 368 monachum
405 364 410 373 ,
427 347 466 375 qui
479 346 647 374 possessiouem
660 347 759 375 quat-rit.
773 354 817 368 mu-

257 386 354 407 nachum
373 392 417 407 nou
435 391 484 407 esse
501 384 530 407 io.
552 397 581 401 --
602 385 646 406 vitu
669 385 718 407 cius
739 386 818 407 claruit

257 424 347 451 magnis
364 423 479 446 miraculis
497 423 525 446 ib.

304 464 376 484 lunxtl
395 475 425 479 ——-
446 466 507 485 certo
524 466 685 484 comui-tentio·
704 463 723 485 111
742 464 785 485 fluo
800 464 819 485 Η

259 500 297 522 401
321 501 334 523 1)

303 540 399 561 Ιυυ1ειιῚι)
420 552 450 556 ——
475 542 562 562 certum
589 540 617 561 dc
640 540 818 563 consiliabilibus

256 581 288 600 est
302 584 342 605 per
351 578 451 606 aliquam
469 579 542 606 legem
560 579 702 606 superiorem
720 580 730 601 Ι
748 580 793 601 305
805 585 816 601 a

302 629 331 633 —
346 615 457 639 Iudicium
474 616 540 639 llnale
552 618 684 647 ctu2locun1
702 621 763 640 certo
781 619 817 640 hn-

255 656 309 678 bcre
327 655 409 678 debeat
427 656 444 678 11
462 657 501 677 281
523 663 535 677 a
553 668 583 672 —
601 657 622 678 in
641 664 667 678 co
690 658 745 679 1111111
763 658 816 679 tria:

256 695 326 717 iustac
349 694 508 716 retributiones
533 696 701 723 praemiortnn,
725 699 817 723 apertae

254 733 417 756 declarationes
434 734 567 755 meritorum
581 738 600 756 et
615 734 776 757 irrevocabiles
789 736 817 757 la-

256 773 327 794 tiones
343 772 504 794 sententiarum]
524 772 552 794 sb.
572 772 586 794 b

301 823 331 827 —-
343 810 380 833 sict
399 814 477 838 aperta
490 811 612 833 declaratio
626 812 758 834 mcritorum
773 819 814 840 per

254 850 394 877 apertionem
413 849 522 871 librorum
544 851 734 873 conscientiarum
750 854 772 873 et
784 852 815 873 vi-

254 891 302 915 tae,
319 888 348 910 ad
370 888 574 910 manifestationem
591 889 732 912 rectitudinis
755 891 814 912 teri-

254 927 311 954 tatis‚
329 933 389 955 quae
404 930 532 949 creaturam
551 928 654 950 invitavit
671 929 698 950 ud
718 928 813 950 beatitu-

254 966 343 993 dinem,
359 965 459 988 erudivit
471 966 499 988 ad
513 967 643 993 xci-itatem,
661 967 772 995 obligavit
784 968 812 989 ad

254 1005 361 1027 iustitiam
379 1003 409 1027 ib.
426 1008 447 1026 et
465 1005 509 1026 282
527 1011 538 1026 a

300 1056 331 1060 —
356 1044 393 1066 flet
417 1044 475 1065 iusta
501 1044 619 1066 retributio
645 1044 813 1072 stipendiorum

253 1083 334 1110 culpae
351 1088 392 1110 pet·
404 1082 528 1110 impiorum
547 1083 774 1110 condemnationmn,
794 1086 815 1105 ct

254 1121 361 1147 iustitiae,
382 1127 424 1149 per
445 1121 558 1143 bonorum
577 1121 765 1148 glorificationem
783 1122 812 1143 ad

253 1160 457 1182 manifestationem
475 1160 621 1187 plenitudinis
643 1160 749 1182 bonitatis
771 1160 811 1182 Dei

253 1198 282 1222 ib.
299 1206 310 1221 a
328 1211 359 1216 —
376 1202 400 1221 ut
417 1198 573 1221 irrevocabilis
589 1199 641 1221 latio
652 1199 813 1221 sententiarum

254 1238 303 1265 fiat,
321 1238 451 1267 requiritur,
465 1241 487 1260 ut
500 1238 566 1260 iudex
585 1238 612 1259 sit
630 1238 690 1259 Dcus
708 1238 775 1260 simul
793 1241 815 1259 ct

253 1277 323 1299 homo
341 1276 369 1300 ib.

299 1328 329 1332 —
348 1315 436 1338 Iutlioia
452 1315 490 1338 Dei
510 1315 594 1338 habent
610 1322 648 1338 sex
666 1316 815 1344 proprietates

241 1355 271 1377 .B
283 1354 327 1376 204
345 1354 360 1377 1)
371 1358 463 1377 —suut
482 1358 569 1382 septem
590 1354 632 1377 DD
650 1354 694 1376 465
705 1360 718 1376 a
732 1368 760 1370 —
772 1355 815 1376 sin—

252 1393 304 1421 gula
314 1396 458 1421 exponuntur
468 1397 489 1415 et
500 1393 642 1421 explicantur
651 1400 703 1415 cum
714 1393 813 1421 practica

252 1432 407 1460 applicatione
423 1431 452 1455 ib.
470 1438 481 1454 a
499 1436 520 1454 ct
538 1432 553 1454 b

507 1665 561 1686 [ΑΒ

297 1705 370 1727 Limon
381 1716 412 1720 —
427 1704 551 1731 corporalis
568 1702 597 1725 ab
614 1703 722 1731 Apostolo
740 1703 811 1731 impo-

251 1743 306 1765 situs
330 1749 378 1771 quo
402 1749 471 1765 sensu
493 1742 654 1769 intelligendus
677 1741 718 1769 OD
736 1741 779 1764 ¹144
797 1748 809 1764 a

253 1782 277 1804 9*
297 1794 328 1798 —-
352 1784 426 1809 potest
454 1781 545 1803 suaderi
569 1781 589 1802 ci
614 1781 653 1809 qui
672 1783 752 1808 potens
777 1784 811 1802 est

251 1821 332 1848 spiritu
349 1823 372 1842 et
388 1826 496 1847 corpore,
514 1822 593 1847 utpote
608 1825 668 1847 opus
686 1820 809 1847 perfectius

252 1859 296 1881 ⁴45
314 1865 325 1880 a
351 1871 381 1875 ——
408 1858 538 1880 laudandus
563 1861 585 1880 et
609 1857 755 1885 suadendos,
778 1859 810 1880 sic

251 1901 334 1925 tamen,
347 1900 448 1925 utopera
466 1897 590 1925 spiritualia
603 1902 647 1918 non
657 1897 766 1924 impediat
778 1895 810 1919 ib.

251 1950 280 1952 —
292 1937 320 1959 ad
334 1942 387 1958 eum
400 1942 445 1958 nou
458 1942 541 1958 omncs
551 1941 664 1963 pauperes
676 1935 745 1957 validi
758 1939 809 1957 sunt

250 1975 349 1998 adstricti
368 1975 411 1997 158
429 1974 444 1996 1)
461 1975 497 2003 sq.

296 2027 325 2030 —
337 2014 511 2041 contemplatio,
524 2013 675 2041 praedicatio,
687 2013 809 2040 spiritualis

249 2053 370 2080 occupatio
386 2058 398 2074 a
416 2051 494 2074 laboro
511 2052 611 2073 manuali
628 2051 761 2079 dispensant
780 2050 808 2073 ib.

250 2104 278 2108 —-
290 2090 406 2120 aliquibus
431 2090 536 2112 indicitur
552 2090 596 2112 sub
618 2093 755 2118 praecepto,
773 2091 809 2112 ali·

249 2130 334 2159 quibus
345 2130 389 2152 sub
400 2129 506 2156 consilio,
519 2128 633 2157 aliquibus
644 2131 725 2151 neutro
738 2128 810 2160 ruodo¹

250 2170 293 2191 160
311 2175 322 2191 a
340 2175 375 2197 sq.
386 2180 417 2185 —-
429 2168 487 2190 valet
504 2167 533 2189 ad
550 2173 634 2194 corpus
651 2167 806 2193 domandum,

248 2209 319 2230 otium
337 2207 470 2234 tollendum,
484 2207 570 2228 victum
588 2207 680 2228 honeste
697 2211 807 2234 quaeren-

248 2247 304 2269 dum
322 2247 366 2269 162
385 2245 400 2268 b
418 2245 442 2268 5*

295 2286 385 2308 Lusca
397 2297 427 2302 —
444 2284 567 2306 introduxit
578 2283 708 2311 'bigamiam
727 2283 748 2305 H
764 2283 808 2305 398

249 2330 261 2346 a
281 2337 309 2340 —-
329 2324 367 2347 fuit
385 2323 579 2346 luxuriosissimus
595 2325 617 2344 et
633 2328 675 2350 per
692 2323 735 2344 hoc
752 2321 809 2344 desi-

250 2366 304 2391 gnat
321 2363 477 2385 antichristum
495 2360 525 2384 io.

295 2403 395 2424 Lasctvrt
408 2413 438 2417 —
454 2407 499 2422 non
517 2399 646 2422 eradicatur
663 2399 703 2421 nisi
722 2405 763 2427 per
781 2399 809 2420 ri-

249 2447 327 2468 gorem
345 2440 482 2463 austeritatis
500 2438 542 2467 OD
561 2439 603 2461 118
621 2438 636 2461 1)

295 2481 377 2502 1,,1τιιιΑ
390 2479 486 2507 ——qnid
504 2478 533 2500 sit
551 2478 571 2500 H
587 2478 631 2500 513
649 2484 660 2499 a

296 2519 352 2541 Lxus
366 2531 393 2534 ——
407 2523 437 2540 est
456 2518 538 2545 duplex
558 2516 599 2544 OD
616 2517 659 2539 112
678 2516 692 2538 1)
711 2515 735 2537 8*

296 2557 341 2579 Lex
353 2569 383 2574 ——
395 2557 511 2584 duplicem
527 2557 601 2584 legem
618 2555 681 2578 dedit
698 2555 759 2577 Deus
772 2556 808 2576 lio-

252 2596 364 2618 minibus:
385 2596 523 2623 imperfectis
547 2595 621 2622 legem
644 2594 742 2621 timoris,
760 2599 809 2621 per-

251 2635 312 2657 fectis
329 2635 403 2662 legem
421 2634 506 2656 amoris
522 2634 542 2657 R
558 2633 603 2656 262
621 2633 636 2655 b
654 2645 683 2649 -⁴
700 2638 741 2660 per
757 2638 808 2654 eam

250 2673 345 2695 habetur
362 2673 440 2696 notitia
457 2672 558 2695 veritatis
581 2672 621 2694 DD
638 2671 682 2694 457
700 2677 712 2693 a
736 2683 766 2686 —
784 2676 809 2693 se

250 2712 317 2734 habet
334 2712 363 2734 ad
376 2713 472 2740 gratiam
485 2712 543 2734 sicut
554 2711 628 2733 virtus
639 2709 808 2738 apprehensiva

249 2751 276 2773 ad
294 2751 405 2773 motivam
417 2750 446 2773 ib.
459 2762 488 2766 —
500 2756 569 2772 nemo
580 2749 680 2772 salvatur
691 2755 732 2777 per
743 2754 808 2775 eam,

249 2790 290 2812 nisi
307 2789 367 2812 adsit
383 2790 455 2817 gratia
467 2788 496 2812 ib.
514 2788 528 2811 1)

295 2840 325 2844 -
342 2830 432 2850 aeterna
447 2831 481 2850 est
498 2828 532 2850 illa
554 2833 612 2856 qua,
628 2825 809 2849 incommutabili

249 2869 408 2893 permanente,
424 2870 499 2889 cetera
520 2866 655 2892 ordinantur
677 2864 718 2893 OD
736 2865 775 2887 181
795 2870 808 2886 a

248 2915 279 2921 ——
290 2911 334 2933 qua
350 2905 434 2927 iustum
445 2908 491 2932 est,
504 2908 528 2927 ut
539 2904 616 2927 omnia
631 2904 675 2926 sint
691 2903 808 2926 ordinatis-

249 2944 306 2965 sima
324 2942 352 2966 ib.

950 192 1045 220 lNDEX
1068 191 1311 221 ALPllABE'l'lCUS.

898 281 927 285 —-
948 269 1090 291 medicorum
1108 275 1176 297 saepe
1198 273 1250 291 sunt
1273 270 1365 298 obliqua
1389 273 1410 292 et

851 314 922 335 quare
940 307 977 331 SS
991 307 1035 329 540
1054 306 1068 329 1)

900 359 927 362 -—
945 346 1076 368 iul-istarum
1095 350 1146 368 sunt
1158 347 1250 369 distorta
1269 351 1290 369 ct
1308 354 1348 369 cur
1366 348 1394 369 [1).

898 397 927 401 -
947 385 1115 412 astrologorum
1139 390 1189 407 sunt
1214 386 1309 408 sallibilia
1334 390 1355 408 ct
1380 386 1411 408 ob

851 430 919 452 quam
938 429 1030 445 causam
1049 423 1077 446 ili.

898 475 927 479 —-
941 462 1099 488 theologorum
1117 466 1169 485 sunt
1180 469 1248 491 saepe
1264 464 1339 485 sitinus
1351 467 1410 486 recta

851 505 872 523 ct
889 507 934 529 qua
952 501 981 523 dt·
998 507 1066 523 causa
1084 501 1113 524 ib.

898 541 965 562 lrouat
985 552 1016 556 —
1036 541 1183 567 evangelicae
1206 541 1262 568 legis
1284 547 1355 563 suave
1378 545 1411 563 cst

853 578 894 606 OD
912 578 955 600 1117
975 585 986 599 :l
1005 579 1028 600 t·

898 629 927 633 —
945 616 1087 639 obedientiae
1099 618 1171 640 simile
1183 622 1216 640 cst
1228 619 1292 640 oneri
1305 624 1349 640 non
1362 624 1410 646 gra-

851 656 926 683 tanti,
943 657 982 678 scd
1001 658 1131 678 consonanti
1150 656 1178 679 ib.
1197 657 1250 679 vide
1268 656 1334 680 Onus

896 695 1039 717 lunxneuruxi
1060 707 1090 712 —-
1109 696 1138 717 de
1155 702 1179 717 se
1202 696 1358 724 propinquum
1376 698 1409 718 est

850 733 909 755 malo
927 736 948 755 ct
972 734 1076 756 modicae
1099 734 1198 756 utilitatis
1216 733 1257 761 OD
1275 734 1319 756 188
1337 733 1351 756 1)
1370 734 1408 756 15”

849 784 879 788 -
896 772 918 794 111
937 774 979 794 hoc
996 773 1070 794 differt
1087 779 1098 794 a
1117 776 1171 795 voto
1188 772 1225 799 ib„
1240 774 1280 795 cfr.
1302 772 1386 795 Votum

895 823 925 827 —
936 811 1005 833 debet
1022 811 1107 833 habere
1124 814 1169 833 tres
1185 811 1281 833 comites
1300 811 1322 834 Η
1336 811 1379 833 517
1394 811 1409 833 b

849 863 878 866 —-
890 853 923 872 ost
940 850 1087 872 assertorium
1105 853 1127 872 et
1144 850 1320 878 promissorium
1337 849 1367 873 ib.
1378 862 1409 867 —

848 889 903 917 quid
921 889 949 911 de
967 895 995 911 eo
1011 889 1131 911 docuerint
1147 889 1270 912 Manichaei
1288 890 1332 912 518
1354 896 1367 912 a
1380 903 1408 906 —

846 928 968 950 iuramenti
991 928 1133 955 promissorii
1156 928 1207 950 [inis
1230 932 1264 951 est
1285 929 1364 957 triplex
1387 932 1409 951 et

849 967 926 994 triplex
945 967 1028 989 utilitas
1044 966 1073 989 ib.

894 1006 1023 1028 luntsmcrto
1035 1017 1066 1022 —
1078 1008 1111 1028 est
1123 1006 1247 1033 semiplena
1255 1023 1261 1033 ‚
1277 1007 1407 1034 plenissima

847 1046 869 1066 ct
886 1044 961 1066 media
980 1044 1021 1072 Ol)
1041 1044 1086 1066 197
1104 1050 1116 1066 a
1134 1044 1159 1066 9·
1176 1057 1207 1061 —
1224 1045 1349 1072 semiplena
1367 1051 1408 1073 po-

848 1086 890 1104 tcst
906 1083 1029 1110 committi,
1045 1083 1173 1110 plenissima
1187 1090 1230 1105 non
1248 1086 1322 1111 potest
1339 1083 1366 1106 ib.
1377 1096 1408 1101 —

848 1121 922 1143 media
940 1125 974 1143 est
992 1122 1167 1149 umltiplicabilis
1184 1121 1211 1144 ib.

895 1161 928 1182 lus
940 1172 970 1176 —
981 1163 1075 1182 naturae
1088 1160 1156 1182 dictat
1167 1161 1272 1183 ordinem
1285 1161 1327 1188 OD
1342 1161 1382 1183 179
1393 1160 1408 1183 b

848 1211 878 1215 -
895 1199 964 1221 dicim
990 1204 1069 1226 pacem
1093 1200 1150 1221 inter
1172 1199 1312 1221 domesticos
1330 1199 1360 1222 ib.
1377 1211 1407 1216 —

847 1237 926 1265 docety
944 1237 1043 1265 gradum
1060 1243 1110 1259 esse
1127 1238 1267 1260 servandum
1290 1238 1332 1260 180
1349 1244 1361 1260 a
1377 1250 1408 1255 —

847 1276 917 1298 dictat
934 1276 1039 1298 ordinem
1065 1276 1232 1299 hierarchicum
1249 1276 1278 1299 ib.
1294 1288 1325 1293 ——
1339 1276 1409 1299 dictat

848 1315 945 1337 reddere
966 1315 1090 1344 unicuique
1107 1315 1170 1344 quod
1193 1321 1261 1337 suum
1278 1318 1312 1337 est
1328 1314 1358 1338 ib.
1377 1327 1408 1332 —

848 1353 917 1375 dictat
933 1353 1087 1376 obedientiam
1104 1356 1178 1376 rectae
1196 1354 1276 1376 rationi
1294 1353 1323 1376 ib.

894 1405 925 1409 —
944 1393 1010 1414 civile
1038 1393 1184 1420 distinguitur
1201 1399 1213 1414 a
1237 1393 1286 1414 iure
1303 1393 1406 1420 gentium

851 1432 887 1453 181
911 1431 925 1453 1)
943 1432 963 1453 111
982 1435 1041 1453 nota.

1105 1563 1147 1609 L

892 1715 920 1719 -—
933 1703 1048 1729 naturalis,
1057 1705 1091 1724 est
1101 1702 1220 1730 impressio
1231 1703 1286 1724 facta
1297 1702 1317 1723 in
1330 1702 1403 1723 anima

843 1748 854 1763 a
868 1742 918 1769 lege
929 1745 1019 1763 aeterna
1032 1740 1060 1764 ib.
1075 1754 1103 1756 —
1115 1741 1185 1763 dictat
1196 1739 1361 1763 subiectionem
1373 1740 1406 1762 in-

845 1781 932 1802 ferioris
949 1786 1031 1802 versus
1048 1780 1204 1807 superiorem,
1221 1779 1261 1801 sed
1288 1779 1309 1801 in
1334 1784 1405 1807 quae-

843 1819 896 1842 dam
914 1819 1060 1847 generalitate
1081 1818 1110 1841 ib.
1122 1830 1152 1835 —
1164 1818 1233 1841 dictat
1249 1817 1404 1840 obedientiam

844 1858 933 1880 filialem
946 1857 1073 1880 secundum
1086 1857 1202 1885 duplicem
1215 1859 1298 1879 statum
1311 1859 1404 1878 naturae

843 1897 920 1924 lapsae
938 1900 959 1919 et
976 1900 1069 1919 naturat¹
1093 1896 1205 1917 institutae
1223 1894 1253 1918 ib.
1270 1895 1285 1917 1)
1302 1907 1332 1912 --
1352 1894 1404 1917 obe-

843 1936 950 1958 dientiam
968 1935 1075 1957 servilem
1093 1935 1162 1957 dictat
1184 1940 1228 1956 non
1258 1934 1402 1961 simpliciter,

843 1974 883 1996 sed
901 1975 922 1995 111
939 1977 997 1996 statu
1015 1977 1108 1995 naturae
1126 1974 1203 2001 lapsae
1226 1975 1248 1994 et
1263 1973 1292 1994 ad
1316 1972 1401 2000 peccati

843 2013 984 2040 punitionem
1003 2012 1031 2035 ib.
1049 2025 1078 2028 ——
1094 2012 1247 2034 obedientiam
1271 2010 1403 2033 iurisdictio-

843 2052 916 2073 nalem
933 2051 1002 2073 dictat
1019 2051 1146 2072 secuudum
1164 2053 1246 2072 statum
1264 2052 1357 2072 naturae
1370 2054 1402 2070 re-

843 2093 935 2118 paratae
952 2089 981 2112 ib.
999 2091 1038 2111 cfr.
1055 2088 1217 2118 Superioritas
1232 2091 1254 2110 et
1270 2086 1402 2110 Obedientia

890 2141 919 2144 —
932 2129 1042 2156 Moysaica
1062 2127 1129 2149 habet
1141 2130 1261 2154 praecepta
1275 2126 1386 2148 iudicialia
1396 2142 1401 2152 ,

843 2167 957 2194 figuralia,
975 2166 1067 2188 moralia
1087 2166 1104 2188 B
1122 2166 1166 2187 262
1180 2165 1194 2187 1)
1210 2177 1239 2182 -
1255 2168 1302 2187 crat
1320 2165 1353 2186 lex
1373 2164 1402 2186 ri-

843 2206 904 2233 goris
922 2205 964 2233 OD
984 2205 1020 2226 181
1043 2205 1057 2226 1)
1070 2216 1100 2222 ——
1112 2204 1222 2232 puniebat
1239 2203 1332 2231 triplicis
1348 2202 1400 2224 obe-

842 2244 940 2266 dientiae
957 2247 1125 2271 trangressores
1143 2242 1172 2265 ib.

889 2295 919 2300 —
944 2283 1030 2310 gratiae
1051 2288 1091 2304 seu
1114 2282 1246 2309 evangelica
1274 2280 1401 2303 considerat

842 2325 935 2344 naturae
952 2325 1040 2348 ortum,
1058 2321 1146 2348 lapsum
1160 2324 1181 2342 et
1194 2319 1321 2342 remedium
1336 2318 1401 2341 ib.—

842 2364 876 2383 cst
892 2360 1008 2387 libertatis,
1023 2366 1068 2382 non
1085 2366 1126 2387 per
1148 2359 1299 2381 exclusionem
1316 2357 1402 2385 obliga-

843 2400 910 2421 tionis
924 2406 949 2421 ex
962 2402 1026 2426 voto,
1040 2398 1079 2420 sed
1097 2403 1137 2425 per
1154 2397 1307 2419 exclusionem
1326 2397 1400 2418 omnis

842 2439 957 2460 servitutis
975 2444 986 2459 a
1004 2438 1084 2459 timore
1101 2436 1177 2458 servili
1195 2435 1339 2464 procedentis
1358 2435 1401 2457 186

844 2476 858 2499 1)
876 2476 900 2499 1*
919 2489 949 2493 -
970 2477 991 2498 111
1008 2482 1034 2498 ea
1061 2478 1180 2503 praecepta
1207 2474 1319 2497 iudicialia
1344 2474 1401 2501 legis

842 2516 941 2543 scriptae
953 2517 1120 2542 temperantur,
1138 2514 1240 2541 figuralia
1253 2516 1401 2540 evacuantur,

843 2555 936 2577 moralia
950 2556 1139 2576 consummantur
1151 2558 1192 2580 per
1203 2555 1325 2580 praecepta
1337 2551 1401 2574 deca·

843 2593 901 2621 logi,
918 2598 977 2621 quae
995 2592 1110 2614 hominem
1127 2591 1233 2613 ordinant
1249 2590 1278 2613 ad
1296 2591 1368 2613 Deum
1380 2593 1403 2612 et

842 2632 871 2655 ad
889 2631 1027 2660 proximum,
1045 2633 1066 2652 et
1083 2636 1124 2658 per
1140 2630 1183 2652 tria
1194 2629 1286 2652 consilia
1303 2635 1402 2656 evange·

843 2671 891 2697 lica,
913 2676 973 2699 quae
998 2670 1113 2691 hominem
1130 2669 1239 2696 elongant
1264 2674 1276 2690 a
1302 2668 1361 2690 malo
1384 2668 1402 2690 B

843 2710 888 2732 252
906 2708 921 2731 b

889 2759 919 2765 —
930 2747 1035 2774 decalogi
1051 2749 1085 2768 est
1099 2746 1183 2774 scripta
1200 2746 1222 2768 in
1244 2745 1314 2768 corde
1331 2745 1401 2767 homi-

843 2787 877 2809 nis
894 2786 936 2814 OD
954 2786 997 2808 179
1014 2791 1027 2807 a
1043 2796 1075 2802 -
1090 2785 1159 2807 dictat
1177 2791 1217 2812 per
1233 2784 1348 2807 dictamen
1365 2789 1415 2806 na·-

841 2828 905 2848 turae
917 2824 946 2847 ib.
955 2836 985 2841 —
997 2824 1114 2852 praecipit,
1130 2826 1236 2851 parentes
1250 2822 1356 2845 honorari
1373 2821 1401 2845 ib.

888 2864 954 2886 Lmzn
967 2875 995 2878 ——
1007 2865 1041 2885 est
1052 2863 1144 2890 triplex:
1160 2864 1289 2888 creaturae,
1304 2861 1403 2889 scriptu-

841 2908 879 2924 rae
895 2905 917 2924 et
932 2896 1038 2929 vitaeset
1059 2900 1187 2923 secundum
1210 2901 1268 2922 hanc
1289 2899 1401 2928 triplicem

841 2940 977 2963 divisionem
1003 2939 1041 2961 dat
1062 2938 1139 2968 quoad
1163 2938 1232 2960 fldem
1250 2938 1272 2960 in
1295 2937 1403 2965 mysterio

1947 196 2001 223 5955

1699 233 1740 255 tus

1490 283 1519 288 —
1530 271 1631 296 flentium
1649 272 1704 300 qnid
1717 272 1828 298 significi-t
1845 272 1873 294 sl».

1491 311 1631 332 losTiricxrio
1647 322 1677 326 —-
1690 311 1752 338 impii
1770 311 1865 339 requirit
1876 315 1973 340 ‹piatuor
1986 313 2004 334 H

1444 347 1488 369 256
1507 347 1521 369 1)
1862 365 1864 368 .

1491 387 1583 409 lusTrrix
1593 399 1624 403 —
1634 387 1701 409 nubet
1713 388 1823 415 triplicem
1836 392 1919 410 actum.
1931 389 1952 411 id
1963 394 2003 413 est,

1444 425 1551 447 rectificat
1564 426 1715 452 voluntatem,
1728 432 1778 448 cnm
1796 427 1960 449 conformando
1974 428 2000 449 ud

1444 464 1578 491 veritatem;
1595 464 1696 491 ordinat,
1716 465 1818 487 iaciendo
1835 472 1886 487 cam
1908 466 2001 487 transiri·

1445 508 1484 529 per
1501 505 1546 524 tres
1564 503 1649 529 gradus
1666 503 1812 529 humilitatis;
1830 507 2002 531 recompensat,

1444 546 1494 562 eam
1507 541 1635 563 inducendo
1652 542 1680 563 ad
1693 548 1716 563 se
1735 544 1803 563 totam
1816 542 1915 564 dandam
1927 543 1947 564 el
1962 543 2000 571 qui

1443 585 1467 600 se
1484 582 1555 601 totum
1573 580 1636 602 dedit
1653 580 1695 607 OD
1723 580 1763 601 185
1790 580 1804 602 b
1830 587 1863 609 sq.
1893 593 1921 596 a-
1948 581 2000 603 nihii

1442 618 1503 640 aliud
1521 621 1555 639 est
1576 624 1645 646 quam
1670 619 1773 640 volunuis
1796 619 1897 641 ordinata
1920 622 1942 642 et
1968 626 2001 641 re-

1443 657 1614 684 compensativa
1632 656 1659 679 il).

1489 707 1519 711 —-
1531 698 1565 717 est
1578 696 1692 723 naturalis,
1703 696 1776 718 civilis
1787 700 1807 718 et
1820 696 1920 718 caelestis
1937 697 1977 719 194
1987 704 1998 718 a

1442 745 1472 750 —
1489 734 1585 755 iustitiae
1610 735 1717 756 naturalis
1739 735 1821 762 duplex
1843 738 1877 757 est
1897 735 1953 758 ordo
1971 735 2001 758 ita.

1441 784 1472 789 —
1491 779 1532 800 per
1556 779 1607 795 eam
1626 773 1759 795 ordinantur
1784 774 1894 796 elementa
1921 775 1999 797 mundi

1441 811 1540 834 nmioris
1557 815 1578 833 et
1595 811 1694 835 minoris
1712 811 1741 835 ib.

1488 862 1518 867 -
1537 850 1594 872 ordo
1613 850 1708 873 iustitiae
1725 851 1797 873 civilis
1814 852 1921 880 requirit,
1936 852 1998 879 quod

1442 895 1500 912 unus
1517 890 1545 912 sit
1567 890 1698 917 principalis
1719 890 1786 912 iudex
1811 893 1831 912 et
1854 890 1899 912 dux
1922 889 1950 913 ib.
1970 903 2000 907 —

1441 928 1499 950 ordo
1512 928 1607 950 iustitiae
1619 928 1721 950 caelestis
1733 929 1834 957 requirit,
1844 929 1906 957 quod
1918 935 1998 951 omncs

1441 967 1534 994 spiritus
1550 967 1701 994 disponantur
1723 967 1766 989 sub
1785 966 1912 989 obedientia
1932 968 1998 990 unius

1441 1005 1533 1033 spiritus
1550 1006 1651 1033 supremi
1670 1004 1699 1028 ib.

1488 1057 1517 1060 —-
1534 1044 1651 1071 originalis
1666 1049 1726 1072 quae
1743 1045 1770 1066 sit
1786 1045 1803 1067 B
1818 1045 1862 1067 235
1875 1044 1889 1066 b
1908 1057 1934 1061 --
1952 1050 1998 1068 erat

1441 1082 1612 1105 transmittenda
1629 1082 1658 1104 ad
1676 1086 1779 1110 posteros
1796 1083 1824 1105 io.
1841 1096 1868 1099 —
1887 1085 1999 1106 transmit-

1441 1121 1494 1143 titur
1511 1121 1560 1143 eius
1577 1121 1679 1142 defectus
1696 1120 1725 1143 ι’1).

1488 1171 1520 1175 -
1536 1159 1662 1181 secundum
1685 1159 1746 1187 leges
1769 1160 1870 1187 politicas
1891 1163 1924 1182 est
1941 1161 1999 1183 circu

1440 1200 1539 1226 quatuor
1557 1197 1579 1219 Η
1593 1197 1637 1219 356
1655 1197 1670 1219 b
1681 1210 1709 1214 —
1721 1201 1754 1219 est
1771 1197 1861 1221 habitus
1873 1204 1938 1221 suam
1952 1199 1998 1221 uni-

1440 1237 1525 1264 cuique
1536 1235 1638 1258 tribuens
1654 1236 1786 1264 dlgnitatem
1804 1237 1848 1259 363
1866 1243 1878 1258 a
1891 1237 1999 1259 —habet

1440 1278 1539 1304 quatuor
1556 1276 1642 1297 fructus
1659 1279 1681 1297 et
1697 1279 1795 1304 quatuor
1811 1279 1876 1297 actus
1894 1276 1938 1298 417
1955 1282 1966 1297 a

1488 1326 1517 1329 —-
1529 1314 1607 1336 divina
1616 1314 1734 1342 quomodo
1746 1314 1824 1342 puniat
1836 1314 1935 1342 culpam,
1947 1314 2000 1337 vide

1442 1353 1551 1382 Infernus

1694 1662 1736 1684 Llll

1439 1701 1555 1723 Trinitatis
1578 1701 1656 1728 triplex
1676 1701 1841 1723 testimoninm:
1853 1700 1942 1726 efficax,
1954 1701 2000 1722 elti-

1437 1740 1524 1767 cacius,
1541 1739 1724 1761 efficacissimum
1744 1738 1785 1766 OD
1802 1738 1830 1761 5-1
1849 1738 1863 1760 1)

1485 1790 1515 1795 -
1531 1781 1648 1800 creaturae
1673 1778 1711 1799 dat
1733 1777 1816 1805 duplex
1844 1777 1997 1799 testimonium

1438 1817 1467 1839 de
1484 1816 1604 1839 Trinitate:
1622 1817 1651 1839 de
1673 1816 1798 1844 longinquo
1820 1819 1842 1838 et
1858 1815 1887 1837 de
1909 1815 1999 1843 propin-

1436 1861 1484 1884 quo
1500 1854 1530 1877 ib.
1547 1861 1582 1883 sq.
1599 1866 1631 1871 —
1646 1858 1680 1877 est
1696 1854 1762 1876 nobis
1779 1855 1800 1876 in
1819 1854 1894 1877 multis
1909 1854 2008 1882 ignotus-

1438 1893 1459 1916 Η
1466 1893 1511 1916 340
1520 1899 1532 1916 a
1541 1905 1572 1910 ——
1580 1894 1644 1922 quasi
1655 1896 1772 1915 emortuus
1782 1899 1822 1920 per
1831 1893 1940 1920 originale
1949 1898 1999 1920 pec-

1437 1935 1524 1959 catum,
1539 1932 1677 1954 illummatus
1693 1935 1715 1954 et
1726 1935 1844 1960 reparatur
1861 1937 1902 1959 per
1914 1930 1996 1953 librum

1438 1971 1568 1999 Scripturae
1586 1971 1630 1993 390
1648 1977 1660 1992 a

1480 2019 1510 2026 —-
1527 2009 1658 2037 Scripturae
1675 2009 1805 2031 testitlcatur
1821 2009 1888 2031 etiam
1906 2008 1999 2036 duplici-

1436 2050 1485 2069 ter:
1503 2048 1610 2075 implicite
1628 2051 1649 2069 et
1667 2048 1770 2075 explicite
1789 2046 1830 2074 OD
1846 2047 1875 2069 55
1892 2053 1904 2068 a
1923 2046 1937 2069 1)

1441 2085 1443 2087 ’
1482 2098 1514 2102 -
1525 2086 1585 2108 vitae
1597 2086 1718 2113 dupliciter
1730 2086 1871 2108 testificatur:
1884 2085 1904 2107 in
1916 2084 1997 2114 patria

1435 2130 1540 2152 expresse
1557 2128 1579 2146 et
1594 2125 1710 2152 explicite,
1728 2125 1749 2146 in
1766 2124 1804 2147 ‘ria
1821 2124 1948 2146 secundum
1965 2124 1996 2146 in-

1436 2163 1550 2185 fluentiam
1563 2163 1629 2191 lucis,
1641 2164 1706 2184 cuius
1721 2169 1791 2190 capax
1807 2166 1841 2185 cst
1852 2163 1927 2184 anima
1941 2161 1969 2185 ib.
1984 2162 1998 2184 b

1481 2213 1512 2219 -
1528 2202 1626 2229 scriptus
1647 2202 1707 2227 foris,
1724 2202 1822 2228 scriptus
1845 2201 1918 2228 intus,
1942 2201 1998 2223 scri-

1435 2243 1487 2269 ptus
1505 2242 1564 2263 intus
1576 2243 1598 2263 et
1618 2241 1671 2262 foris
1687 2240 1725 2268 qui
1737 2240 1765 2261 sit
1776 2239 1795 2262 Β
1807 2240 1851 2261 229
1864 2245 1875 2261 a
1889 2239 1911 2261 H
1921 2239 1965 2261 386
1982 2239 1996 2260 b

1482 2292 1512 2296 —
1528 2278 1582 2302 titul
1599 2279 1682 2306 legales
1699 2281 1792 2300 movent
1813 2277 1843 2299 ad
1864 2277 1951 2299 bonum
1971 2280 1994 2299 et

1435 2321 1543 2340 revocant
1567 2324 1579 2340 a
1606 2318 1665 2340 malo
1693 2322 1734 2344 per
1764 2319 1898 2344 praecepta,
1926 2315 1992 2337 histo-

1435 2358 1501 2380 riales
1523 2363 1565 2385 per
1587 2356 1702 2384 exempla,
1722 2354 1865 2382 sapientiales
1890 2359 1930 2381 per
1951 2353 1989 2375 do-

1435 2399 1552 2423 cumenta,
1575 2395 1720 2423 prophetales
1742 2399 1782 2421 per
1804 2392 1989 2420 aggregationem

1435 2435 1538 2457 omnium
1556 2434 1725 2462 praedictorum
1743 2433 1761 2455 Β
1778 2432 1821 2454 203
1840 2437 1851 2452 a
1870 2430 1884 2452 b

1482 2485 1513 2490 -—
1530 2474 1665 2495 Sanctorum
1685 2471 1802 2500 quomodo
1825 2469 1947 2492 adhibendi
1965 2468 1992 2490 ad

1436 2512 1605 2539 intelligentiam
1618 2511 1793 2538 Scripturarum,
1804 2509 1856 2531 vide
1867 2507 1993 2537 scriptura

1483 2551 1622 2572 LlBERALlTAS
1639 2561 1669 2566 -
1686 2550 1708 2570 in
1726 2549 1805 2571 effectu
1823 2550 1857 2570 est
1871 2547 1948 2576 quinta
1961 2552 1995 2568 co-

1435 2590 1510 2611 lumna
1535 2589 1618 2611 domus
1644 2587 1772 2615 Sapientiae
1794 2586 1836 2609 DD
1858 2586 1902 2608 502
1927 2584 1941 2607 b
1965 2596 1996 2601 —

1435 2634 1485 2650 eam
1503 2627 1587 2650 debent
1604 2626 1688 2648 habere
1705 2626 1799 2653 praelati
1815 2624 1844 2648 ib.

1482 2667 1591 2688 Ltaenns
1612 2676 1643 2682 ——
1665 2667 1698 2687 est
1720 2664 1811 2691 triplex:
1829 2670 1841 2685 a
1865 2663 1966 2690 miseria,
1983 2668 1994 2684 a

1435 2705 1502 2732 culpa
1524 2708 1546 2726 et
1565 2711 1577 2726 a
1600 2704 1716 2726 coactione
1735 2702 1776 2730 OD
1797 2703 1836 2724 182
1859 2708 1871 2723 a
1890 2701 1914 2723 5³
1932 2713 1961 2716 —-
1983 2707 1995 2723 a

1435 2743 1551 2766 coactione
1561 2743 1686 2765 sufficiente
1694 2745 1717 2764 et
1729 2741 1849 2763 inducente
1860 2740 1916 2768 quid
1927 2740 1955 2762 sit
1966 2739 1995 2762 ib.

1435 2794 1466 2799 —
1482 2781 1604 2804 voluntatis
1620 2784 1708 2803 creatae
1723 2782 1766 2802 stat
1778 2785 1830 2801 cum
1843 2777 1995 2800 infallibilitate

1436 2820 1648 2849 praedestinationis
1664 2822 1769 2841 aeternae
1786 2818 1804 2841 B
1820 2817 1864 2839 217
1882 2823 1894 2838 a

1483 2859 1581 2881 Lim-:nunt
1597 2863 1715 2880 sanitatum
1732 2868 1762 2873 —
1779 2858 1812 2878 est
1828 2855 1920 2877 facultas
1931 2855 1995 2876 ratio·

1436 2898 1471 2920 nis
1492 2900 1514 2919 et
1536 2896 1657 2919 voluntatis
1673 2896 1691 2918 Β
1708 2895 1751 2917 227
1770 2894 1785 2916 1)
1800 2905 1831 2910 -—
1847 2899 1890 2915 non
1913 2893 1994 2915 dicitur

1436 2936 1465 2958 de
1474 2939 1538 2964 parte
1550 2935 1650 2962 animae,
1661 2934 1701 2956 sed
1713 2933 1742 2956 de
1754 2936 1798 2955 tota
1811 2931 1839 2954 ib.
1851 2943 1881 2948 —
1893 2934 1922 2953 est
1936 2931 1994 2958 prin-
