2285 3398
239 483 345 507 Explicatur

217 507 288 533 dictum
309 507 345 525 Au-

217 533 293 554 gastim.

275 577 344 595 Prii-no.

252 670 344 689 Secundo.

274 904 345 922 Tertio.

245 1464 351 1483 Notandum

217 1488 241 1506 de
249 1488 325 1506 Platone
333 1489 351 1506 et

216 1511 325 1530 Aristotele.

222 2241 275 2261 ltem,
285 2239 308 2258 de
318 2240 354 2258 Λυ-

253 2264 332 2286 gustiuo.

363 166 418 193 57⁹2

363 246 526 280 cooperatur
555 243 626 271 sicut
651 243 760 271 (tonum
788 242 922 279 infusum
951 251 1000 279 per
1029 244 1153 280 gratiam.
1177 245 1207 273 Et

363 293 475 326 propter
490 291 540 318 boc
555 290 620 317 dicit
635 290 803 326 Augustinus
817 294 914 318 octavo
934 289 967 318 sle
989 290 1103 319 Civitate
1125 292 1172 320 Dei
1186 293 1204 325 ¹,

362 337 435 373 quod
462 349 475 361 «
489 337 564 365 Deus
585 340 625 365 est
647 344 729 365 causa
750 336 872 370 essendi,
895 337 965 364 ratio
987 336 1153 373 intelligendi
1180 341 1206 366 et

362 384 428 413 ordo
450 384 596 412 vivendi».
616 389 618 391 '

443 432 485 460 18.
508 431 585 467 Quod
607 434 698 458 autem
721 430 829 458 dicatur
844 430 922 458 ratio
938 430 1126 467 ι’)ιίθίίίφθηιίί,
1141 439 1205 459 sane

362 477 567 515 intelligendum
589 480 642 510 est,
665 485 718 505 non
733 476 799 513 quia
813 477 848 505 sit
862 476 1029 513 intelligendi
1046 477 1115 505 ratio
1129 478 1205 511 sota,

362 533 412 554 nec
432 525 532 558 nuda,
562 530 610 552 nee
639 527 706 551 tota.
730 539 766 543 -
789 523 814 552 Si
837 523 909 552 enim
937 527 1009 552 esset
1037 523 1107 552 ratio
1127 524 1206 558 sola,

362 580 415 601 non
437 572 560 600 differret
588 571 706 607 cognitio
734 570 863 599 scientiae
883 578 899 598 a
920 570 1073 607 cognitione
1101 571 1207 607 sapien-

364 619 431 653 tiae,
454 626 503 647 nec
525 618 643 654 cognitio
665 618 691 645 in
715 617 804 646 Verbo
825 625 840 645 a
868 617 1022 654 cognitione
1043 617 1070 645 in
1096 617 1209 653 proprio

362 673 471 702 genere.
489 681 524 685 —-
542 665 658 697 Rursus,
674 663 695 692 si
711 667 783 692 esset
805 663 874 692 ratio
891 663 974 691 nacla
988 665 1016 691 et
1029 665 1138 699 aperta,
1154 671 1207 691 non

361 712 486 741 differret
501 711 619 748 cognitio
639 711 697 739 viae
719 719 734 739 a
755 710 908 747 cognitione
924 710 1043 746 patriae,
1058 709 1131 746 quod
1146 710 1207 746 qui-

361 759 423 788 dem
445 759 544 787 salsum
567 762 623 791 est,
640 766 702 786 cum
726 758 771 786 illa
792 758 826 786 sit
846 756 924 794 facie
945 757 985 784 ad
1005 755 1123 793 faeiem.
1141 757 1207 785 haec

361 809 453 835 autem
467 814 520 842 per
534 805 682 841 speculam
697 807 724 833 et
738 804 768 832 ἱη
784 804 945 841 aeniqmate
958 803 986 836 ²,·
1000 803 1066 840 quia
1081 806 1206 831 nostrum

363 854 514 890 intelligere
536 852 688 881 secundum
710 854 812 880 statum
835 851 893 879 viae
915 859 968 879 non
991 850 1105 879 estsine
1121 851 1207 887 phan-

362 903 484 929 tasmate.
504 916 542 919 —-
564 896 715 932 Postremo,
738 898 758 926 si
781 900 852 926 esset
874 897 943 926 ratio
966 900 1040 931 tota,
1062 905 1116 925 non
1139 897 1207 925 intll-

361 954 490 984 geremus
512 945 600 982 specie
622 948 649 973 et
670 944 826 981 receptione
854 944 887 972 ad
915 943 1118 980 cognoscendas
1146 951 1206 977 res3

361 993 435 1031 quod
456 993 599 1021 manifeste
614 992 739 1021 videmus
753 999 813 1020 esse
828 991 943 1024 salsum,
958 991 1036 1027 quia,
1052 990 1207 1018 amittentes

361 1049 449 1069 unum
466 1048 591 1073 sensum,
606 1047 716 1068 necesse
731 1039 866 1067 habemus
879 1038 1006 1066 amittere
1022 1045 1104 1065 unam
1120 1037 1206 1065 scien-

363 1089 426 1116 tiam
439 1088 458 1116 3.
475 1087 550 1116 [Tude
572 1087 634 1115 licet
654 1086 745 1114 anima
766 1085 918 1114 secundum
940 1084 1123 1121 Augustulum
1143 1092 1207 1113 con-

363 1143 434 1164 nexa
459 1135 494 1163 sit
521 1133 628 1170 legibus
654 1132 789 1165 aeternis,
818 1132 883 1168 quia
910 1131 1003 1168 aliquo
1030 1131 1111 1159 modo
1139 1130 1206 1158 illud

363 1183 454 1211 lumen
482 1180 591 1217 attingit
612 1179 764 1208 secundum
791 1187 961 1215 supremam
990 1178 1081 1206 aciem
1103 1176 1207 1205 intelte-

362 1233 425 1257 ctas
446 1227 557 1265 aymttis
585 1229 611 1255 et
638 1225 809 1262 superiorem
839 1225 991 1261 portionem
1015 1224 1143 1257 rationis3
1166 1224 1206 1251 in-

362 1275 519 1303 dubitanter
542 1277 631 1302 tamen
660 1280 757 1301 verum
785 1275 841 1305 est,
863 1271 1015 1300 secundum
1044 1270 1117 1307 quod
1141 1270 1207 1298 dicit

363 1321 544 1357 Philosophus
554 1321 575 1354 ⁴,
596 1319 777 1356 cognitionem
799 1317 924 1355 generari
947 1317 973 1345 in
996 1317 1074 1345 nobis
1089 1317 1131 1344 via
1145 1324 1206 1345 sen-

362 1375 424 1400 sus,
447 1366 595 1395 memoriae
616 1368 643 1393 et
664 1364 866 1401 experientiae,
888 1372 924 1392 ex
946 1363 1048 1400 quibus
1069 1362 1206 1399 colligitur

365 1413 527 1442 ιιηιύενεαίθ
554 1413 580 1440 111
608 1412 700 1445 nobis,
728 1411 802 1447 quod
830 1414 871 1439 est
900 1410 1066 1447 principium
1088 1410 1155 1438 artis
1180 1412 1207 1437 et

363 1460 498 1489 scientiae.
519 1458 593 1487 Unde
614 1458 679 1494 quia
702 1457 797 1485 Plato⁵
817 1460 901 1484 totam
922 1457 1103 1493 cognitionem
1126 1456 1206 1484 certi-

364 1506 511 1535 tudinalem
539 1504 674 1533 convertit
702 1503 735 1531 ad
763 1503 899 1531 mnndum
931 1503 1128 1538 intelligibilem
1150 1503 1207 1531 sive

362 1553 489 1585 idealem‚
512 1551 572 1579 ideo
592 1550 691 1578 merito
713 1550 900 1586 reprehensus
921 1549 973 1577 suit
993 1548 1028 1576 ab
1049 1549 1206 1582 Aristotele3

363 1608 416 1628 non
438 1598 503 1635 quia
524 1597 594 1625 male
615 1596 734 1629 diceret,
756 1595 830 1624 ideas
851 1603 909 1624 esse
930 1598 957 1623 et
978 1598 1104 1623 aeternas
1125 1595 1207 1623 ratio-

364 1654 426 1679 nes,
449 1653 512 1673 cum
534 1651 596 1672 eum
620 1643 646 1671 in
665 1642 717 1671 hoc
739 1642 830 1670 landet
845 1641 1050 1678 Augiistinus⁶;
1066 1640 1113 1669 sed
1128 1641 1207 1677 quia,

362 1693 491 1729 despecto
511 1690 614 1719 mundo
634 1689 768 1722 sensibili,
791 1691 874 1717 totam
896 1688 1088 1716 certitudinem
1117 1688 1208 1724 cogni-

366 1739 444 1768 tionis
466 1738 599 1766 reducere
620 1736 707 1764 voluit
727 1735 760 1763 ad
783 1735 841 1763 illas
856 1734 944 1767 ideas;
959 1737 987 1762 et
1001 1734 1052 1763 hoc
1068 1734 1208 1771 ponendo,

365 1786 427 1814 licet
448 1784 589 1813 videretur
611 1782 734 1811 stabilire
755 1781 826 1810 viam
855 1781 1031 1818 sapientiae,
1053 1789 1124 1817 quae
1146 1789 1209 1817 pro-

365 1832 436 1861 cedit
457 1830 609 1860 secundum
631 1829 751 1857 rationes
776 1831 916 1861 aeternaS,
938 1827 1097 1856 destruebat
1119 1830 1225 1855 tamen·

365 1879 437 1907 viam
468 1877 620 1910 scientiae,
649 1883 720 1912 quae
752 1874 875 1911 procedit
906 1873 1058 1902 secundum
1091 1873 1210 1902 rationes

366 1928 486 1957 creatas;
502 1931 586 1960 quam
601 1923 672 1951 viam
695 1921 850 1949 Aristoteles
865 1928 879 1949 e
893 1920 1032 1949 contrario
1046 1920 1209 1953 stabiliebat,

367 1971 412 1999 illa
433 1970 576 2006 superiore
597 1968 728 2005 neglecta.
751 1967 782 1995 Et
810 1967 869 1995 ideo
897 1966 1022 2000 videtur,
1044 1966 1117 2003 quod
1139 1967 1209 1994 inter

367 2016 544 2054 philosophos
564 2015 645 2043 datus
665 2014 699 2043 sit
721 2013 822 2042 Platoni
845 2021 935 2042 sermo
955 2013 1130 2049 sapientiae,
1153 2013 1210 2040 Ari-

367 2062 456 2092 stoteli
478 2070 544 2090 vero
568 2069 660 2090 sermo
686 2060 829 2088 scientiae.
857 2059 901 2087 Ille
929 2059 1001 2087 enim
1023 2058 1209 2095 principaliter

367 2109 515 2146 aspiciebat
543 2108 575 2136 ad
604 2107 763 2144 superiora,
793 2106 836 2134 hic
868 2113 934 2134 vero
961 2105 1149 2142 principaliter
1176 2105 1209 2133 ad

368 2156 505 2185 inferiora.

450 2203 491 2230 19.
515 2202 634 2238 Uterque
655 2203 747 2229 autem
770 2207 874 2233 sermo,
895 2198 997 2227 seilicet
1018 2198 1165 2234 sapientiae
1184 2201 1211 2226 et

367 2249 509 2282 scientiae,
525 2256 574 2285 per
595 2248 727 2285 Spiritum
743 2249 867 2275 sanctum
889 2245 969 2274 datus
983 2247 1024 2274 est
1045 2244 1208 2281 Augustino,

1233 313 1235 329 4

1147 167 1256 196 SERMO
1279 168 1319 195 tv.

1264 248 1393 281 tanquam
1417 247 1565 283 praecipuo
1580 247 1731 283 expositori
1754 247 1837 275 totius
1852 248 2021 284 scripturae,
2040 250 2105 278 satis

1263 292 1440 326 excellenter,
1462 293 1533 321 sicut
1554 301 1589 321 ex
1611 294 1720 330 scriptis
1742 294 1801 322 eius
1821 298 1944 331 apparet.
1957 311 1993 316 —
2010 296 2104 325 Excel-

1265 338 1371 366 lentiori
1394 346 1460 367 vero
1482 339 1561 368 modo
1582 340 1633 368 fuit
1661 341 1688 368 in
1710 340 1792 368 Paulo
1813 344 1840 369 et
1860 341 1965 376 Moyse,
1994 342 2021 370 in
2050 351 2105 371 uno

1265 387 1394 420 tanquam
1417 385 1444 413 in
1474 386 1599 414 ministro
1620 386 1688 424 leyz's
1714 386 1843 424 fiyarae,
1872 387 1898 415 in
1926 388 2013 416 altero
2040 396 2105 416 vero

1264 431 1335 459 sieut
1356 431 1382 458 in
1400 430 1525 460 ministro
1546 432 1613 469 leyis
1626 433 1750 470 mattae.
1773 433 1811 461 De
1830 434 1919 469 Moyse
1933 442 2051 470 namque
2065 434 2106 462 di-

1264 478 1336 506 citur
1358 479 1473 506 Actuum
1496 479 1641 514 septimo⁷‚
1663 480 1737 516 quod
1758 480 1810 508 fuit
1828 480 1960 508 eraclitus
1982 481 2012 508 in
2027 481 2106 509 omui

1264 524 1409 561 sapientia
1428 525 1654 562 Acgyptiorum,-
1676 531 1702 555 et
1717 535 1831 561 rursus,
1847 527 1873 555 in
1889 530 1981 556 monte
2002 527 2106 556 dictum

1264 574 1305 599 est
1326 571 1349 599 ei
1362 571 1389 598 ¹³:
1412 571 1523 607 Inspice
1543 574 1568 599 et
1594 571 1644 608 fae
1664 573 1823 601 seemzdum
1844 573 2001 609 exemplar,
2030 574 2106 611 quod

1265 617 1317 646 tihi
1331 618 1362 646 ἰἠ
1380 622 1473 646 monte
1494 622 1689 647 monstratum
1710 623 1757 647 est.
1774 636 1809 640 —
1825 620 1863 648 De
1880 619 1961 647 Paulo
1976 627 2056 653 vero,
2071 620 2106 648 si-

1265 668 1312 693 cut
1327 665 1443 700 ipsemet
1456 664 1534 698 dicit,
1549 664 1622 701 quod
1638 673 1700 693 cum
1716 666 1785 694 inter
1797 666 1934 702 simplices
1948 674 2001 694 non
2016 669 2106 694 osten-

1264 711 1342 740 deret
1363 719 1391 740 se
1412 711 1487 739 <scire
1510 711 1567 739 nisi
1589 711 1734 740 Christum
1751 713 1862 747 lesam,
1881 716 1905 740 et
1920 711 1996 741 lianc
2011 713 2105 741 cruci-

1263 758 1373 795 fiaeam5
1389 761 1479 787 tamen
1494 758 1669 795 sapimztiam
1685 759 1848 796 loquebatur
1867 760 1941 788 inter
1952 759 2105 797 perfeeto-5,

1264 805 1335 833 sicut
1360 805 1461 833 dicitur
1486 805 1590 841 primae
1617 805 1650 833 ad
1678 805 1831 834 Corinthios
1858 806 1977 834 secundo
1992 806 2010 833 ¹³.
2034 806 2106 835 Hanc

1264 855 1355 880 autem
1378 851 1538 888 sapientiam
1561 852 1617 888 ipse
1638 852 1742 886 didicit,
1758 853 1867 889 quando
1886 861 1975 890 usque
1996 853 2028 881 ad
2052 857 2106 882 ter-

1266 898 1333 926 tium
1349 898 1455 926 caelum
1477 901 1573 934 raptus
1588 897 1651 931 snit,
1667 899 1799 927 secundae
1814 898 1846 926 ad
1862 899 2018 927 Corinthios
2037 899 2105 927 duo-

1264 944 1370 973 decimo
1384 945 1414 971 ¹⁰.
1438 960 1473 964 —
1497 943 1727 972 Excellentissime
1755 948 1846 972 autem
1872 944 1923 972 sirit
1944 944 1970 972 in
1993 944 2106 972 Domino
2120 952 2218 979 conclusio
2227 952 2249 970 ue

1265 995 1359 1020 nostro
1382 992 1439 1020 lesu
1461 991 1585 1023 Christo,
1605 991 1652 1027 qui
1670 991 1721 1019 l'uit
1742 991 1900 1027 prim-ipalis
1922 991 2059 1027 legislator
2079 994 2106 1019 et
2145 975 2223 994 C'¹‘¹⁵⁸⁰'

1264 1038 1346 1067 simul
1368 1038 1506 1074 perfectus
1528 1038 1614 1065 viator
1635 1040 1662 1066 et
1683 1038 1896 1073 comprehensor
1909 1047 1915 1070 ;
1930 1039 1958 1065 et
1972 1037 2032 1065 ideo
2049 1037 2106 1073 ipse

1264 1085 1340 1113 solus
1361 1088 1402 1112 est
1424 1084 1581 1120 principalis
1604 1084 1731 1120 magister
1752 1086 1779 1112 et
1799 1084 1902 1112 doctor.

1343 1133 1388 1159 20.
1412 1131 1457 1159 llic
1480 1131 1562 1167 igitur
1585 1134 1713 1167 tanquam
1733 1130 1891 1167 principalis
1911 1129 2041 1166 magister
2065 1132 2107 1157 est
2120 1130 2251 1172 offiano-,¹¹23

1264 1177 1450 1215 principaliter
1466 1177 1665 1210 honorandus,
1680 1177 1855 1210 audiendas,
1871 1175 2105 1212 interroyamlas.
2118 1179 2147 1218 ἓξ
2156 1179 2251 1200 pr-wfflfl-

1265 1241 1300 1245 --
1324 1224 1510 1260 l'rincipaliter
1542 1232 1661 1260 namque
1688 1223 1877 1251 lzonoraurlus
1908 1226 1964 1257 est,
1996 1226 2027 1251 ut
2055 1213 2251 1251 sibim-tineosum-

1263 1272 1432 1300 attribuatur
1458 1271 1587 1307 cliynitas
1613 1270 1792 1307 incipis-terii,
1822 1270 1946 1299 Matthaei
1977 1270 2106 1306 vigesimo
2130 1254 2231 1273 mmmm

1264 1318 1395 1346 tertioss:
1418 1316 1508 1345 Nolite
1531 1317 1630 1345 (meteri
1660 1317 1767 1349 Raram
1791 1325 1865 1344 rinus
1887 1320 1927 1344 est
1947 1316 2023 1344 enim
2043 1324 2106 1344 ma—

1262 1364 1353 1401 {lister
1376 1368 1473 1397 uester,
1499 1372 1595 1391 omnes
1623 1367 1718 1391 antem
1744 1372 1794 1391 ¹uos
1822 1362 1932 1399 fratres
1953 1363 2027 1390 estis.
2050 1362 2105 1391 Sibi

1263 1414 1355 1439 autem
1384 1410 1444 1438 vult
1467 1410 1626 1447 dignitatem
1656 1410 1802 1446 magisterii
1826 1417 1983 1443 reservare,
2008 1416 2106 1437 secun-

1263 1457 1329 1485 dum
1352 1457 1417 1485 illud
1440 1457 1545 1485 loannis
1566 1456 1671 1485 decimo
1694 1456 1823 1485 tertio¹2s
1853 1457 1904 1484 Vos
1921 1456 2027 1484 uocatis
2047 1464 2104 1489 me,

1263 1503 1403 1540 mayister
1417 1506 1442 1530 et
1457 1503 1576 1531 Domine
1583 1513 1593 1535 ;
1611 1507 1635 1530 :t
1650 1502 1715 1531 bene
1736 1503 1841 1535 (licitis,
1857 1511 1922 1530 sum
1943 1502 2052 1530 etenim..
2069 1517 2105 1522 —

1264 1549 1444 1577 llonorandus
1465 1552 1505 1577 est
1526 1552 1616 1577 autem
1639 1558 1691 1577 non
1713 1550 1802 1577 solum
1826 1548 1960 1577 vocaliter
1981 1549 2007 1577 in
2031 1549 2105 1577 locu-
2122 1556 2233 1580 Dupliciter.

1265 1596 1351 1629 tione,
1367 1595 1413 1624 sed
1434 1596 1515 1623 etiam
1538 1596 1653 1623 realiter
1675 1596 1701 1624 in
1721 1596 1889 1629 imitatione3
1905 1598 2018 1632 propter
2033 1595 2106 1632 quod

1266 1642 1373 1671 subdit:
1396 1642 1428 1670 St
1455 1651 1522 1679 erqo
1543 1651 1592 1679 eqo
1621 1642 1681 1670 lavi
1698 1643 1783 1679 peiles
1809 1646 1916 1670 vestros
1936 1645 2003 1675 etc.;
2025 1642 2105 1678 quia,

1266 1689 1337 1717 sicut
1358 1689 1458 1717 dicitur
1480 1690 1567 1717 Lucae
1588 1689 1693 1717 decimo
1714 1692 1814 1725 quarto
1830 1689 1861 1721 ¹³,
1882 1688 1934 1725 qai
1953 1697 2010 1716 non
2031 1687 2107 1716 venit

1264 1739 1328 1772 post
1348 1743 1392 1763 me
1412 1743 1470 1763 non
1487 1738 1578 1771 potest
1598 1743 1679 1762 meas
1699 1743 1758 1762 esse
1778 1733 1948 1771 discipulas.

1345 1782 1390 1810 21.
1414 1781 1459 1809 Est
1478 1782 1559 1810 etiam
1581 1781 1767 1817 principaliter
1793 1780 1957 1808 audiendas
1984 1788 2032 1817 per
2054 1781 2106 1809 hu-
2118 1788 2250 1815 Seepndmu-

1268 1828 1410 1856 militatem
1441 1827 1518 1860 fidei,
1547 1827 1699 1855 secundum
1726 1827 1793 1855 illud
1825 1827 1906 1855 Isaiae
1937 1827 2106 1864 quinquage-
2140 1812 2226 1831 dmm&

1267 1874 1337 1903 simo
1349 1874 1387 1902 ¹4:
1406 1873 1545 1902 Dominus
1566 1873 1643 1901 flectit
1663 1872 1736 1901 milii
1756 1873 1887 1910 linquam
1899 1874 2059 1910 eruditam,
2075 1878 2107 1903 ut

1265 1921 1359 1949 seiam
1379 1924 1540 1948 sustentare
1561 1928 1625 1947 eam
1646 1919 1698 1957 qai
1718 1920 1815 1947 lassus
1835 1923 1875 1948 est
1901 1919 2000 1948 uerbo:
2022 1920 2108 1957 eriyz't

1266 1976 1361 2001 mane,
1383 1975 1468 1995 mane
1488 1966 1574 2003 erigiit
1602 1965 1673 1994 milti
1700 1975 1819 2000 aurem,
1841 1970 1874 1994 at
1894 1966 2016 1994 audiam
2042 1975 2106 1995 eam

1267 2013 1354 2051 quasi
1370 2012 1555 2050 mayt‘stram.
1573 2012 1615 2041 Bis
1635 2013 1701 2041 dicit
1722 2013 1820 2050 erigyz't,
1836 2013 1901 2050 quia
1922 2021 1975 2041 non
1990 2013 2106 2047 suffieit,
2123 2020 2233 2044 nupueuer.

1267 2060 1340 2096 quod
1367 2059 1443 2088 auris
1471 2062 1565 2088 nostra
1591 2059 1714 2096 erigatur
1741 2059 1775 2088 ad
1803 2059 2030 2097 intelliyendam,
2055 2060 2107 2088 nisi

1267 2105 1347 2134 etiam
1370 2105 1492 2142 erigatur
1513 2105 1546 2133 ad
1568 2105 1762 2133 obediendam.
1779 2105 1891 2142 Propter
1912 2105 1985 2141 quod
2006 2105 2106 2133 dicitur

1268 2152 1392 2181 Matthaei
1414 2152 1520 2181 decimo
1539 2152 1619 2181 tertio
1631 2152 1668 2180 ¹⁵:
1690 2152 1747 2188 Qaz'
1767 2151 1849 2180 habet
1862 2160 1951 2180 aures
1966 2151 2108 2180 audiendi

1268 2199 1380 2226 audiat.
1397 2198 1523 2227 Christus
1541 2199 1612 2227 enim
1633 2198 1712 2227 docet
1733 2206 1782 2227 nos
1803 2207 1856 2226 non
1879 2201 1985 2226 tantum
2008 2198 2105 2231 verbo,

1268 2245 1314 2273 sed
1336 2245 1416 2273 etiam
1439 2240 1564 2281 exemplo
1576 2255 1583 2278 ;
1604 2248 1631 2273 et
1651 2245 1711 2273 ideo
1732 2254 1785 2273 non
1807 2248 1847 2273 est
1868 2244 2006 2281 perfectus
2033 2243 2107 2272 audi-

2122 766 2150 785 De
2161 767 2222 790 Moyse
2231 768 2249 785 et

2150 790 2213 808 Paulo.

432 2516 438 2528 ¹
457 2516 512 2544 Cap.
524 2516 545 2538 4.
558 2516 630 2538 Editio
642 2517 737 2541 August.
749 2512 891 2537 subsistendi
906 2518 948 2540 pro
965 2512 1065 2539 essendi,
1080 2516 1129 2540 post
1147 2513 1209 2541 quod

369 2555 444 2577 adiicit
463 2556 490 2577 et.
508 2556 567 2576 Ilaec
587 2553 701 2576 distinctio
718 2552 846 2580 Augustino
862 2555 884 2574 et
901 2552 1073 2573 Bonaveuturae
1096 2551 1211 2573 sainiliaris

369 2596 443 2615 sumta
468 2596 502 2614 est
526 2599 552 2615 ex
575 2593 673 2614 Platone.
695 2592 757 2619 Quae
782 2594 909 2619 sequuntur
934 2590 1072 2617 respondent
1097 2590 1163 2612 dictis
1188 2590 1209 2611 in

370 2632 461 2660 Quaest.
478 2632 538 2658 disp.
555 2631 584 2652 de
600 2629 692 2652 scientia
709 2628 804 2655 Christi,
821 2636 843 2657 q.
861 2628 881 2650 4.

431 2668 440 2682 ²
458 2670 585 2697 Respicitnr
603 2670 617 2690 l.
634 2668 684 2691 Cor.
703 2668 743 2694 43,
762 2668 798 2689 42.

431 2707 441 2720 ⁸
458 2708 555 2736 Aristot„
573 2709 588 2730 1.
605 2708 688 2729 Foster.
707 2713 726 2728 c.
745 2707 781 2729 Μ.
800 2707 829 2733 (c.
846 2706 901 2733 ts).

432 2746 441 2759 ⁴
458 2746 517 2769 Libr.
535 2747 559 2768 11.
577 2747 662 2768 Foster.
679 2752 698 2767 c.
712 2746 749 2767 48.
767 2745 796 2772 (c.
814 2745 872 2772 r1572),
890 2747 911 2766 ct
924 2745 938 2766 l.
951 2745 1078 2772 {llcta1›l1.e.
1095 2745 1113 2766 l.
1125 2744 1169 2766 Csr.
1181 2745 1210 2766 (le

370 2788 458 2814 septem
477 2785 547 2807 Donis
564 2784 662 2811 Spiritus
679 2784 701 2805 S.
719 2783 792 2805 collat.
809 2783 830 2804 8.
847 2789 869 2804 n.
889 2782 924 2804 11.

432 2823 441 2836 ⁶
458 2824 503 2847 Csr.
521 2829 589 2851 supra
607 2828 660 2850 pag.
678 2822 735 2847 360,
752 2824 803 2842 nota
822 2822 843 2842 6.

431 2861 441 2875 ³
459 2863 490 2885 De
507 2861 556 2884 Civ.
574 2861 624 2888 Dei,
642 2859 679 2882 lib.
698 2860 751 2881 Vltl.
769 2865 819 2886 cap.
836 2859 857 2881 6.
874 2862 896 2881 et
914 2860 941 2880 83
960 2860 1002 2887 Qq.
1019 2867 1041 2888 q.
1060 2859 1096 2882 46.

432 2899 441 2913 ⁷
459 2901 524 2924 Vers.
541 2900 578 2922 22.
596 2899 706 2926 Vulgata:
724 2898 749 2919 Et
766 2897 868 2920 eruditus
881 2901 913 2919 est
926 2898 1013 2925 Moyses
1025 2898 1088 2920 omni
1100 2898 1210 2925 sapientia

370 2939 544 2968 Aegyptiorum.

1330 2510 1338 2522 Β
1356 2511 1423 2533 Exod.
1442 2511 1482 2539 25,
1501 2511 1536 2533 40.

1329 2549 1338 2561 '³
1357 2551 1420 2572 Vers.
1433 2550 1461 2571 6:
1477 2550 1615 2577 Sapientiam
1633 2551 1710 2571 autem
1728 2541 1842 2576 loquimur
1860 2547 1915 2568 inter
1932 2548 2051 2574 perfectos.
2067 2547 2106 2568 Su-

1267 2590 1344 2617 perius
1360 2588 1480 2616 respicitur
1498 2595 1520 2609 ν.
1538 2589 1563 2609 2:
1581 2588 1630 2609 Non
1646 2587 1705 2609 enim
1723 2586 1835 2612 iudicavi,
1852 2591 1889 2607 me
1905 2585 1962 2607 scire
1979 2585 2063 2613 aliquid
2076 2585 2107 2607 in-

1268 2632 1300 2650 tcr
1318 2634 1370 2654 xos,
1388 2627 1430 2649 nisi
1448 2627 1520 2653 lesum
1538 2625 1653 2649 Christum
1670 2628 1692 2648 et
1708 2626 1768 2646 hunc
1786 2624 1926 2646 crucifixum.

1330 2665 1348 2678 ¹⁰
1366 2666 1430 2688 Vers.
1448 2666 1470 2687 2.

1330 2704 1347 2717 ¹¹
1367 2706 1431 2727 Vers.
1448 2705 1470 2726 8.

1330 2742 1347 2755 ¹²
1366 2744 1431 2765 Vers.
1446 2743 1482 2764 13.
1499 2742 1562 2764 Alius
1579 2742 1642 2763 locus
1658 2743 1691 2763 est
1707 2747 1728 2762 v.
1745 2740 1783 2762 tt:
1795 2740 1905 2762 Dominus
1920 2742 1942 2761 et
1955 2739 2073 2767 magister;
2085 2742 2104 2760 et

1267 2789 1309 2804 vos
1327 2781 1414 2804 debetis
1431 2781 1485 2802 alter
1502 2780 1593 2802 alterius
1610 2780 1686 2801 lavaro
1703 2779 1786 2806 pedes;
1805 2785 1826 2800 v.
1845 2779 1885 2800 115:
1902 2778 2034 2805 Exemplum
2045 2778 2104 2799 enim

1267 2821 1319 2843 dedi
1338 2820 1415 2846 vobis,
1430 2822 1453 2841 ut
1469 2818 1666 2847 quemadmodum
1683 2823 1726 2845 ego
1739 2817 1780 2839 feci
1792 2816 1869 2842 vobis,
1883 2817 1911 2838 ita
1923 2819 1944 2838 et
1956 2823 1998 2839 vos
2013 2816 2106 2838 faciatis.

1331 2857 1349 2870 ¹¹³
1368 2858 1432 2880 Vers.
1450 2857 1486 2879 27.

1330 2896 1349 2909 ¹⁴
1367 2897 1431 2918 Vers.
1449 2895 1470 2918 4.
1488 2895 1583 2922 Vulgata
1601 2895 1682 2917 omittit
1698 2900 1752 2917 eam
1769 2896 1820 2921 post
1837 2895 1862 2916 ut
1879 2892 1984 2916 audiam.

1331 2933 1349 2946 ¹⁵
1366 2934 1432 2956 Vers.
1450 2933 1487 2958 43.
1503 2932 1547 2956 Ctr.
1563 2933 1593 2955 de
1609 2933 1692 2956 Decem
1705 2932 1844 2960 Praeceptis,
1856 2932 1929 2954 collat.
1942 2931 1961 2953 1,
1973 2937 1994 2952 11.
2008 2931 2029 2952 8.
2041 2936 2105 2958 seqq.
