<?xml version="1.0" encoding="UTF-8"?>
<!DOCTYPE html PUBLIC "-//W3C//DTD XHTML 1.0 Transitional//EN"
    "http://www.w3.org/TR/xhtml1/DTD/xhtml1-transitional.dtd">
<html xmlns="http://www.w3.org/1999/xhtml" xml:lang="en" lang="en">
 <head>
  <title>
</title>
<meta http-equiv="Content-Type" content="text/html;charset=utf-8" />
  <meta name='ocr-system' content='tesseract 3.04.00' />
  <meta name='ocr-capabilities' content='ocr_page ocr_carea ocr_par ocr_line ocrx_word'/>
</head>
<body>
  <div class='ocr_page' id='page_1' title='image "./doctorisseraphic05bona_0356.png"; bbox 0 0 2285 3398; ppageno 0'>
   <div class='ocr_carea' id='block_1_1' title="bbox 211 504 306 523">
    <p class='ocr_par' dir='ltr' id='par_1_1' title="bbox 211 504 306 523">
     <span class='ocr_line' id='line_1_1' title="bbox 211 504 306 523; baseline -0.011 0"><span class='ocrx_word' id='word_1_1' title='bbox 211 504 276 523; x_wconf 82' lang='lat' dir='ltr'>Thesis</span> <span class='ocrx_word' id='word_1_2' title='bbox 290 504 306 522; x_wconf 83' lang='grc'>3.</span> 
     </span>
    </p>
   </div>
   <div class='ocr_carea' id='block_1_2' title="bbox 211 599 276 618">
    <p class='ocr_par' dir='ltr' id='par_1_2' title="bbox 211 599 276 618">
     <span class='ocr_line' id='line_1_2' title="bbox 211 599 276 618; baseline -0.015 0"><span class='ocrx_word' id='word_1_3' title='bbox 211 599 276 618; x_wconf 73' lang='lat' dir='ltr'>&#39;rhesis</span> 
     </span>
    </p>
   </div>
   <div class='ocr_carea' id='block_1_3' title="bbox 180 880 308 946">
    <p class='ocr_par' dir='ltr' id='par_1_3' title="bbox 180 880 308 946">
     <span class='ocr_line' id='line_1_3' title="bbox 245 880 308 898; baseline 0 0"><span class='ocrx_word' id='word_1_4' title='bbox 245 880 308 898; x_wconf 82' lang='lat' dir='ltr'>Ratio.</span> 
     </span>
     <span class='ocr_line' id='line_1_4' title="bbox 180 927 307 946; baseline -0.008 0"><span class='ocrx_word' id='word_1_5' title='bbox 180 928 216 946; x_wconf 81' lang='lat' dir='ltr'>Pro</span> <span class='ocrx_word' id='word_1_6' title='bbox 230 927 277 946; x_wconf 78' lang='lat' dir='ltr'>thesi</span> <span class='ocrx_word' id='word_1_7' title='bbox 291 927 307 945; x_wconf 83' lang='lat'>1.</span> 
     </span>
    </p>
   </div>
   <div class='ocr_carea' id='block_1_4' title="bbox 181 1210 311 1276">
    <p class='ocr_par' dir='ltr' id='par_1_4' title="bbox 181 1210 311 1276">
     <span class='ocr_line' id='line_1_5' title="bbox 181 1210 310 1236; baseline -0.008 -7"><span class='ocrx_word' id='word_1_8' title='bbox 181 1211 256 1234; x_wconf 79' lang='lat' dir='ltr'>Triplex</span> <span class='ocrx_word' id='word_1_9' title='bbox 263 1234 265 1236; x_wconf 34' lang='grc' dir='ltr'>Ι</span> <span class='ocrx_word' id='word_1_10' title='bbox 272 1210 310 1229; x_wconf 78' lang='lat' dir='ltr'>exi-</span> 
     </span>
     <span class='ocr_line' id='line_1_6' title="bbox 217 1235 311 1257; baseline 0 -5"><span class='ocrx_word' id='word_1_11' title='bbox 217 1236 279 1257; x_wconf 71' lang='lat' dir='ltr'>gentia</span> <span class='ocrx_word' id='word_1_12' title='bbox 292 1235 311 1252; x_wconf 80' lang='lat' dir='ltr'>et</span> 
     </span>
     <span class='ocr_line' id='line_1_7' title="bbox 217 1258 289 1276; baseline -0.014 0"><span class='ocrx_word' id='word_1_13' title='bbox 217 1258 258 1276; x_wconf 85' lang='lat' dir='ltr'>mod</span> <span class='ocrx_word' id='word_1_14' title='bbox 262 1263 289 1276; x_wconf 72' lang='lat' dir='ltr'>us.</span> 
     </span>
    </p>
   </div>
   <div class='ocr_carea' id='block_1_5' title="bbox 180 1681 309 1723">
    <p class='ocr_par' dir='ltr' id='par_1_5' title="bbox 180 1681 309 1723">
     <span class='ocr_line' id='line_1_8' title="bbox 180 1681 309 1700; baseline 0 0"><span class='ocrx_word' id='word_1_15' title='bbox 180 1681 269 1700; x_wconf 84' lang='lat' dir='ltr'>Definitio</span> <span class='ocrx_word' id='word_1_16' title='bbox 280 1687 309 1700; x_wconf 83' lang='lat' dir='ltr'>er-</span> 
     </span>
     <span class='ocr_line' id='line_1_9' title="bbox 216 1705 272 1723; baseline 0 0"><span class='ocrx_word' id='word_1_17' title='bbox 216 1705 272 1723; x_wconf 80' lang='lat' dir='ltr'>dinis.</span> 
     </span>
    </p>
   </div>
   <div class='ocr_carea' id='block_1_6' title="bbox 181 1963 310 2034">
    <p class='ocr_par' dir='ltr' id='par_1_6' title="bbox 181 1963 310 2034">
     <span class='ocr_line' id='line_1_10' title="bbox 181 1963 309 1983; baseline -0.008 -1"><span class='ocrx_word' id='word_1_18' title='bbox 181 1964 218 1983; x_wconf 86' lang='lat' dir='ltr'>Pro</span> <span class='ocrx_word' id='word_1_19' title='bbox 231 1963 279 1983; x_wconf 78' lang='lat' dir='ltr'>thesi</span> <span class='ocrx_word' id='word_1_20' title='bbox 292 1963 309 1981; x_wconf 67' lang='grc' dir='ltr'>Ξ.</span> 
     </span>
     <span class='ocr_line' id='line_1_11' title="bbox 191 2011 310 2034; baseline 0 -5"><span class='ocrx_word' id='word_1_21' title='bbox 191 2011 310 2034; x_wconf 75' lang='lat' dir='ltr'>Signaculum</span> 
     </span>
    </p>
   </div>
   <div class='ocr_carea' id='block_1_7' title="bbox 182 2034 317 2077">
    <p class='ocr_par' dir='ltr' id='par_1_7' title="bbox 182 2034 317 2077">
     <span class='ocr_line' id='line_1_12' title="bbox 182 2034 317 2053; baseline -0.007 0"><span class='ocrx_word' id='word_1_22' title='bbox 182 2034 317 2053; x_wconf 80' lang='lat' dir='ltr'>distinctivum.</span> 
     </span>
     <span class='ocr_line' id='line_1_13' title="bbox 219 2058 310 2077; baseline -0.011 0"><span class='ocrx_word' id='word_1_23' title='bbox 219 2058 310 2077; x_wconf 76' lang='lat' dir='ltr'>Tonsura-</span> 
     </span>
    </p>
   </div>
   <div class='ocr_carea' id='block_1_8' title="bbox 204 2341 313 2360">
    <p class='ocr_par' dir='ltr' id='par_1_8' title="bbox 204 2341 313 2360">
     <span class='ocr_line' id='line_1_14' title="bbox 204 2341 313 2360; baseline -0.009 0"><span class='ocrx_word' id='word_1_24' title='bbox 204 2341 313 2360; x_wconf 66' lang='lat' dir='ltr'>psalmista—</span> 
     </span>
    </p>
   </div>
   <div class='ocr_carea' id='block_1_9' title="bbox 323 138 379 165">
    <p class='ocr_par' dir='ltr' id='par_1_9' title="bbox 323 138 379 165">
     <span class='ocr_line' id='line_1_15' title="bbox 323 138 379 165; baseline -0.018 0"><span class='ocrx_word' id='word_1_25' title='bbox 323 138 379 165; x_wconf 56' lang='lat'>2278</span> 
     </span>
    </p>
   </div>
   <div class='ocr_carea' id='block_1_10' title="bbox 291 214 1171 997">
    <p class='ocr_par' dir='ltr' id='par_1_10' title="bbox 291 214 1168 818">
     <span class='ocr_line' id='line_1_16' title="bbox 322 214 1166 250; baseline 0.001 -9"><span class='ocrx_word' id='word_1_26' title='bbox 322 214 389 243; x_wconf 86' lang='lat' dir='ltr'>ordo</span> <span class='ocrx_word' id='word_1_27' title='bbox 405 215 439 243; x_wconf 87' lang='lat' dir='ltr'>sit</span> <span class='ocrx_word' id='word_1_28' title='bbox 457 222 547 242; x_wconf 73' lang='lat' dir='ltr'>lotumv</span> <span class='ocrx_word' id='word_1_29' title='bbox 561 214 594 242; x_wconf 91' lang='lat' dir='ltr'>de</span> <span class='ocrx_word' id='word_1_30' title='bbox 610 218 712 250; x_wconf 81' lang='lat' dir='ltr'>septeni</span> <span class='ocrx_word' id='word_1_31' title='bbox 728 214 926 247; x_wconf 78' lang='lat' dir='ltr'>Sacrainentis,</span> <span class='ocrx_word' id='word_1_32' title='bbox 947 214 1113 250; x_wconf 87' lang='lat' dir='ltr'>septiformis</span> <span class='ocrx_word' id='word_1_33' title='bbox 1130 217 1166 242; x_wconf 88' lang='lat' dir='ltr'>ta-</span> 
     </span>
     <span class='ocr_line' id='line_1_17' title="bbox 323 260 1166 298; baseline -0.004 -7"><span class='ocrx_word' id='word_1_34' title='bbox 323 270 384 291; x_wconf 80' lang='lat' dir='ltr'>men</span> <span class='ocrx_word' id='word_1_35' title='bbox 404 265 445 290; x_wconf 80' lang='lat' dir='ltr'>est</span> <span class='ocrx_word' id='word_1_36' title='bbox 465 261 569 290; x_wconf 84' lang='lat' dir='ltr'>ordinis</span> <span class='ocrx_word' id='word_1_37' title='bbox 590 260 700 298; x_wconf 70' lang='lat' dir='ltr'>gradus.</span> <span class='ocrx_word' id='word_1_38' title='bbox 722 260 830 289; x_wconf 81' lang='lat' dir='ltr'>Primus</span> <span class='ocrx_word' id='word_1_39' title='bbox 851 263 892 289; x_wconf 85' lang='lat' dir='ltr'>est</span> <span class='ocrx_word' id='word_1_40' title='bbox 913 261 940 289; x_wconf 94' lang='lat' dir='ltr'>in</span> <span class='ocrx_word' id='word_1_41' title='bbox 962 261 1102 295; x_wconf 78' lang='lat' dir='ltr'>ostiariis,</span> <span class='ocrx_word' id='word_1_42' title='bbox 1125 268 1166 289; x_wconf 88' lang='lat' dir='ltr'>se-</span> 
     </span>
     <span class='ocr_line' id='line_1_18' title="bbox 324 306 1167 344; baseline -0.002 -7"><span class='ocrx_word' id='word_1_43' title='bbox 324 309 431 337; x_wconf 79' lang='lat' dir='ltr'>cundus</span> <span class='ocrx_word' id='word_1_44' title='bbox 453 308 480 336; x_wconf 95' lang='lat' dir='ltr'>in</span> <span class='ocrx_word' id='word_1_45' title='bbox 503 307 670 342; x_wconf 80' lang='lat' dir='ltr'>lectoribus,</span> <span class='ocrx_word' id='word_1_46' title='bbox 693 306 792 336; x_wconf 85' lang='lat' dir='ltr'>tertius</span> <span class='ocrx_word' id='word_1_47' title='bbox 812 307 840 335; x_wconf 92' lang='lat' dir='ltr'>in</span> <span class='ocrx_word' id='word_1_48' title='bbox 861 307 1027 341; x_wconf 68' lang='lat' dir='ltr'>exorcistis,</span> <span class='ocrx_word' id='word_1_49' title='bbox 1049 309 1167 344; x_wconf 86' lang='lat' dir='ltr'>quartus</span> 
     </span>
     <span class='ocr_line' id='line_1_19' title="bbox 324 354 1166 393; baseline -0.004 -9"><span class='ocrx_word' id='word_1_50' title='bbox 324 356 348 384; x_wconf 90' lang='grc'>111</span> <span class='ocrx_word' id='word_1_51' title='bbox 372 354 522 393; x_wconf 69' lang='lat' dir='ltr'>(tcolytltis,</span> <span class='ocrx_word' id='word_1_52' title='bbox 545 354 659 391; x_wconf 88' lang='lat' dir='ltr'>quintus</span> <span class='ocrx_word' id='word_1_53' title='bbox 678 354 705 382; x_wconf 93' lang='lat' dir='ltr'>in</span> <span class='ocrx_word' id='word_1_54' title='bbox 719 354 916 388; x_wconf 68' lang='lat' dir='ltr'>subdiaconis,</span> <span class='ocrx_word' id='word_1_55' title='bbox 936 357 1033 383; x_wconf 85' lang='lat' dir='ltr'>sextus</span> <span class='ocrx_word' id='word_1_56' title='bbox 1054 354 1081 382; x_wconf 93' lang='lat' dir='ltr'>in</span> <span class='ocrx_word' id='word_1_57' title='bbox 1102 354 1166 381; x_wconf 82' lang='lat' dir='ltr'>‹liu-</span> 
     </span>
     <span class='ocr_line' id='line_1_20' title="bbox 322 401 1166 441; baseline -0.005 -9"><span class='ocrx_word' id='word_1_58' title='bbox 322 404 411 437; x_wconf 77' lang='lat' dir='ltr'>conis,</span> <span class='ocrx_word' id='word_1_59' title='bbox 434 403 567 440; x_wconf 87' lang='lat' dir='ltr'>septimus</span> <span class='ocrx_word' id='word_1_60' title='bbox 589 402 615 431; x_wconf 91' lang='lat' dir='ltr'>in</span> <span class='ocrx_word' id='word_1_61' title='bbox 634 401 818 441; x_wconf 70' lang='lat' dir='ltr'>presbyteris.</span> <span class='ocrx_word' id='word_1_62' title='bbox 842 402 886 431; x_wconf 87' lang='lat' dir='ltr'>His</span> <span class='ocrx_word' id='word_1_63' title='bbox 907 405 999 431; x_wconf 89' lang='lat' dir='ltr'>autem</span> <span class='ocrx_word' id='word_1_64' title='bbox 1021 401 1098 438; x_wconf 87' lang='lat' dir='ltr'>qnasi</span> <span class='ocrx_word' id='word_1_65' title='bbox 1118 408 1166 437; x_wconf 81' lang='lat' dir='ltr'>per</span> 
     </span>
     <span class='ocr_line' id='line_1_21' title="bbox 321 447 1167 487; baseline -0.004 -9"><span class='ocrx_word' id='word_1_66' title='bbox 321 451 431 479; x_wconf 86' lang='lat' dir='ltr'>modum</span> <span class='ocrx_word' id='word_1_67' title='bbox 454 450 597 479; x_wconf 84' lang='lat' dir='ltr'>cuiusdam</span> <span class='ocrx_word' id='word_1_68' title='bbox 619 451 817 487; x_wconf 79' lang='lat' dir='ltr'>praeparatorii</span> <span class='ocrx_word' id='word_1_69' title='bbox 839 450 1006 487; x_wconf 79' lang='lat' dir='ltr'>supponitur</span> <span class='ocrx_word' id='word_1_70' title='bbox 1025 447 1167 478; x_wconf 77' lang='lat' dir='ltr'>clericalis</span> 
     </span>
     <span class='ocr_line' id='line_1_22' title="bbox 322 497 1165 535; baseline -0.004 -9"><span class='ocrx_word' id='word_1_71' title='bbox 322 502 444 526; x_wconf 73' lang='lat' dir='ltr'>tonsura</span> <span class='ocrx_word' id='word_1_72' title='bbox 471 501 498 526; x_wconf 89' lang='lat' dir='ltr'>et</span> <span class='ocrx_word' id='word_1_73' title='bbox 519 497 600 526; x_wconf 89' lang='lat' dir='ltr'>etiam</span> <span class='ocrx_word' id='word_1_74' title='bbox 619 497 841 535; x_wconf 80' lang='lat' dir='ltr'>psalmistutus;</span> <span class='ocrx_word' id='word_1_75' title='bbox 862 506 912 535; x_wconf 91' lang='lat' dir='ltr'>per</span> <span class='ocrx_word' id='word_1_76' title='bbox 933 497 1045 526; x_wconf 88' lang='lat' dir='ltr'>modum</span> <span class='ocrx_word' id='word_1_77' title='bbox 1073 498 1165 524; x_wconf 90' lang='lat' dir='ltr'>autem</span> 
     </span>
     <span class='ocr_line' id='line_1_23' title="bbox 321 541 1167 582; baseline -0.005 -9"><span class='ocrx_word' id='word_1_78' title='bbox 321 545 511 581; x_wconf 78' lang='lat' dir='ltr'>complementi</span> <span class='ocrx_word' id='word_1_79' title='bbox 534 545 733 582; x_wconf 78' lang='lat' dir='ltr'>superponitur</span> <span class='ocrx_word' id='word_1_80' title='bbox 758 546 957 582; x_wconf 72' lang='lat' dir='ltr'>episcopatus,</span> <span class='ocrx_word' id='word_1_81' title='bbox 977 541 1167 581; x_wconf 77' lang='lat' dir='ltr'>patriarchu-</span> 
     </span>
     <span class='ocr_line' id='line_1_24' title="bbox 291 590 1168 629; baseline -0.005 -8"><span class='ocrx_word' id='word_1_82' title='bbox 291 598 306 616; x_wconf 62' lang='lat'>4.</span> <span class='ocrx_word' id='word_1_83' title='bbox 322 596 368 621; x_wconf 80' lang='lat' dir='ltr'>tus</span> <span class='ocrx_word' id='word_1_84' title='bbox 389 596 415 621; x_wconf 90' lang='lat' dir='ltr'>et</span> <span class='ocrx_word' id='word_1_85' title='bbox 437 592 518 621; x_wconf 88' lang='lat' dir='ltr'>etiam</span> <span class='ocrx_word' id='word_1_86' title='bbox 537 595 685 629; x_wconf 76' lang='lat' dir='ltr'>puputus;</span> <span class='ocrx_word' id='word_1_87' title='bbox 706 601 722 620; x_wconf 85' lang='lat' dir='ltr'>a</span> <span class='ocrx_word' id='word_1_88' title='bbox 743 592 846 628; x_wconf 88' lang='lat' dir='ltr'>quibus</span> <span class='ocrx_word' id='word_1_89' title='bbox 877 594 989 619; x_wconf 86' lang='lat' dir='ltr'>manant</span> <span class='ocrx_word' id='word_1_90' title='bbox 1010 590 1120 618; x_wconf 81' lang='lat' dir='ltr'>ordines</span> <span class='ocrx_word' id='word_1_91' title='bbox 1141 592 1168 617; x_wconf 90' lang='lat' dir='ltr'>et</span> 
     </span>
     <span class='ocr_line' id='line_1_25' title="bbox 320 638 1168 676; baseline -0.006 -8"><span class='ocrx_word' id='word_1_92' title='bbox 320 639 472 676; x_wconf 82' lang='lat' dir='ltr'>dispensari</span> <span class='ocrx_word' id='word_1_93' title='bbox 493 639 594 668; x_wconf 82' lang='lat' dir='ltr'>debent</span> <span class='ocrx_word' id='word_1_94' title='bbox 615 639 668 668; x_wconf 90' lang='lat' dir='ltr'>sub</span> <span class='ocrx_word' id='word_1_95' title='bbox 688 638 787 667; x_wconf 88' lang='lat' dir='ltr'>debitis</span> <span class='ocrx_word' id='word_1_96' title='bbox 816 638 916 674; x_wconf 80' lang='lat' dir='ltr'>signis,</span> <span class='ocrx_word' id='word_1_97' title='bbox 943 641 996 665; x_wconf 87' lang='lat' dir='ltr'>tam</span> <span class='ocrx_word' id='word_1_98' title='bbox 1026 645 1061 665; x_wconf 84' lang='lat' dir='ltr'>ex</span> <span class='ocrx_word' id='word_1_99' title='bbox 1090 639 1168 672; x_wconf 86' lang='lat' dir='ltr'>parte</span> 
     </span>
     <span class='ocr_line' id='line_1_26' title="bbox 322 682 1168 723; baseline -0.005 -9"><span class='ocrx_word' id='word_1_100' title='bbox 322 686 397 715; x_wconf 89' lang='lat' dir='ltr'>visus</span> <span class='ocrx_word' id='word_1_101' title='bbox 418 694 502 723; x_wconf 88' lang='lat' dir='ltr'>quam</span> <span class='ocrx_word' id='word_1_102' title='bbox 523 694 559 714; x_wconf 88' lang='lat' dir='ltr'>ex</span> <span class='ocrx_word' id='word_1_103' title='bbox 581 688 659 722; x_wconf 86' lang='lat' dir='ltr'>parte</span> <span class='ocrx_word' id='word_1_104' title='bbox 680 685 807 719; x_wconf 89' lang='lat' dir='ltr'>auditus,</span> <span class='ocrx_word' id='word_1_105' title='bbox 830 684 1001 713; x_wconf 79' lang='lat' dir='ltr'>solemnitate</span> <span class='ocrx_word' id='word_1_106' title='bbox 1015 683 1107 712; x_wconf 86' lang='lat' dir='ltr'>debita</span> <span class='ocrx_word' id='word_1_107' title='bbox 1127 682 1168 710; x_wconf 94' lang='lat' dir='ltr'>ni-</span> 
     </span>
     <span class='ocr_line' id='line_1_27' title="bbox 322 726 1167 769; baseline -0.005 -8"><span class='ocrx_word' id='word_1_108' title='bbox 322 733 471 761; x_wconf 88' lang='lat' dir='ltr'>hilominus</span> <span class='ocrx_word' id='word_1_109' title='bbox 501 733 648 761; x_wconf 87' lang='lat' dir='ltr'>observata</span> <span class='ocrx_word' id='word_1_110' title='bbox 678 735 813 769; x_wconf 86' lang='lat' dir='ltr'>quantuni</span> <span class='ocrx_word' id='word_1_111' title='bbox 843 730 876 759; x_wconf 89' lang='lat' dir='ltr'>ad</span> <span class='ocrx_word' id='word_1_112' title='bbox 907 726 1034 767; x_wconf 78' lang='lat' dir='ltr'>teinpus,</span> <span class='ocrx_word' id='word_1_113' title='bbox 1056 730 1167 763; x_wconf 78' lang='lat' dir='ltr'>iocum,</span> 
     </span>
     <span class='ocr_line' id='line_1_28' title="bbox 321 779 681 818; baseline -0.006 -10"><span class='ocrx_word' id='word_1_114' title='bbox 321 779 449 818; x_wconf 80' lang='lat' dir='ltr'>officium</span> <span class='ocrx_word' id='word_1_115' title='bbox 470 782 497 808; x_wconf 90' lang='lat' dir='ltr'>et</span> <span class='ocrx_word' id='word_1_116' title='bbox 515 787 681 816; x_wconf 73' lang='lat' dir='ltr'>personam.</span> 
     </span>
    </p>

    <p class='ocr_par' dir='ltr' id='par_1_11' title="bbox 321 823 1171 997">
     <span class='ocr_line' id='line_1_29' title="bbox 400 823 1170 861; baseline -0.005 -6"><span class='ocrx_word' id='word_1_117' title='bbox 400 826 476 855; x_wconf 81' lang='lat' dir='ltr'>Ratio</span> <span class='ocrx_word' id='word_1_118' title='bbox 496 829 590 854; x_wconf 88' lang='lat' dir='ltr'>autem</span> <span class='ocrx_word' id='word_1_119' title='bbox 610 825 645 854; x_wconf 86' lang='lat' dir='ltr'>ad</span> <span class='ocrx_word' id='word_1_120' title='bbox 659 824 867 861; x_wconf 71' lang='lat' dir='ltr'>intelligentiam</span> <span class='ocrx_word' id='word_1_121' title='bbox 881 823 1087 861; x_wconf 86' lang='lat' dir='ltr'>praedictorum</span> <span class='ocrx_word' id='word_1_122' title='bbox 1102 823 1170 851; x_wconf 76' lang='lat' dir='ltr'>llaec</span> 
     </span>
     <span class='ocr_line' id='line_1_30' title="bbox 322 870 1170 910; baseline -0.006 -8"><span class='ocrx_word' id='word_1_123' title='bbox 322 877 377 902; x_wconf 77' lang='lat' dir='ltr'>est:</span> <span class='ocrx_word' id='word_1_124' title='bbox 410 873 476 910; x_wconf 89' lang='grc'><strong>(1010</strong></span> <span class='ocrx_word' id='word_1_125' title='bbox 506 872 673 910; x_wconf 89' lang='lat' dir='ltr'>principium</span> <span class='ocrx_word' id='word_1_126' title='bbox 705 874 832 900; x_wconf 80' lang='lat' dir='ltr'>nostruin</span> <span class='ocrx_word' id='word_1_127' title='bbox 868 870 1071 907; x_wconf 84' lang='lat' dir='ltr'>reparativum,</span> <span class='ocrx_word' id='word_1_128' title='bbox 1103 870 1170 898; x_wconf 88' lang='lat' dir='ltr'>Ver-</span> 
     </span>
     <span class='ocr_line' id='line_1_31' title="bbox 322 917 1171 956; baseline -0.005 -7"><span class='ocrx_word' id='word_1_129' title='bbox 322 921 388 949; x_wconf 86' lang='lat' dir='ltr'>bum</span> <span class='ocrx_word' id='word_1_130' title='bbox 410 920 513 949; x_wconf 85' lang='lat' dir='ltr'>scilicet</span> <span class='ocrx_word' id='word_1_131' title='bbox 534 920 723 953; x_wconf 87' lang='lat' dir='ltr'>incarnatum,</span> <span class='ocrx_word' id='word_1_132' title='bbox 745 919 810 956; x_wconf 84' lang='lat' dir='ltr'>quia</span> <span class='ocrx_word' id='word_1_133' title='bbox 832 921 863 947; x_wconf 89' lang='lat' dir='ltr'>ut</span> <span class='ocrx_word' id='word_1_134' title='bbox 884 918 958 946; x_wconf 88' lang='lat' dir='ltr'>Deus</span> <span class='ocrx_word' id='word_1_135' title='bbox 979 920 1006 946; x_wconf 91' lang='lat' dir='ltr'>et</span> <span class='ocrx_word' id='word_1_136' title='bbox 1026 917 1110 946; x_wconf 90' lang='lat' dir='ltr'>homo</span> <span class='ocrx_word' id='word_1_137' title='bbox 1124 917 1171 945; x_wconf 91' lang='lat' dir='ltr'>Sa-</span> 
     </span>
     <span class='ocr_line' id='line_1_32' title="bbox 321 964 1170 997; baseline -0.005 -1"><span class='ocrx_word' id='word_1_138' title='bbox 321 971 527 997; x_wconf 82' lang='lat' dir='ltr'>rramentorum</span> <span class='ocrx_word' id='word_1_139' title='bbox 548 967 746 996; x_wconf 85' lang='lat' dir='ltr'>medicamenta</span> <span class='ocrx_word' id='word_1_140' title='bbox 767 966 801 994; x_wconf 89' lang='lat' dir='ltr'>ad</span> <span class='ocrx_word' id='word_1_141' title='bbox 821 966 938 994; x_wconf 90' lang='lat' dir='ltr'>salutem</span> <span class='ocrx_word' id='word_1_142' title='bbox 964 964 1108 994; x_wconf 89' lang='lat' dir='ltr'>hominum</span> <span class='ocrx_word' id='word_1_143' title='bbox 1130 964 1170 993; x_wconf 91' lang='lat' dir='ltr'>in-</span> 
     </span>
    </p>
   </div>
   <div class='ocr_carea' id='block_1_11' title="bbox 322 1011 1192 1050">
    <p class='ocr_par' dir='ltr' id='par_1_12' title="bbox 322 1011 1192 1050">
     <span class='ocr_line' id='line_1_33' title="bbox 322 1011 1192 1050; baseline -0.005 -6"><span class='ocrx_word' id='word_1_144' title='bbox 322 1016 410 1044; x_wconf 76' lang='lat' dir='ltr'>stituit</span> <span class='ocrx_word' id='word_1_145' title='bbox 441 1015 590 1049; x_wconf 75' lang='lat' dir='ltr'>ordinate,</span> <span class='ocrx_word' id='word_1_146' title='bbox 623 1014 743 1043; x_wconf 80' lang='lat' dir='ltr'>discrete</span> <span class='ocrx_word' id='word_1_147' title='bbox 771 1016 797 1042; x_wconf 86' lang='lat' dir='ltr'>et</span> <span class='ocrx_word' id='word_1_148' title='bbox 822 1012 989 1050; x_wconf 78' lang='lat' dir='ltr'>potestative</span> <span class='ocrx_word' id='word_1_149' title='bbox 1017 1011 1192 1046; x_wconf 56' lang='lat' dir='ltr'>secundum,</span> 
     </span>
    </p>
   </div>
   <div class='ocr_carea' id='block_1_12' title="bbox 321 1058 1171 1804">
    <p class='ocr_par' dir='ltr' id='par_1_13' title="bbox 321 1058 1171 1804">
     <span class='ocr_line' id='line_1_34' title="bbox 322 1058 1170 1099; baseline -0.006 -8"><span class='ocrx_word' id='word_1_150' title='bbox 322 1062 489 1099; x_wconf 69' lang='lat' dir='ltr'>exigentiam</span> <span class='ocrx_word' id='word_1_151' title='bbox 511 1069 577 1090; x_wconf 88' lang='lat' dir='ltr'>suae</span> <span class='ocrx_word' id='word_1_152' title='bbox 599 1060 743 1094; x_wconf 89' lang='lat' dir='ltr'>bonitatis,</span> <span class='ocrx_word' id='word_1_153' title='bbox 759 1059 908 1097; x_wconf 83' lang='lat' dir='ltr'>sapientiae</span> <span class='ocrx_word' id='word_1_154' title='bbox 922 1062 949 1088; x_wconf 91' lang='lat' dir='ltr'>et</span> <span class='ocrx_word' id='word_1_155' title='bbox 964 1058 1090 1093; x_wconf 85' lang='lat' dir='ltr'>virtutis;</span> <span class='ocrx_word' id='word_1_156' title='bbox 1106 1058 1170 1087; x_wconf 91' lang='lat' dir='ltr'>hinc</span> 
     </span>
     <span class='ocr_line' id='line_1_35' title="bbox 322 1105 1170 1147; baseline -0.005 -9"><span class='ocrx_word' id='word_1_157' title='bbox 322 1114 377 1144; x_wconf 88' lang='lat' dir='ltr'>est,</span> <span class='ocrx_word' id='word_1_158' title='bbox 399 1109 473 1147; x_wconf 85' lang='lat' dir='ltr'>quod</span> <span class='ocrx_word' id='word_1_159' title='bbox 494 1109 553 1146; x_wconf 87' lang='lat' dir='ltr'>ipsa</span> <span class='ocrx_word' id='word_1_160' title='bbox 574 1108 773 1137; x_wconf 85' lang='lat' dir='ltr'>medicamenta</span> <span class='ocrx_word' id='word_1_161' title='bbox 794 1108 1035 1136; x_wconf 78' lang='lat' dir='ltr'>sacramentorum</span> <span class='ocrx_word' id='word_1_162' title='bbox 1056 1105 1170 1135; x_wconf 66' lang='lat' dir='ltr'>commi—</span> 
     </span>
     <span class='ocr_line' id='line_1_36' title="bbox 322 1153 1170 1192; baseline -0.005 -6"><span class='ocrx_word' id='word_1_163' title='bbox 322 1158 357 1186; x_wconf 89' lang='lat' dir='ltr'>sit</span> <span class='ocrx_word' id='word_1_164' title='bbox 378 1156 538 1185; x_wconf 89' lang='lat' dir='ltr'>hominibus</span> <span class='ocrx_word' id='word_1_165' title='bbox 558 1155 741 1192; x_wconf 88' lang='lat' dir='ltr'>dispensanda</span> <span class='ocrx_word' id='word_1_166' title='bbox 768 1163 823 1183; x_wconf 90' lang='lat' dir='ltr'>non</span> <span class='ocrx_word' id='word_1_167' title='bbox 844 1153 1098 1191; x_wconf 78' lang='lat' dir='ltr'>qualitercumque,</span> <span class='ocrx_word' id='word_1_168' title='bbox 1124 1153 1170 1182; x_wconf 90' lang='lat' dir='ltr'>sed</span> 
     </span>
     <span class='ocr_line' id='line_1_37' title="bbox 323 1200 1168 1239; baseline -0.004 -7"><span class='ocrx_word' id='word_1_169' title='bbox 323 1212 355 1232; x_wconf 89' lang='lat' dir='ltr'>eo</span> <span class='ocrx_word' id='word_1_170' title='bbox 376 1203 472 1237; x_wconf 86' lang='lat' dir='ltr'>niodo,</span> <span class='ocrx_word' id='word_1_171' title='bbox 494 1211 550 1239; x_wconf 90' lang='grc'><strong>(100</strong></span> <span class='ocrx_word' id='word_1_172' title='bbox 571 1202 700 1239; x_wconf 80' lang='lat' dir='ltr'>exigebat</span> <span class='ocrx_word' id='word_1_173' title='bbox 721 1201 809 1235; x_wconf 79' lang='lat' dir='ltr'>orde,</span> <span class='ocrx_word' id='word_1_174' title='bbox 828 1200 962 1230; x_wconf 79' lang='lat' dir='ltr'>discretio</span> <span class='ocrx_word' id='word_1_175' title='bbox 983 1203 1010 1230; x_wconf 90' lang='lat' dir='ltr'>et</span> <span class='ocrx_word' id='word_1_176' title='bbox 1034 1204 1168 1239; x_wconf 82' lang='lat' dir='ltr'>potestas.</span> 
     </span>
     <span class='ocr_line' id='line_1_38' title="bbox 323 1249 1170 1291; baseline -0.001 -12"><span class='ocrx_word' id='word_1_177' title='bbox 323 1251 453 1288; x_wconf 86' lang='lat' dir='ltr'>Oportuit</span> <span class='ocrx_word' id='word_1_178' title='bbox 473 1259 555 1291; x_wconf 78' lang='lat' dir='ltr'>ergo,</span> <span class='ocrx_word' id='word_1_179' title='bbox 577 1250 683 1287; x_wconf 86' lang='lat' dir='ltr'>aliquas</span> <span class='ocrx_word' id='word_1_180' title='bbox 714 1257 845 1287; x_wconf 81' lang='lat' dir='ltr'>personas</span> <span class='ocrx_word' id='word_1_181' title='bbox 876 1249 909 1278; x_wconf 85' lang='lat' dir='ltr'>ad</span> <span class='ocrx_word' id='word_1_182' title='bbox 931 1249 1088 1278; x_wconf 89' lang='lat' dir='ltr'>huiusmodi</span> <span class='ocrx_word' id='word_1_183' title='bbox 1110 1249 1170 1278; x_wconf 86' lang='lat' dir='ltr'>ossi-</span> 
     </span>
     <span class='ocr_line' id='line_1_39' title="bbox 323 1296 1170 1334; baseline -0.002 -8"><span class='ocrx_word' id='word_1_184' title='bbox 323 1298 397 1326; x_wconf 81' lang='lat' dir='ltr'>cinm</span> <span class='ocrx_word' id='word_1_185' title='bbox 428 1297 637 1334; x_wconf 84' lang='lat' dir='ltr'>exsequendum</span> <span class='ocrx_word' id='word_1_186' title='bbox 668 1297 798 1333; x_wconf 80' lang='lat' dir='ltr'>distingui</span> <span class='ocrx_word' id='word_1_187' title='bbox 830 1299 857 1325; x_wconf 87' lang='lat' dir='ltr'>et</span> <span class='ocrx_word' id='word_1_188' title='bbox 887 1296 1042 1333; x_wconf 74' lang='lat' dir='ltr'>segregari,</span> <span class='ocrx_word' id='word_1_189' title='bbox 1067 1296 1170 1333; x_wconf 88' lang='lat' dir='ltr'>quibus</span> 
     </span>
     <span class='ocr_line' id='line_1_40' title="bbox 323 1343 1169 1381; baseline -0.002 -8"><span class='ocrx_word' id='word_1_190' title='bbox 323 1345 463 1373; x_wconf 90' lang='lat' dir='ltr'>ordinario</span> <span class='ocrx_word' id='word_1_191' title='bbox 484 1345 545 1373; x_wconf 85' lang='lat' dir='ltr'>iure</span> <span class='ocrx_word' id='word_1_192' title='bbox 566 1347 686 1381; x_wconf 85' lang='lat' dir='ltr'>potestas</span> <span class='ocrx_word' id='word_1_193' title='bbox 707 1343 865 1372; x_wconf 86' lang='lat' dir='ltr'>huiusmodi</span> <span class='ocrx_word' id='word_1_194' title='bbox 887 1343 1116 1372; x_wconf 85' lang='lat' dir='ltr'>committeretur.</span> <span class='ocrx_word' id='word_1_195' title='bbox 1133 1359 1169 1364; x_wconf 92' lang='lat'>--</span> 
     </span>
     <span class='ocr_line' id='line_1_41' title="bbox 325 1390 1169 1430; baseline -0.005 -8"><span class='ocrx_word' id='word_1_196' title='bbox 325 1393 354 1421; x_wconf 83' lang='lat' dir='ltr'>Et</span> <span class='ocrx_word' id='word_1_197' title='bbox 375 1393 441 1430; x_wconf 87' lang='lat' dir='ltr'>quia</span> <span class='ocrx_word' id='word_1_198' title='bbox 472 1391 631 1421; x_wconf 88' lang='lat' dir='ltr'>huiusmodi</span> <span class='ocrx_word' id='word_1_199' title='bbox 662 1391 804 1427; x_wconf 84' lang='lat' dir='ltr'>discretio&#39;</span> <span class='ocrx_word' id='word_1_200' title='bbox 822 1398 876 1419; x_wconf 93' lang='lat' dir='ltr'>non</span> <span class='ocrx_word' id='word_1_201' title='bbox 904 1390 1000 1419; x_wconf 89' lang='lat' dir='ltr'>debuit</span> <span class='ocrx_word' id='word_1_202' title='bbox 1030 1390 1090 1419; x_wconf 86' lang='lat' dir='ltr'>fieri</span> <span class='ocrx_word' id='word_1_203' title='bbox 1118 1390 1169 1419; x_wconf 90' lang='lat' dir='ltr'>nisi</span> 
     </span>
     <span class='ocr_line' id='line_1_42' title="bbox 322 1437 1170 1477; baseline -0.006 -8"><span class='ocrx_word' id='word_1_204' title='bbox 322 1448 371 1477; x_wconf 88' lang='lat' dir='ltr'>per</span> <span class='ocrx_word' id='word_1_205' title='bbox 394 1440 470 1477; x_wconf 84' lang='lat' dir='ltr'>signa</span> <span class='ocrx_word' id='word_1_206' title='bbox 498 1447 592 1472; x_wconf 83' lang='lat' dir='ltr'>sacra,</span> <span class='ocrx_word' id='word_1_207' title='bbox 615 1437 770 1467; x_wconf 86' lang='lat' dir='ltr'>cuiusmodi</span> <span class='ocrx_word' id='word_1_208' title='bbox 801 1439 867 1466; x_wconf 88' lang='lat' dir='ltr'>sunt</span> <span class='ocrx_word' id='word_1_209' title='bbox 887 1438 1080 1471; x_wconf 54' lang='lat' dir='ltr'>saci-ameum</span> <span class='ocrx_word' id='word_1_210' title='bbox 1106 1437 1170 1469; x_wconf 83' lang='lat' dir='ltr'>hinc</span> 
     </span>
     <span class='ocr_line' id='line_1_43' title="bbox 321 1484 1171 1524; baseline -0.006 -8"><span class='ocrx_word' id='word_1_211' title='bbox 321 1491 378 1522; x_wconf 77' lang='lat' dir='ltr'>est,</span> <span class='ocrx_word' id='word_1_212' title='bbox 400 1486 475 1524; x_wconf 83' lang='lat' dir='ltr'>quod</span> <span class='ocrx_word' id='word_1_213' title='bbox 502 1486 597 1515; x_wconf 85' lang='lat' dir='ltr'>debuit</span> <span class='ocrx_word' id='word_1_214' title='bbox 628 1493 687 1514; x_wconf 87' lang='lat' dir='ltr'>esse</span> <span class='ocrx_word' id='word_1_215' title='bbox 718 1484 828 1522; x_wconf 85' lang='lat' dir='ltr'>aliquod</span> <span class='ocrx_word' id='word_1_216' title='bbox 850 1485 1075 1518; x_wconf 84' lang='lat' dir='ltr'>Sacramentum,</span> <span class='ocrx_word' id='word_1_217' title='bbox 1096 1484 1171 1520; x_wconf 90' lang='lat' dir='ltr'>quod</span> 
     </span>
     <span class='ocr_line' id='line_1_44' title="bbox 321 1527 1171 1570; baseline -0.007 -6"><span class='ocrx_word' id='word_1_218' title='bbox 321 1538 393 1564; x_wconf 86' lang='lat' dir='ltr'>esset</span> <span class='ocrx_word' id='word_1_219' title='bbox 413 1542 524 1563; x_wconf 89' lang='lat' dir='ltr'>sacrum</span> <span class='ocrx_word' id='word_1_220' title='bbox 545 1532 717 1570; x_wconf 80' lang='lat' dir='ltr'>signaculum</span> <span class='ocrx_word' id='word_1_221' title='bbox 739 1527 957 1564; x_wconf 71' lang='lat' dir='ltr'>ordinativum,</span> <span class='ocrx_word' id='word_1_222' title='bbox 972 1530 1171 1559; x_wconf 81' lang='lat' dir='ltr'>distinctivum</span> 
     </span>
     <span class='ocr_line' id='line_1_45' title="bbox 322 1576 1171 1619; baseline -0.007 -8"><span class='ocrx_word' id='word_1_223' title='bbox 322 1585 348 1611; x_wconf 87' lang='lat' dir='ltr'>et</span> <span class='ocrx_word' id='word_1_224' title='bbox 366 1581 572 1619; x_wconf 76' lang='lat' dir='ltr'>potestativum</span> <span class='ocrx_word' id='word_1_225' title='bbox 602 1579 635 1608; x_wconf 90' lang='lat' dir='ltr'>ad</span> <span class='ocrx_word' id='word_1_226' title='bbox 667 1581 842 1608; x_wconf 80' lang='lat' dir='ltr'>Sacramenta</span> <span class='ocrx_word' id='word_1_227' title='bbox 873 1580 965 1607; x_wconf 88' lang='lat' dir='ltr'>cetera</span> <span class='ocrx_word' id='word_1_228' title='bbox 989 1576 1171 1614; x_wconf 86' lang='lat' dir='ltr'>dispensanda</span> 
     </span>
     <span class='ocr_line' id='line_1_46' title="bbox 322 1623 1171 1665; baseline -0.008 -7"><span class='ocrx_word' id='word_1_229' title='bbox 322 1629 404 1658; x_wconf 89' lang='lat' dir='ltr'>modo</span> <span class='ocrx_word' id='word_1_230' title='bbox 424 1629 604 1662; x_wconf 68' lang='lat' dir='ltr'>distinctim,</span> <span class='ocrx_word' id='word_1_231' title='bbox 620 1626 790 1665; x_wconf 75' lang='lat' dir='ltr'>potestativo</span> <span class='ocrx_word' id='word_1_232' title='bbox 811 1628 838 1655; x_wconf 90' lang='lat' dir='ltr'>et</span> <span class='ocrx_word' id='word_1_233' title='bbox 859 1624 1034 1654; x_wconf 78' lang='lat' dir='ltr'>ordincttivo.</span> <span class='ocrx_word' id='word_1_234' title='bbox 1058 1624 1089 1652; x_wconf 89' lang='lat' dir='ltr'>Et</span> <span class='ocrx_word' id='word_1_235' title='bbox 1110 1623 1171 1652; x_wconf 90' lang='lat' dir='ltr'>ideo</span> 
     </span>
     <span class='ocr_line' id='line_1_47' title="bbox 322 1670 1171 1711; baseline -0.007 -6"><span class='ocrx_word' id='word_1_236' title='bbox 322 1676 390 1705; x_wconf 88' lang='lat' dir='ltr'>ordo</span> <span class='ocrx_word' id='word_1_237' title='bbox 410 1676 541 1707; x_wconf 83' lang='lat' dir='ltr'>definitur</span> <span class='ocrx_word' id='word_1_238' title='bbox 567 1673 765 1711; x_wconf 70' lang='lat' dir='ltr'>«signaculum</span> <span class='ocrx_word' id='word_1_239' title='bbox 787 1672 941 1711; x_wconf 89' lang='lat' dir='ltr'>quoddam,</span> <span class='ocrx_word' id='word_1_240' title='bbox 964 1671 991 1700; x_wconf 94' lang='lat' dir='ltr'>in</span> <span class='ocrx_word' id='word_1_241' title='bbox 1013 1679 1069 1708; x_wconf 90' lang='lat' dir='ltr'>quo</span> <span class='ocrx_word' id='word_1_242' title='bbox 1090 1670 1171 1707; x_wconf 86' lang='lat' dir='ltr'>spiri-</span> 
     </span>
     <span class='ocr_line' id='line_1_48' title="bbox 324 1718 1171 1760; baseline -0.006 -9"><span class='ocrx_word' id='word_1_243' title='bbox 324 1723 404 1751; x_wconf 84' lang='lat' dir='ltr'>tualis</span> <span class='ocrx_word' id='word_1_244' title='bbox 424 1725 544 1760; x_wconf 76' lang='lat' dir='ltr'>potestas</span> <span class='ocrx_word' id='word_1_245' title='bbox 565 1721 684 1750; x_wconf 89' lang='lat' dir='ltr'>traditur</span> <span class='ocrx_word' id='word_1_246' title='bbox 705 1721 868 1755; x_wconf 78' lang='lat' dir='ltr'>ordinat0»;</span> <span class='ocrx_word' id='word_1_247' title='bbox 891 1719 929 1748; x_wconf 85' lang='grc'>110</span> <span class='ocrx_word' id='word_1_248' title='bbox 949 1718 1024 1756; x_wconf 86' lang='lat' dir='ltr'>quod</span> <span class='ocrx_word' id='word_1_249' title='bbox 1045 1718 1128 1748; x_wconf 90' lang='lat' dir='ltr'>simul</span> <span class='ocrx_word' id='word_1_250' title='bbox 1143 1718 1171 1746; x_wconf 90' lang='lat' dir='ltr'>in</span> 
     </span>
     <span class='ocr_line' id='line_1_49' title="bbox 322 1765 1171 1804; baseline -0.007 -5"><span class='ocrx_word' id='word_1_251' title='bbox 322 1771 382 1799; x_wconf 83' lang='lat' dir='ltr'>eins</span> <span class='ocrx_word' id='word_1_252' title='bbox 396 1769 580 1798; x_wconf 73' lang='lat' dir='ltr'>notificatione</span> <span class='ocrx_word' id='word_1_253' title='bbox 594 1768 763 1798; x_wconf 88' lang='lat' dir='ltr'>clauduntur</span> <span class='ocrx_word' id='word_1_254' title='bbox 779 1768 832 1796; x_wconf 91' lang='lat' dir='ltr'>tria</span> <span class='ocrx_word' id='word_1_255' title='bbox 846 1766 1001 1804; x_wconf 88' lang='lat' dir='ltr'>praedicta,</span> <span class='ocrx_word' id='word_1_256' title='bbox 1015 1774 1053 1795; x_wconf 84' lang='lat' dir='ltr'>ex</span> <span class='ocrx_word' id='word_1_257' title='bbox 1068 1765 1171 1803; x_wconf 89' lang='lat' dir='ltr'>quibus</span> 
     </span>
    </p>
   </div>
   <div class='ocr_carea' id='block_1_13' title="bbox 323 1813 1192 1854">
    <p class='ocr_par' dir='ltr' id='par_1_14' title="bbox 323 1813 1192 1854">
     <span class='ocr_line' id='line_1_50' title="bbox 323 1813 1192 1854; baseline -0.006 -9"><span class='ocrx_word' id='word_1_258' title='bbox 323 1817 411 1854; x_wconf 65' lang='lat' dir='ltr'>colligi</span> <span class='ocrx_word' id='word_1_259' title='bbox 434 1819 549 1853; x_wconf 84' lang='lat' dir='ltr'>possunt</span> <span class='ocrx_word' id='word_1_260' title='bbox 570 1816 598 1844; x_wconf 94' lang='lat' dir='ltr'>in</span> <span class='ocrx_word' id='word_1_261' title='bbox 626 1823 750 1849; x_wconf 86' lang='lat' dir='ltr'>summa,</span> <span class='ocrx_word' id='word_1_262' title='bbox 772 1822 843 1852; x_wconf 90' lang='lat' dir='ltr'>quae</span> <span class='ocrx_word' id='word_1_263' title='bbox 864 1813 897 1843; x_wconf 89' lang='lat' dir='ltr'>ad</span> <span class='ocrx_word' id='word_1_264' title='bbox 919 1813 1105 1851; x_wconf 83' lang='lat' dir='ltr'>integritatem</span> <span class='ocrx_word' id='word_1_265' title='bbox 1126 1820 1171 1841; x_wconf 89' lang='lat' dir='ltr'>or-</span> <span class='ocrx_word' id='word_1_266' title='bbox 1190 1838 1192 1840; x_wconf 74' lang='grc'><strong>,</strong></span> 
     </span>
    </p>
   </div>
   <div class='ocr_carea' id='block_1_14' title="bbox 322 1864 1173 2505">
    <p class='ocr_par' dir='ltr' id='par_1_15' title="bbox 322 1864 574 1901">
     <span class='ocr_line' id='line_1_51' title="bbox 322 1864 574 1901; baseline -0.004 -9"><span class='ocrx_word' id='word_1_267' title='bbox 322 1864 393 1893; x_wconf 85' lang='lat' dir='ltr'>dinis</span> <span class='ocrx_word' id='word_1_268' title='bbox 413 1864 574 1901; x_wconf 80' lang='lat' dir='ltr'>exiguntur.</span> 
     </span>
    </p>

    <p class='ocr_par' dir='ltr' id='par_1_16' title="bbox 323 1906 1173 2505">
     <span class='ocr_line' id='line_1_52' title="bbox 402 1906 1170 1947; baseline -0.005 -7"><span class='ocrx_word' id='word_1_269' title='bbox 402 1911 524 1940; x_wconf 85' lang='lat' dir='ltr'>Primum</span> <span class='ocrx_word' id='word_1_270' title='bbox 552 1911 650 1947; x_wconf 71' lang='lat' dir='ltr'>igitur,</span> <span class='ocrx_word' id='word_1_271' title='bbox 671 1909 802 1947; x_wconf 89' lang='lat' dir='ltr'>quoniam</span> <span class='ocrx_word' id='word_1_272' title='bbox 833 1908 901 1937; x_wconf 89' lang='lat' dir='ltr'>ordo</span> <span class='ocrx_word' id='word_1_273' title='bbox 928 1911 970 1937; x_wconf 90' lang='lat' dir='ltr'>est</span> <span class='ocrx_word' id='word_1_274' title='bbox 996 1906 1170 1946; x_wconf 83' lang='lat' dir='ltr'>signaculum</span> 
     </span>
     <span class='ocr_line' id='line_1_53' title="bbox 323 1955 1171 1995; baseline -0.005 -9"><span class='ocrx_word' id='word_1_275' title='bbox 323 1958 521 1986; x_wconf 73' lang='lat' dir='ltr'>distinctivum</span> <span class='ocrx_word' id='word_1_276' title='bbox 542 1961 570 1986; x_wconf 86' lang='lat' dir='ltr'>et</span> <span class='ocrx_word' id='word_1_277' title='bbox 591 1956 824 1994; x_wconf 87' lang='lat' dir='ltr'>sequestrativum</span> <span class='ocrx_word' id='word_1_278' title='bbox 849 1956 883 1984; x_wconf 84' lang='lat' dir='ltr'>ab</span> <span class='ocrx_word' id='word_1_279' title='bbox 903 1955 978 1984; x_wconf 90' lang='lat' dir='ltr'>omni</span> <span class='ocrx_word' id='word_1_280' title='bbox 999 1955 1118 1995; x_wconf 91' lang='lat' dir='ltr'>populo,</span> <span class='ocrx_word' id='word_1_281' title='bbox 1139 1957 1171 1982; x_wconf 88' lang='lat' dir='ltr'>ut</span> 
     </span>
     <span class='ocr_line' id='line_1_54' title="bbox 323 2002 1170 2042; baseline -0.004 -9"><span class='ocrx_word' id='word_1_282' title='bbox 323 2005 386 2042; x_wconf 84' lang='lat' dir='ltr'>quis</span> <span class='ocrx_word' id='word_1_283' title='bbox 406 2005 498 2033; x_wconf 92' lang='lat' dir='ltr'>divino</span> <span class='ocrx_word' id='word_1_284' title='bbox 519 2004 607 2033; x_wconf 82' lang='lat' dir='ltr'>cultui</span> <span class='ocrx_word' id='word_1_285' title='bbox 628 2004 663 2032; x_wconf 85' lang='lat' dir='ltr'>sit</span> <span class='ocrx_word' id='word_1_286' title='bbox 684 2003 804 2032; x_wconf 88' lang='lat' dir='ltr'>totaliter</span> <span class='ocrx_word' id='word_1_287' title='bbox 824 2002 1012 2039; x_wconf 83' lang='lat' dir='ltr'>mancipatus;</span> <span class='ocrx_word' id='word_1_288' title='bbox 1044 2002 1105 2031; x_wconf 87' lang='lat' dir='ltr'>ideo</span> <span class='ocrx_word' id='word_1_289' title='bbox 1125 2010 1170 2030; x_wconf 95' lang='lat' dir='ltr'>or-</span> 
     </span>
     <span class='ocr_line' id='line_1_55' title="bbox 323 2050 1170 2089; baseline -0.002 -9"><span class='ocrx_word' id='word_1_290' title='bbox 323 2052 401 2081; x_wconf 84' lang='lat' dir='ltr'>dines</span> <span class='ocrx_word' id='word_1_291' title='bbox 421 2051 561 2088; x_wconf 87' lang='lat' dir='ltr'>praecedit</span> <span class='ocrx_word' id='word_1_292' title='bbox 581 2050 725 2089; x_wconf 80' lang='lat' dir='ltr'>distinctio</span> <span class='ocrx_word' id='word_1_293' title='bbox 746 2050 881 2087; x_wconf 81' lang='lat' dir='ltr'>quaedam</span> <span class='ocrx_word' id='word_1_294' title='bbox 896 2050 923 2078; x_wconf 92' lang='lat' dir='ltr'>in</span> <span class='ocrx_word' id='word_1_295' title='bbox 938 2054 1063 2078; x_wconf 76' lang='lat' dir='ltr'>tonsura</span> <span class='ocrx_word' id='word_1_296' title='bbox 1084 2052 1111 2078; x_wconf 90' lang='lat' dir='ltr'>et</span> <span class='ocrx_word' id='word_1_297' title='bbox 1125 2058 1170 2078; x_wconf 90' lang='lat' dir='ltr'>co-</span> 
     </span>
     <span class='ocr_line' id='line_1_56' title="bbox 325 2095 1170 2135; baseline -0.002 -8"><span class='ocrx_word' id='word_1_298' title='bbox 325 2107 414 2133; x_wconf 80' lang='lat' dir='ltr'>ronu,</span> <span class='ocrx_word' id='word_1_299' title='bbox 437 2106 486 2135; x_wconf 90' lang='lat' dir='ltr'>per</span> <span class='ocrx_word' id='word_1_300' title='bbox 507 2105 591 2134; x_wconf 84' lang='lat' dir='ltr'>quam</span> <span class='ocrx_word' id='word_1_301' title='bbox 619 2095 780 2133; x_wconf 76' lang='lat' dir='ltr'>intelligitur</span> <span class='ocrx_word' id='word_1_302' title='bbox 812 2097 947 2125; x_wconf 73' lang='lat' dir='ltr'>resecatio</span> <span class='ocrx_word' id='word_1_303' title='bbox 976 2097 1170 2134; x_wconf 86' lang='lat' dir='ltr'>temporalium</span> 
     </span>
     <span class='ocr_line' id='line_1_57' title="bbox 324 2144 1172 2183; baseline -0.002 -8"><span class='ocrx_word' id='word_1_304' title='bbox 324 2145 498 2183; x_wconf 80' lang='lat' dir='ltr'>appetituum</span> <span class='ocrx_word' id='word_1_305' title='bbox 519 2148 546 2173; x_wconf 89' lang='lat' dir='ltr'>et</span> <span class='ocrx_word' id='word_1_306' title='bbox 566 2144 666 2173; x_wconf 87' lang='lat' dir='ltr'>mentis</span> <span class='ocrx_word' id='word_1_307' title='bbox 694 2144 808 2172; x_wconf 85' lang='lat' dir='ltr'>elevatio</span> <span class='ocrx_word' id='word_1_308' title='bbox 834 2144 867 2172; x_wconf 90' lang='lat' dir='ltr'>ad</span> <span class='ocrx_word' id='word_1_309' title='bbox 895 2147 1022 2179; x_wconf 87' lang='lat' dir='ltr'>aeterna,</span> <span class='ocrx_word' id='word_1_310' title='bbox 1044 2147 1076 2173; x_wconf 90' lang='lat' dir='ltr'>ut</span> <span class='ocrx_word' id='word_1_311' title='bbox 1097 2147 1172 2173; x_wconf 90' lang='lat' dir='ltr'>totus</span> 
     </span>
     <span class='ocr_line' id='line_1_58' title="bbox 324 2190 1170 2228; baseline -0.004 -6"><span class='ocrx_word' id='word_1_312' title='bbox 324 2193 485 2222; x_wconf 80' lang='lat' dir='ltr'>ostendatur</span> <span class='ocrx_word' id='word_1_313' title='bbox 500 2191 618 2221; x_wconf 88' lang='lat' dir='ltr'>clericus</span> <span class='ocrx_word' id='word_1_314' title='bbox 631 2190 780 2228; x_wconf 84' lang='lat' dir='ltr'>deputatus</span> <span class='ocrx_word' id='word_1_315' title='bbox 790 2198 849 2219; x_wconf 86' lang='lat' dir='ltr'>esse</span> <span class='ocrx_word' id='word_1_316' title='bbox 864 2190 897 2219; x_wconf 86' lang='lat' dir='ltr'>ad</span> <span class='ocrx_word' id='word_1_317' title='bbox 911 2190 1036 2219; x_wconf 92' lang='lat' dir='ltr'>divinum</span> <span class='ocrx_word' id='word_1_318' title='bbox 1048 2191 1170 2225; x_wconf 90' lang='lat' dir='ltr'>cultum;</span> 
     </span>
     <span class='ocr_line' id='line_1_59' title="bbox 324 2237 1172 2275; baseline -0.005 -5"><span class='ocrx_word' id='word_1_319' title='bbox 324 2245 351 2270; x_wconf 85' lang='lat' dir='ltr'>et</span> <span class='ocrx_word' id='word_1_320' title='bbox 372 2240 432 2269; x_wconf 88' lang='lat' dir='ltr'>ideo</span> <span class='ocrx_word' id='word_1_321' title='bbox 452 2239 519 2268; x_wconf 83' lang='grc'><strong>(11011</strong></span> <span class='ocrx_word' id='word_1_322' title='bbox 539 2239 566 2267; x_wconf 87' lang='grc'>10</span> <span class='ocrx_word' id='word_1_323' title='bbox 588 2237 761 2274; x_wconf 78' lang='lat' dir='ltr'>susceptione</span> <span class='ocrx_word' id='word_1_324' title='bbox 780 2245 911 2266; x_wconf 88' lang='lat' dir='ltr'>coronae:</span> <span class='ocrx_word' id='word_1_325' title='bbox 937 2238 1078 2267; x_wconf 79' lang='lat' dir='ltr'>Dominus</span> <span class='ocrx_word' id='word_1_326' title='bbox 1096 2246 1172 2275; x_wconf 81' lang='lat' dir='ltr'>pars</span> 
     </span>
     <span class='ocr_line' id='line_1_60' title="bbox 325 2284 1171 2321; baseline -0.004 -5"><span class='ocrx_word' id='word_1_327' title='bbox 325 2286 492 2316; x_wconf 72' lang='lat' dir='ltr'>hereditatis</span> <span class='ocrx_word' id='word_1_328' title='bbox 520 2286 620 2314; x_wconf 78' lang='lat' dir='ltr'>meae¹</span> <span class='ocrx_word' id='word_1_329' title='bbox 643 2287 694 2314; x_wconf 87' lang='lat' dir='ltr'>etc.</span> <span class='ocrx_word' id='word_1_330' title='bbox 711 2300 747 2306; x_wconf 89' lang='lat'>-</span> <span class='ocrx_word' id='word_1_331' title='bbox 767 2284 798 2312; x_wconf 87' lang='lat' dir='ltr'>Et</span> <span class='ocrx_word' id='word_1_332' title='bbox 825 2284 890 2321; x_wconf 87' lang='lat' dir='ltr'>quia</span> <span class='ocrx_word' id='word_1_333' title='bbox 917 2284 979 2313; x_wconf 82' lang='lat' dir='ltr'>talis</span> <span class='ocrx_word' id='word_1_334' title='bbox 1006 2284 1087 2313; x_wconf 87' lang='lat' dir='ltr'>debet</span> <span class='ocrx_word' id='word_1_335' title='bbox 1111 2292 1171 2313; x_wconf 90' lang='lat' dir='ltr'>esse</span> 
     </span>
     <span class='ocr_line' id='line_1_61' title="bbox 325 2331 1171 2368; baseline -0.006 -4"><span class='ocrx_word' id='word_1_336' title='bbox 325 2335 479 2364; x_wconf 87' lang='lat' dir='ltr'>instructus</span> <span class='ocrx_word' id='word_1_337' title='bbox 499 2333 527 2362; x_wconf 92' lang='lat' dir='ltr'>in</span> <span class='ocrx_word' id='word_1_338' title='bbox 548 2332 648 2361; x_wconf 89' lang='lat' dir='ltr'>divinis</span> <span class='ocrx_word' id='word_1_339' title='bbox 673 2331 816 2365; x_wconf 82' lang='lat' dir='ltr'>laudibus,</span> <span class='ocrx_word' id='word_1_340' title='bbox 839 2339 910 2368; x_wconf 87' lang='lat' dir='ltr'>quae</span> <span class='ocrx_word' id='word_1_341' title='bbox 940 2331 1062 2360; x_wconf 84' lang='lat' dir='ltr'>maxime</span> <span class='ocrx_word' id='word_1_342' title='bbox 1083 2332 1171 2360; x_wconf 88' lang='lat' dir='ltr'>consi-</span> 
     </span>
     <span class='ocr_line' id='line_1_62' title="bbox 324 2378 1173 2416; baseline -0.006 -4"><span class='ocrx_word' id='word_1_343' title='bbox 324 2385 400 2412; x_wconf 88' lang='lat' dir='ltr'>stunt</span> <span class='ocrx_word' id='word_1_344' title='bbox 422 2382 448 2410; x_wconf 90' lang='lat' dir='ltr'>in</span> <span class='ocrx_word' id='word_1_345' title='bbox 463 2380 592 2414; x_wconf 82' lang='lat' dir='ltr'>Psalmis;</span> <span class='ocrx_word' id='word_1_346' title='bbox 608 2379 668 2408; x_wconf 88' lang='lat' dir='ltr'>ideo</span> <span class='ocrx_word' id='word_1_347' title='bbox 679 2378 885 2416; x_wconf 60' lang='lat' dir='ltr'>psalmis-tatus</span> <span class='ocrx_word' id='word_1_348' title='bbox 902 2382 1033 2416; x_wconf 84' lang='lat' dir='ltr'>tanquam</span> <span class='ocrx_word' id='word_1_349' title='bbox 1048 2387 1173 2415; x_wconf 86' lang='lat' dir='ltr'>praeam-</span> 
     </span>
     <span class='ocr_line' id='line_1_63' title="bbox 324 2425 1173 2463; baseline -0.006 -4"><span class='ocrx_word' id='word_1_350' title='bbox 324 2430 408 2459; x_wconf 88' lang='lat' dir='ltr'>bulus</span> <span class='ocrx_word' id='word_1_351' title='bbox 429 2432 535 2458; x_wconf 84' lang='lat' dir='ltr'>ceteros</span> <span class='ocrx_word' id='word_1_352' title='bbox 562 2427 673 2457; x_wconf 89' lang='lat' dir='ltr'>ordines</span> <span class='ocrx_word' id='word_1_353' title='bbox 699 2425 850 2460; x_wconf 87' lang='lat' dir='ltr'>antecedit,</span> <span class='ocrx_word' id='word_1_354' title='bbox 872 2433 954 2462; x_wconf 88' lang='lat' dir='ltr'>quem</span> <span class='ocrx_word' id='word_1_355' title='bbox 983 2429 1075 2455; x_wconf 86' lang='lat' dir='ltr'>tamen</span> <span class='ocrx_word' id='word_1_356' title='bbox 1097 2426 1173 2463; x_wconf 85' lang='lat' dir='ltr'>largo</span> 
     </span>
     <span class='ocr_line' id='line_1_64' title="bbox 326 2472 956 2505; baseline -0.008 0"><span class='ocrx_word' id='word_1_357' title='bbox 326 2477 406 2505; x_wconf 85' lang='lat' dir='ltr'>modo</span> <span class='ocrx_word' id='word_1_358' title='bbox 428 2476 547 2505; x_wconf 84' lang='lat' dir='ltr'>Isidorus</span> <span class='ocrx_word' id='word_1_359' title='bbox 568 2475 639 2503; x_wconf 82' lang='lat' dir='ltr'>int&#39;er</span> <span class='ocrx_word' id='word_1_360' title='bbox 660 2473 771 2502; x_wconf 85' lang='lat' dir='ltr'>ordines</span> <span class='ocrx_word' id='word_1_361' title='bbox 792 2472 956 2501; x_wconf 85' lang='lat' dir='ltr'>numeravit.</span> 
     </span>
    </p>
   </div>
   <div class='ocr_carea' id='block_1_15' title="bbox 325 2629 1176 2976">
    <p class='ocr_par' dir='ltr' id='par_1_17' title="bbox 327 2629 1173 2741">
     <span class='ocr_line' id='line_1_65' title="bbox 327 2629 1172 2660; baseline -0.002 -5"><span class='ocrx_word' id='word_1_362' title='bbox 327 2637 349 2655; x_wconf 79' lang='lat' dir='ltr'>et</span> <span class='ocrx_word' id='word_1_363' title='bbox 366 2633 404 2655; x_wconf 75' lang='lat'>25.</span> <span class='ocrx_word' id='word_1_364' title='bbox 415 2645 446 2649; x_wconf 97' lang='lat'><strong>—</strong></span> <span class='ocrx_word' id='word_1_365' title='bbox 458 2633 473 2654; x_wconf 81' lang='grc' dir='ltr'><strong>Ρ</strong></span> <span class='ocrx_word' id='word_1_366' title='bbox 489 2632 526 2654; x_wconf 87' lang='lat' dir='ltr'>liic</span> <span class='ocrx_word' id='word_1_367' title='bbox 543 2635 565 2654; x_wconf 80' lang='lat' dir='ltr'>et</span> <span class='ocrx_word' id='word_1_368' title='bbox 582 2632 639 2653; x_wconf 85' lang='lat' dir='ltr'>infra</span> <span class='ocrx_word' id='word_1_369' title='bbox 657 2629 797 2654; x_wconf 69' lang='lat' dir='ltr'>ordinando.</span> <span class='ocrx_word' id='word_1_370' title='bbox 810 2630 905 2652; x_wconf 76' lang='lat' dir='ltr'>Inferius</span> <span class='ocrx_word' id='word_1_371' title='bbox 923 2634 975 2658; x_wconf 85' lang='lat' dir='ltr'>post</span> <span class='ocrx_word' id='word_1_372' title='bbox 991 2630 1139 2660; x_wconf 77' lang='lat' dir='ltr'>episcopatus</span> <span class='ocrx_word' id='word_1_373' title='bbox 1156 2631 1172 2653; x_wconf 87' lang='lat' dir='ltr'>F</span> 
     </span>
     <span class='ocr_line' id='line_1_66' title="bbox 327 2668 1173 2700; baseline -0.002 -6"><span class='ocrx_word' id='word_1_374' title='bbox 327 2672 387 2694; x_wconf 87' lang='lat' dir='ltr'>bene</span> <span class='ocrx_word' id='word_1_375' title='bbox 410 2671 473 2694; x_wconf 85' lang='lat' dir='ltr'>addit</span> <span class='ocrx_word' id='word_1_376' title='bbox 489 2670 705 2700; x_wconf 63' lang='lat' dir='ltr'>arcltiepsscopntus</span> <span class='ocrx_word' id='word_1_377' title='bbox 724 2669 774 2698; x_wconf 86' lang='lat' dir='ltr'>(cfr.</span> <span class='ocrx_word' id='word_1_378' title='bbox 791 2669 849 2691; x_wconf 84' lang='lat' dir='ltr'>infra</span> <span class='ocrx_word' id='word_1_379' title='bbox 866 2668 1064 2699; x_wconf 77' lang='lat' dir='ltr'>explicationem),</span> <span class='ocrx_word' id='word_1_380' title='bbox 1081 2672 1103 2692; x_wconf 92' lang='lat' dir='ltr'>et</span> <span class='ocrx_word' id='word_1_381' title='bbox 1120 2672 1173 2697; x_wconf 86' lang='lat' dir='ltr'>post</span> 
     </span>
     <span class='ocr_line' id='line_1_67' title="bbox 327 2708 838 2741; baseline -0.006 -7"><span class='ocrx_word' id='word_1_382' title='bbox 327 2718 400 2741; x_wconf 80' lang='lat' dir='ltr'>quum</span> <span class='ocrx_word' id='word_1_383' title='bbox 418 2712 495 2740; x_wconf 85' lang='lat' dir='ltr'>plures</span> <span class='ocrx_word' id='word_1_384' title='bbox 511 2710 580 2733; x_wconf 87' lang='lat' dir='ltr'>codd.</span> <span class='ocrx_word' id='word_1_385' title='bbox 597 2708 742 2737; x_wconf 79' lang='lat' dir='ltr'>subiimgunt</span> <span class='ocrx_word' id='word_1_386' title='bbox 758 2708 838 2732; x_wconf 60' lang='lat' dir='ltr'>etnim.</span> 
     </span>
    </p>

    <p class='ocr_par' dir='ltr' id='par_1_18' title="bbox 325 2748 1174 2898">
     <span class='ocr_line' id='line_1_68' title="bbox 390 2748 1173 2778; baseline -0.003 -5"><span class='ocrx_word' id='word_1_387' title='bbox 390 2750 397 2763; x_wconf 92' lang='lat'><strong>¹</strong></span> <span class='ocrx_word' id='word_1_388' title='bbox 416 2752 499 2773; x_wconf 80' lang='lat' dir='ltr'>Psalm.</span> <span class='ocrx_word' id='word_1_389' title='bbox 517 2750 559 2778; x_wconf 73' lang='lat'>45,</span> <span class='ocrx_word' id='word_1_390' title='bbox 576 2749 599 2772; x_wconf 82' lang='lat'>5.</span> <span class='ocrx_word' id='word_1_391' title='bbox 615 2761 647 2765; x_wconf 97' lang='lat'><strong>—</strong></span> <span class='ocrx_word' id='word_1_392' title='bbox 664 2748 779 2771; x_wconf 83' lang='lat' dir='ltr'>Sententia</span> <span class='ocrx_word' id='word_1_393' title='bbox 797 2748 875 2770; x_wconf 84' lang='lat' dir='ltr'>isidori</span> <span class='ocrx_word' id='word_1_394' title='bbox 893 2748 1008 2771; x_wconf 75' lang='lat' dir='ltr'>invenitur</span> <span class='ocrx_word' id='word_1_395' title='bbox 1025 2748 1048 2771; x_wconf 93' lang='lat' dir='ltr'>in</span> <span class='ocrx_word' id='word_1_396' title='bbox 1065 2749 1111 2771; x_wconf 88' lang='lat' dir='ltr'>Vll.</span> <span class='ocrx_word' id='word_1_397' title='bbox 1123 2749 1173 2776; x_wconf 77' lang='lat' dir='ltr'>Ety-</span> 
     </span>
     <span class='ocr_line' id='line_1_69' title="bbox 327 2786 1173 2818; baseline -0.004 -5"><span class='ocrx_word' id='word_1_398' title='bbox 327 2791 414 2818; x_wconf 83' lang='lat' dir='ltr'>molog.</span> <span class='ocrx_word' id='word_1_399' title='bbox 431 2796 451 2812; x_wconf 88' lang='lat' dir='ltr'>c.</span> <span class='ocrx_word' id='word_1_400' title='bbox 469 2790 506 2812; x_wconf 66' lang='lat' dir='ltr'>iz.</span> <span class='ocrx_word' id='word_1_401' title='bbox 522 2795 545 2812; x_wconf 90' lang='lat' dir='ltr'>n.</span> <span class='ocrx_word' id='word_1_402' title='bbox 562 2789 589 2815; x_wconf 79' lang='lat'>33</span> <span class='ocrx_word' id='word_1_403' title='bbox 607 2788 631 2810; x_wconf 91' lang='lat' dir='ltr'>ll.</span> <span class='ocrx_word' id='word_1_404' title='bbox 648 2787 677 2810; x_wconf 86' lang='lat' dir='ltr'>de</span> <span class='ocrx_word' id='word_1_405' title='bbox 693 2786 758 2809; x_wconf 82' lang='lat' dir='ltr'>Offie.</span> <span class='ocrx_word' id='word_1_406' title='bbox 770 2787 894 2809; x_wconf 83' lang='lat' dir='ltr'>ecclesiast.</span> <span class='ocrx_word' id='word_1_407' title='bbox 906 2792 925 2809; x_wconf 89' lang='lat' dir='ltr'>c.</span> <span class='ocrx_word' id='word_1_408' title='bbox 942 2787 979 2809; x_wconf 73' lang='lat'>42.</span> <span class='ocrx_word' id='word_1_409' title='bbox 996 2789 1018 2809; x_wconf 89' lang='lat' dir='ltr'>et</span> <span class='ocrx_word' id='word_1_410' title='bbox 1036 2787 1086 2810; x_wconf 82' lang='lat' dir='ltr'>eius</span> <span class='ocrx_word' id='word_1_411' title='bbox 1102 2788 1173 2816; x_wconf 86' lang='lat' dir='ltr'>Epist.</span> 
     </span>
     <span class='ocr_line' id='line_1_70' title="bbox 328 2826 1173 2854; baseline -0.004 -3"><span class='ocrx_word' id='word_1_412' title='bbox 328 2829 358 2852; x_wconf 86' lang='lat' dir='ltr'>nd</span> <span class='ocrx_word' id='word_1_413' title='bbox 375 2828 535 2851; x_wconf 86' lang='lat' dir='ltr'>Ludifredum.</span> <span class='ocrx_word' id='word_1_414' title='bbox 551 2827 598 2851; x_wconf 91' lang='lat' dir='ltr'>Cfr.</span> <span class='ocrx_word' id='word_1_415' title='bbox 615 2829 671 2850; x_wconf 80' lang='lat' dir='ltr'>tom.</span> <span class='ocrx_word' id='word_1_416' title='bbox 687 2826 724 2849; x_wconf 89' lang='lat' dir='ltr'>lv.</span> <span class='ocrx_word' id='word_1_417' title='bbox 742 2832 797 2854; x_wconf 74' lang='lat' dir='ltr'>pag.</span> <span class='ocrx_word' id='word_1_418' title='bbox 813 2826 853 2848; x_wconf 71' lang='lat' dir='ltr'>eal</span> <span class='ocrx_word' id='word_1_419' title='bbox 866 2842 871 2853; x_wconf 89' lang='lat'>,</span> <span class='ocrx_word' id='word_1_420' title='bbox 884 2828 935 2848; x_wconf 80' lang='lat' dir='ltr'>nota</span> <span class='ocrx_word' id='word_1_421' title='bbox 950 2826 970 2848; x_wconf 83' lang='grc'>1.</span> <span class='ocrx_word' id='word_1_422' title='bbox 982 2838 1011 2842; x_wconf 85' lang='lat'>—-</span> <span class='ocrx_word' id='word_1_423' title='bbox 1024 2826 1118 2848; x_wconf 86' lang='lat' dir='ltr'>inferius</span> <span class='ocrx_word' id='word_1_424' title='bbox 1130 2832 1173 2854; x_wconf 88' lang='lat' dir='ltr'>pro</span> 
     </span>
     <span class='ocr_line' id='line_1_71' title="bbox 325 2864 1174 2898; baseline -0.006 -6"><span class='ocrx_word' id='word_1_425' title='bbox 325 2867 515 2898; x_wconf 66' lang='lat' dir='ltr'>praeambulam</span> <span class='ocrx_word' id='word_1_426' title='bbox 536 2873 589 2890; x_wconf 88' lang='lat' dir='ltr'>cum</span> <span class='ocrx_word' id='word_1_427' title='bbox 612 2865 718 2895; x_wconf 80' lang='lat' dir='ltr'>pluribus</span> <span class='ocrx_word' id='word_1_428' title='bbox 735 2865 804 2888; x_wconf 85' lang='lat' dir='ltr'>codd.</span> <span class='ocrx_word' id='word_1_429' title='bbox 820 2864 980 2887; x_wconf 85' lang='lat' dir='ltr'>substituimus</span> <span class='ocrx_word' id='word_1_430' title='bbox 993 2864 1174 2894; x_wconf 80' lang='lat' dir='ltr'>praeambulus.</span> 
     </span>
    </p>

    <p class='ocr_par' dir='ltr' id='par_1_19' title="bbox 329 2900 1176 2976">
     <span class='ocr_line' id='line_1_72' title="bbox 390 2900 1175 2934; baseline -0.008 -3"><span class='ocrx_word' id='word_1_431' title='bbox 390 2906 399 2920; x_wconf 74' lang='lat'>²</span> <span class='ocrx_word' id='word_1_432' title='bbox 419 2907 481 2930; x_wconf 88' lang='lat' dir='ltr'>Libr.</span> <span class='ocrx_word' id='word_1_433' title='bbox 497 2907 530 2930; x_wconf 86' lang='grc' dir='ltr'><strong>ΙΙΙ.</strong></span> <span class='ocrx_word' id='word_1_434' title='bbox 546 2907 604 2934; x_wconf 80' lang='lat' dir='ltr'>Reg.</span> <span class='ocrx_word' id='word_1_435' title='bbox 622 2902 670 2933; x_wconf 80' lang='grc'><strong>·10,“</strong></span> <span class='ocrx_word' id='word_1_436' title='bbox 682 2906 719 2928; x_wconf 81' lang='grc'>18.</span> <span class='ocrx_word' id='word_1_437' title='bbox 736 2910 815 2934; x_wconf 85' lang='lat' dir='ltr'>seqq.,</span> <span class='ocrx_word' id='word_1_438' title='bbox 828 2903 867 2927; x_wconf 89' lang='lat' dir='ltr'>ubi</span> <span class='ocrx_word' id='word_1_439' title='bbox 879 2900 975 2931; x_wconf 81' lang='lat' dir='ltr'>dicitur,</span> <span class='ocrx_word' id='word_1_440' title='bbox 987 2902 1052 2932; x_wconf 86' lang='lat' dir='ltr'>quod</span> <span class='ocrx_word' id='word_1_441' title='bbox 1064 2905 1175 2930; x_wconf 80' lang='lat' dir='ltr'>thronus,</span> 
     </span>
     <span class='ocr_line' id='line_1_73' title="bbox 329 2942 1176 2976; baseline -0.006 -7"><span class='ocrx_word' id='word_1_442' title='bbox 329 2953 401 2976; x_wconf 82' lang='lat' dir='ltr'>quem</span> <span class='ocrx_word' id='word_1_443' title='bbox 420 2947 472 2969; x_wconf 85' lang='lat' dir='ltr'>fecit</span> <span class='ocrx_word' id='word_1_444' title='bbox 489 2946 610 2973; x_wconf 80' lang='lat' dir='ltr'>Salomon,</span> <span class='ocrx_word' id='word_1_445' title='bbox 622 2944 723 2968; x_wconf 81' lang='lat' dir='ltr'>habebat</span> <span class='ocrx_word' id='word_1_446' title='bbox 739 2950 778 2967; x_wconf 86' lang='lat' dir='ltr'>sex</span> <span class='ocrx_word' id='word_1_447' title='bbox 795 2943 882 2971; x_wconf 78' lang='lat' dir='ltr'>gradus</span> <span class='ocrx_word' id='word_1_448' title='bbox 894 2946 937 2965; x_wconf 87' lang='lat' dir='ltr'>etc.</span> <span class='ocrx_word' id='word_1_449' title='bbox 947 2954 980 2959; x_wconf 89' lang='lat'>—-</span> <span class='ocrx_word' id='word_1_450' title='bbox 990 2943 1023 2964; x_wconf 83' lang='lat' dir='ltr'>De</span> <span class='ocrx_word' id='word_1_451' title='bbox 1035 2942 1176 2970; x_wconf 81' lang='lat' dir='ltr'>perfectione</span> 
     </span>
    </p>
   </div>
   <div class='ocr_carea' id='block_1_16' title="bbox 1196 217 1203 2119">
    <p class='ocr_par' dir='ltr' id='par_1_20' title="bbox 1196 217 1203 2119">
     <span class='ocr_line' id='line_1_74' title="bbox 1196 217 1203 2119; baseline 0 0"><span class='ocrx_word' id='word_1_452' title='bbox 1196 217 1203 2119; x_wconf 95' lang='lat' dir='ltr'> </span> 
     </span>
    </p>
   </div>
   <div class='ocr_carea' id='block_1_17' title="bbox 950 134 1446 172">
    <p class='ocr_par' dir='ltr' id='par_1_21' title="bbox 950 134 1446 172">
     <span class='ocr_line' id='line_1_75' title="bbox 950 134 1446 172; baseline -0.004 -8"><span class='ocrx_word' id='word_1_453' title='bbox 950 135 1158 172; x_wconf 73' lang='lat' dir='ltr'>BREVILOQUH</span> <span class='ocrx_word' id='word_1_454' title='bbox 1180 135 1259 163; x_wconf 58' lang='lat' dir='ltr'>PARS</span> <span class='ocrx_word' id='word_1_455' title='bbox 1281 135 1321 162; x_wconf 86' lang='lat' dir='ltr'>VI.</span> <span class='ocrx_word' id='word_1_456' title='bbox 1344 134 1371 162; x_wconf 81' lang='lat' dir='ltr'>C.</span> <span class='ocrx_word' id='word_1_457' title='bbox 1395 134 1446 162; x_wconf 80' lang='lat' dir='ltr'>Xll.</span> 
     </span>
    </p>
   </div>
   <div class='ocr_carea' id='block_1_18' title="bbox 1223 212 2220 2511">
    <p class='ocr_par' dir='ltr' id='par_1_22' title="bbox 1223 212 2203 1333">
     <span class='ocr_line' id='line_1_76' title="bbox 1302 212 2178 251; baseline 0.006 -12"><span class='ocrx_word' id='word_1_458' title='bbox 1302 212 1426 240; x_wconf 70' lang='lat' dir='ltr'>Secundo</span> <span class='ocrx_word' id='word_1_459' title='bbox 1449 220 1529 245; x_wconf 72' lang='lat' dir='ltr'>vero,</span> <span class='ocrx_word' id='word_1_460' title='bbox 1552 213 1617 249; x_wconf 91' lang='lat' dir='ltr'>qnia</span> <span class='ocrx_word' id='word_1_461' title='bbox 1637 213 1705 241; x_wconf 91' lang='lat' dir='ltr'>ordo</span> <span class='ocrx_word' id='word_1_462' title='bbox 1726 217 1767 242; x_wconf 86' lang='lat' dir='ltr'>est</span> <span class='ocrx_word' id='word_1_463' title='bbox 1799 215 1971 251; x_wconf 79' lang='lat' dir='ltr'>signaculum</span> <span class='ocrx_word' id='word_1_464' title='bbox 1993 216 2070 250; x_wconf 73' lang='lat' dir='ltr'>oscli-</span> <span class='ocrx_word' id='word_1_465' title='bbox 2084 220 2178 240; x_wconf 76' lang='lat' dir='ltr'>Ordinati-</span> 
     </span>
     <span class='ocr_line' id='line_1_77' title="bbox 1223 250 2158 295; baseline 0.003 -8"><span class='ocrx_word' id='word_1_466' title='bbox 1223 259 1358 287; x_wconf 64' lang='lat' dir='ltr'>nutitvum</span> <span class='ocrx_word' id='word_1_467' title='bbox 1389 261 1416 286; x_wconf 90' lang='lat' dir='ltr'>et</span> <span class='ocrx_word' id='word_1_468' title='bbox 1447 258 1474 286; x_wconf 90' lang='lat' dir='ltr'>in</span> <span class='ocrx_word' id='word_1_469' title='bbox 1503 266 1531 287; x_wconf 89' lang='grc'>50</span> <span class='ocrx_word' id='word_1_470' title='bbox 1560 258 1619 295; x_wconf 89' lang='lat' dir='ltr'>ipso</span> <span class='ocrx_word' id='word_1_471' title='bbox 1650 259 1732 287; x_wconf 88' lang='lat' dir='ltr'>etiam</span> <span class='ocrx_word' id='word_1_472' title='bbox 1764 261 1934 295; x_wconf 86' lang='lat' dir='ltr'>ordinatum;</span> <span class='ocrx_word' id='word_1_473' title='bbox 1957 265 1983 290; x_wconf 88' lang='lat' dir='ltr'>et</span> <span class='ocrx_word' id='word_1_474' title='bbox 2003 263 2071 291; x_wconf 87' lang='lat' dir='ltr'>ordo</span> <span class='ocrx_word' id='word_1_475' title='bbox 2108 250 2158 263; x_wconf 46' lang='grc' dir='ltr'>ηπ</span> 
     </span>
     <span class='ocr_line' id='line_1_78' title="bbox 1223 305 2071 342; baseline 0.005 -9"><span class='ocrx_word' id='word_1_476' title='bbox 1223 305 1347 333; x_wconf 76' lang='lat' dir='ltr'>consistit</span> <span class='ocrx_word' id='word_1_477' title='bbox 1368 305 1395 333; x_wconf 93' lang='lat' dir='ltr'>in</span> <span class='ocrx_word' id='word_1_478' title='bbox 1416 305 1555 342; x_wconf 74' lang='lat' dir='ltr'>graduum</span> <span class='ocrx_word' id='word_1_479' title='bbox 1576 305 1735 342; x_wconf 88' lang='lat' dir='ltr'>disparitate</span> <span class='ocrx_word' id='word_1_480' title='bbox 1757 310 1784 335; x_wconf 89' lang='lat' dir='ltr'>et</span> <span class='ocrx_word' id='word_1_481' title='bbox 1804 307 1977 337; x_wconf 88' lang='lat' dir='ltr'>distinctione</span> <span class='ocrx_word' id='word_1_482' title='bbox 1999 318 2071 338; x_wconf 71' lang='lat' dir='ltr'>rom-</span> 
     </span>
     <span class='ocr_line' id='line_1_79' title="bbox 1223 352 2071 391; baseline 0.005 -11"><span class='ocrx_word' id='word_1_483' title='bbox 1223 353 1311 389; x_wconf 85' lang='lat' dir='ltr'>pleta,</span> <span class='ocrx_word' id='word_1_484' title='bbox 1333 352 1486 381; x_wconf 87' lang='lat' dir='ltr'>secundum</span> <span class='ocrx_word' id='word_1_485' title='bbox 1517 353 1592 390; x_wconf 86' lang='lat' dir='ltr'>quod</span> <span class='ocrx_word' id='word_1_486' title='bbox 1623 353 1709 390; x_wconf 81' lang='lat' dir='ltr'>exigit</span> <span class='ocrx_word' id='word_1_487' title='bbox 1730 354 1896 391; x_wconf 83' lang='lat' dir='ltr'>septiformis</span> <span class='ocrx_word' id='word_1_488' title='bbox 1917 356 2017 391; x_wconf 80' lang='lat' dir='ltr'>gratia,</span> <span class='ocrx_word' id='word_1_489' title='bbox 2039 357 2071 384; x_wconf 84' lang='lat' dir='ltr'>ad</span> 
     </span>
     <span class='ocr_line' id='line_1_80' title="bbox 1224 399 2072 439; baseline 0.004 -12"><span class='ocrx_word' id='word_1_490' title='bbox 1224 399 1304 428; x_wconf 88' lang='lat' dir='ltr'>cuius</span> <span class='ocrx_word' id='word_1_491' title='bbox 1325 399 1556 436; x_wconf 84' lang='lat' dir='ltr'>dispensationem</span> <span class='ocrx_word' id='word_1_492' title='bbox 1579 401 1787 429; x_wconf 69' lang='lat' dir='ltr'>Sacramentum</span> <span class='ocrx_word' id='word_1_493' title='bbox 1810 401 1915 430; x_wconf 87' lang='lat' dir='ltr'>ordinis</span> <span class='ocrx_word' id='word_1_494' title='bbox 1936 402 2072 439; x_wconf 80' lang='lat' dir='ltr'>principa-</span> 
     </span>
     <span class='ocr_line' id='line_1_81' title="bbox 1225 446 2203 485; baseline 0.004 -11"><span class='ocrx_word' id='word_1_495' title='bbox 1225 446 1286 474; x_wconf 85' lang='lat' dir='ltr'>liter</span> <span class='ocrx_word' id='word_1_496' title='bbox 1307 446 1469 475; x_wconf 87' lang='lat' dir='ltr'>ordinatur:</span> <span class='ocrx_word' id='word_1_497' title='bbox 1492 447 1554 476; x_wconf 82' lang='lat' dir='ltr'>liinc</span> <span class='ocrx_word' id='word_1_498' title='bbox 1577 450 1633 481; x_wconf 84' lang='lat' dir='ltr'>est,</span> <span class='ocrx_word' id='word_1_499' title='bbox 1656 448 1730 485; x_wconf 88' lang='grc'><strong>(111011</strong></span> <span class='ocrx_word' id='word_1_500' title='bbox 1750 452 1854 485; x_wconf 84' lang='lat' dir='ltr'>septem</span> <span class='ocrx_word' id='word_1_501' title='bbox 1876 452 1941 477; x_wconf 88' lang='lat' dir='ltr'>sunt</span> <span class='ocrx_word' id='word_1_502' title='bbox 1962 449 2073 477; x_wconf 82' lang='lat' dir='ltr'>ordines</span> <span class='ocrx_word' id='word_1_503' title='bbox 2086 454 2161 477; x_wconf 70' lang='lat' dir='ltr'>Sortem</span> <span class='ocrx_word' id='word_1_504' title='bbox 2175 461 2203 473; x_wconf 78' lang='lat' dir='ltr'>or-</span> 
     </span>
     <span class='ocr_line' id='line_1_82' title="bbox 1224 478 2171 533; baseline 0.003 -12"><span class='ocrx_word' id='word_1_505' title='bbox 1224 494 1358 530; x_wconf 77' lang='lat' dir='ltr'>gradatim</span> <span class='ocrx_word' id='word_1_506' title='bbox 1391 494 1507 524; x_wconf 86' lang='lat' dir='ltr'>ordinati</span> <span class='ocrx_word' id='word_1_507' title='bbox 1548 503 1636 532; x_wconf 89' lang='lat' dir='ltr'>usque</span> <span class='ocrx_word' id='word_1_508' title='bbox 1663 495 1697 523; x_wconf 87' lang='lat' dir='ltr'>ad</span> <span class='ocrx_word' id='word_1_509' title='bbox 1726 495 1926 529; x_wconf 72' lang='lat' dir='ltr'>sacerdotium,</span> <span class='ocrx_word' id='word_1_510' title='bbox 1958 496 1985 524; x_wconf 93' lang='lat' dir='ltr'>in</span> <span class='ocrx_word' id='word_1_511' title='bbox 2018 505 2073 533; x_wconf 84' lang='grc'><strong>1100</strong></span> <span class='ocrx_word' id='word_1_512' title='bbox 2111 478 2171 496; x_wconf 53' lang='grc' dir='ltr'>ὼ““”</span> 
     </span>
     <span class='ocr_line' id='line_1_83' title="bbox 1225 543 2073 579; baseline 0.004 -10"><span class='ocrx_word' id='word_1_513' title='bbox 1225 545 1319 569; x_wconf 67' lang='lat' dir='ltr'>caitus</span> <span class='ocrx_word' id='word_1_514' title='bbox 1340 545 1380 571; x_wconf 91' lang='lat' dir='ltr'>est</span> <span class='ocrx_word' id='word_1_515' title='bbox 1401 543 1546 574; x_wconf 82' lang='lat' dir='ltr'>ordinum:</span> <span class='ocrx_word' id='word_1_516' title='bbox 1569 543 1634 579; x_wconf 88' lang='lat' dir='ltr'>quia</span> <span class='ocrx_word' id='word_1_517' title='bbox 1657 543 1743 579; x_wconf 85' lang='lat' dir='ltr'>ipsius</span> <span class='ocrx_word' id='word_1_518' title='bbox 1768 546 1808 571; x_wconf 88' lang='lat' dir='ltr'>est</span> <span class='ocrx_word' id='word_1_519' title='bbox 1836 551 1999 572; x_wconf 83' lang='lat' dir='ltr'>consecrare</span> <span class='ocrx_word' id='word_1_520' title='bbox 2027 545 2073 572; x_wconf 80' lang='lat' dir='ltr'>Sa-</span> 
     </span>
     <span class='ocr_line' id='line_1_84' title="bbox 1224 590 2074 627; baseline 0.002 -10"><span class='ocrx_word' id='word_1_521' title='bbox 1224 592 1397 617; x_wconf 88' lang='lat' dir='ltr'>cramentum</span> <span class='ocrx_word' id='word_1_522' title='bbox 1427 590 1551 626; x_wconf 82' lang='lat' dir='ltr'>eorporis</span> <span class='ocrx_word' id='word_1_523' title='bbox 1578 590 1693 623; x_wconf 88' lang='lat' dir='ltr'>Christi,</span> <span class='ocrx_word' id='word_1_524' title='bbox 1722 590 1749 618; x_wconf 90' lang='lat' dir='ltr'>in</span> <span class='ocrx_word' id='word_1_525' title='bbox 1778 598 1834 627; x_wconf 89' lang='lat' dir='ltr'>qno</span> <span class='ocrx_word' id='word_1_526' title='bbox 1862 593 1904 618; x_wconf 88' lang='lat' dir='ltr'>est</span> <span class='ocrx_word' id='word_1_527' title='bbox 1933 590 2074 627; x_wconf 83' lang='lat' dir='ltr'>plenitudo</span> 
     </span>
     <span class='ocr_line' id='line_1_85' title="bbox 1224 635 2074 673; baseline 0.002 -10"><span class='ocrx_word' id='word_1_528' title='bbox 1224 635 1348 663; x_wconf 88' lang='lat' dir='ltr'>omnium</span> <span class='ocrx_word' id='word_1_529' title='bbox 1371 635 1538 672; x_wconf 78' lang='lat' dir='ltr'>gratiarum3</span> <span class='ocrx_word' id='word_1_530' title='bbox 1562 636 1634 664; x_wconf 89' lang='lat' dir='ltr'>unde</span> <span class='ocrx_word' id='word_1_531' title='bbox 1656 636 1700 664; x_wconf 89' lang='lat' dir='ltr'>alii</span> <span class='ocrx_word' id='word_1_532' title='bbox 1716 644 1766 664; x_wconf 82' lang='lat' dir='ltr'>sex</span> <span class='ocrx_word' id='word_1_533' title='bbox 1782 639 1847 664; x_wconf 88' lang='lat' dir='ltr'>sunt</span> <span class='ocrx_word' id='word_1_534' title='bbox 1862 639 1993 673; x_wconf 82' lang='lat' dir='ltr'>tanquam</span> <span class='ocrx_word' id='word_1_535' title='bbox 2009 637 2074 666; x_wconf 86' lang='lat' dir='ltr'>sub-</span> 
     </span>
     <span class='ocr_line' id='line_1_86' title="bbox 1225 683 2073 721; baseline 0.004 -11"><span class='ocrx_word' id='word_1_536' title='bbox 1225 683 1399 711; x_wconf 85' lang='lat' dir='ltr'>ministrativi</span> <span class='ocrx_word' id='word_1_537' title='bbox 1422 685 1449 711; x_wconf 90' lang='lat' dir='ltr'>et</span> <span class='ocrx_word' id='word_1_538' title='bbox 1470 683 1548 719; x_wconf 84' lang='lat' dir='ltr'>quasi</span> <span class='ocrx_word' id='word_1_539' title='bbox 1563 683 1666 721; x_wconf 82' lang='lat' dir='ltr'>gradus</span> <span class='ocrx_word' id='word_1_540' title='bbox 1681 684 1809 720; x_wconf 83' lang='lat' dir='ltr'>quidam,</span> <span class='ocrx_word' id='word_1_541' title='bbox 1826 691 1875 720; x_wconf 91' lang='lat' dir='ltr'>per</span> <span class='ocrx_word' id='word_1_542' title='bbox 1896 692 1966 721; x_wconf 89' lang='grc'><strong>111105</strong></span> <span class='ocrx_word' id='word_1_543' title='bbox 1980 692 2073 713; x_wconf 81' lang='lat' dir='ltr'>ascen—</span> 
     </span>
     <span class='ocr_line' id='line_1_87' title="bbox 1225 728 2074 768; baseline 0.004 -11"><span class='ocrx_word' id='word_1_544' title='bbox 1225 729 1301 758; x_wconf 88' lang='lat' dir='ltr'>ditur</span> <span class='ocrx_word' id='word_1_545' title='bbox 1322 730 1355 757; x_wconf 85' lang='lat' dir='ltr'>ad</span> <span class='ocrx_word' id='word_1_546' title='bbox 1378 730 1509 758; x_wconf 82' lang='lat' dir='ltr'>thronum</span> <span class='ocrx_word' id='word_1_547' title='bbox 1531 728 1720 764; x_wconf 80' lang='lat' dir='ltr'>Salomonis2;</span> <span class='ocrx_word' id='word_1_548' title='bbox 1743 731 1790 767; x_wconf 85' lang='lat' dir='ltr'>qui</span> <span class='ocrx_word' id='word_1_549' title='bbox 1812 734 1838 759; x_wconf 88' lang='lat' dir='ltr'>et</span> <span class='ocrx_word' id='word_1_550' title='bbox 1860 738 1910 759; x_wconf 79' lang='lat' dir='ltr'>sex</span> <span class='ocrx_word' id='word_1_551' title='bbox 1932 735 1995 760; x_wconf 85' lang='lat' dir='ltr'>sunl</span> <span class='ocrx_word' id='word_1_552' title='bbox 2013 741 2074 768; x_wconf 71' lang='lat' dir='ltr'>pro-</span> 
     </span>
     <span class='ocr_line' id='line_1_88' title="bbox 1226 777 2184 816; baseline 0.005 -12"><span class='ocrx_word' id='word_1_553' title='bbox 1226 780 1287 813; x_wconf 90' lang='lat' dir='ltr'>pter</span> <span class='ocrx_word' id='word_1_554' title='bbox 1309 777 1416 805; x_wconf 88' lang='lat' dir='ltr'>numeri</span> <span class='ocrx_word' id='word_1_555' title='bbox 1441 777 1651 813; x_wconf 81' lang='lat' dir='ltr'>perfectionem,</span> <span class='ocrx_word' id='word_1_556' title='bbox 1667 778 1734 815; x_wconf 88' lang='lat' dir='ltr'>quia</span> <span class='ocrx_word' id='word_1_557' title='bbox 1755 778 1881 806; x_wconf 84' lang='lat' dir='ltr'>senarius</span> <span class='ocrx_word' id='word_1_558' title='bbox 1906 782 1946 807; x_wconf 87' lang='lat' dir='ltr'>est</span> <span class='ocrx_word' id='word_1_559' title='bbox 1968 779 2074 816; x_wconf 89' lang='lat' dir='ltr'>primus</span> <span class='ocrx_word' id='word_1_560' title='bbox 2088 783 2184 802; x_wconf 66' lang='lat' dir='ltr'>Semius-</span> 
     </span>
     <span class='ocr_line' id='line_1_89' title="bbox 1226 824 2075 864; baseline 0.005 -13"><span class='ocrx_word' id='word_1_561' title='bbox 1226 831 1361 852; x_wconf 86' lang='lat' dir='ltr'>numerus</span> <span class='ocrx_word' id='word_1_562' title='bbox 1382 824 1537 860; x_wconf 84' lang='lat' dir='ltr'>perfectus,</span> <span class='ocrx_word' id='word_1_563' title='bbox 1558 827 1585 853; x_wconf 89' lang='lat' dir='ltr'>et</span> <span class='ocrx_word' id='word_1_564' title='bbox 1606 828 1721 862; x_wconf 86' lang='lat' dir='ltr'>propter</span> <span class='ocrx_word' id='word_1_565' title='bbox 1744 826 1810 859; x_wconf 90' lang='lat' dir='ltr'>hoc,</span> <span class='ocrx_word' id='word_1_566' title='bbox 1833 825 1907 862; x_wconf 88' lang='lat' dir='ltr'>quod</span> <span class='ocrx_word' id='word_1_567' title='bbox 1929 826 1967 854; x_wconf 90' lang='lat' dir='ltr'>sic</span> <span class='ocrx_word' id='word_1_568' title='bbox 1989 827 2075 864; x_wconf 82' lang='lat' dir='ltr'>exigit</span> 
     </span>
     <span class='ocr_line' id='line_1_90' title="bbox 1226 870 2075 910; baseline 0.005 -12"><span class='ocrx_word' id='word_1_569' title='bbox 1226 870 1357 906; x_wconf 81' lang='lat' dir='ltr'>perfectio</span> <span class='ocrx_word' id='word_1_570' title='bbox 1378 874 1405 898; x_wconf 90' lang='lat' dir='ltr'>et</span> <span class='ocrx_word' id='word_1_571' title='bbox 1427 871 1590 900; x_wconf 81' lang='lat' dir='ltr'>sufficientia</span> <span class='ocrx_word' id='word_1_572' title='bbox 1610 872 1692 901; x_wconf 85' lang='lat' dir='ltr'>officii</span> <span class='ocrx_word' id='word_1_573' title='bbox 1716 872 1898 900; x_wconf 77' lang='lat' dir='ltr'>ministrandi.</span> <span class='ocrx_word' id='word_1_574' title='bbox 1914 873 1980 901; x_wconf 84' lang='lat' dir='ltr'>Nam</span> <span class='ocrx_word' id='word_1_575' title='bbox 1994 882 2075 910; x_wconf 87' lang='lat' dir='ltr'>opor-</span> 
     </span>
     <span class='ocr_line' id='line_1_91' title="bbox 1228 917 2075 957; baseline 0.005 -12"><span class='ocrx_word' id='word_1_576' title='bbox 1228 920 1282 950; x_wconf 88' lang='lat' dir='ltr'>tet,</span> <span class='ocrx_word' id='word_1_577' title='bbox 1303 917 1410 953; x_wconf 88' lang='lat' dir='ltr'>aliquos</span> <span class='ocrx_word' id='word_1_578' title='bbox 1433 918 1589 948; x_wconf 88' lang='lat' dir='ltr'>ministrare</span> <span class='ocrx_word' id='word_1_579' title='bbox 1614 920 1692 956; x_wconf 83' lang='grc'><strong>1111051</strong></span> <span class='ocrx_word' id='word_1_580' title='bbox 1714 928 1730 948; x_wconf 88' lang='lat' dir='ltr'>a</span> <span class='ocrx_word' id='word_1_581' title='bbox 1752 920 1907 953; x_wconf 83' lang='lat' dir='ltr'>remotiori,</span> <span class='ocrx_word' id='word_1_582' title='bbox 1933 920 2039 957; x_wconf 87' lang='lat' dir='ltr'>aliquos</span> <span class='ocrx_word' id='word_1_583' title='bbox 2060 929 2075 949; x_wconf 83' lang='lat' dir='ltr'>a</span> 
     </span>
     <span class='ocr_line' id='line_1_92' title="bbox 1227 964 2074 1003; baseline 0.005 -11"><span class='ocrx_word' id='word_1_584' title='bbox 1227 964 1419 1001; x_wconf 81' lang='lat' dir='ltr'>propinquiori</span> <span class='ocrx_word' id='word_1_585' title='bbox 1441 968 1467 994; x_wconf 89' lang='lat' dir='ltr'>et</span> <span class='ocrx_word' id='word_1_586' title='bbox 1491 966 1598 1003; x_wconf 88' lang='lat' dir='ltr'>aliquos</span> <span class='ocrx_word' id='word_1_587' title='bbox 1618 975 1634 995; x_wconf 85' lang='lat' dir='ltr'>a</span> <span class='ocrx_word' id='word_1_588' title='bbox 1656 967 1800 1003; x_wconf 82' lang='lat' dir='ltr'>proximo,</span> <span class='ocrx_word' id='word_1_589' title='bbox 1822 970 1854 995; x_wconf 93' lang='grc'>111</span> <span class='ocrx_word' id='word_1_590' title='bbox 1875 967 1943 995; x_wconf 88' lang='grc'><strong>011111</strong></span> <span class='ocrx_word' id='word_1_591' title='bbox 1964 967 2033 996; x_wconf 79' lang='lat' dir='ltr'>desit</span> <span class='ocrx_word' id='word_1_592' title='bbox 2048 968 2074 996; x_wconf 94' lang='lat' dir='ltr'>in</span> 
     </span>
     <span class='ocr_line' id='line_1_93' title="bbox 1227 1012 2076 1052; baseline 0.006 -13"><span class='ocrx_word' id='word_1_593' title='bbox 1227 1012 1381 1040; x_wconf 84' lang='lat' dir='ltr'>ministerio</span> <span class='ocrx_word' id='word_1_594' title='bbox 1402 1012 1535 1041; x_wconf 89' lang='lat' dir='ltr'>ordinato.</span> <span class='ocrx_word' id='word_1_595' title='bbox 1558 1013 1682 1051; x_wconf 57' lang='lat' dir='ltr'>Etonia</span> <span class='ocrx_word' id='word_1_596' title='bbox 1709 1015 1852 1052; x_wconf 90' lang='lat' dir='ltr'>quodlibet</span> <span class='ocrx_word' id='word_1_597' title='bbox 1874 1015 1974 1043; x_wconf 89' lang='lat' dir='ltr'>horum</span> <span class='ocrx_word' id='word_1_598' title='bbox 1997 1015 2076 1044; x_wconf 89' lang='lat' dir='ltr'>mini-</span> 
     </span>
     <span class='ocr_line' id='line_1_94' title="bbox 1228 1058 2076 1098; baseline 0.006 -13"><span class='ocrx_word' id='word_1_599' title='bbox 1228 1058 1377 1087; x_wconf 88' lang='lat' dir='ltr'>steriorum</span> <span class='ocrx_word' id='word_1_600' title='bbox 1403 1059 1560 1095; x_wconf 82' lang='lat' dir='ltr'>geminatur</span> <span class='ocrx_word' id='word_1_601' title='bbox 1591 1061 1744 1090; x_wconf 88' lang='lat' dir='ltr'>secundum</span> <span class='ocrx_word' id='word_1_602' title='bbox 1776 1065 1869 1090; x_wconf 86' lang='lat' dir='ltr'>actum</span> <span class='ocrx_word' id='word_1_603' title='bbox 1891 1062 2026 1098; x_wconf 78' lang='lat' dir='ltr'>purgandi</span> <span class='ocrx_word' id='word_1_604' title='bbox 2049 1066 2076 1091; x_wconf 83' lang='lat' dir='ltr'>et</span> 
     </span>
     <span class='ocr_line' id='line_1_95' title="bbox 1228 1105 2076 1145; baseline 0.005 -12"><span class='ocrx_word' id='word_1_605' title='bbox 1228 1105 1436 1139; x_wconf 76' lang='lat' dir='ltr'>illuminandi³;</span> <span class='ocrx_word' id='word_1_606' title='bbox 1460 1106 1523 1135; x_wconf 85' lang='lat' dir='ltr'>hinc</span> <span class='ocrx_word' id='word_1_607' title='bbox 1552 1110 1608 1142; x_wconf 88' lang='lat' dir='ltr'>est,</span> <span class='ocrx_word' id='word_1_608' title='bbox 1630 1108 1704 1145; x_wconf 90' lang='lat' dir='ltr'>quod</span> <span class='ocrx_word' id='word_1_609' title='bbox 1726 1117 1775 1137; x_wconf 88' lang='lat' dir='ltr'>sex</span> <span class='ocrx_word' id='word_1_610' title='bbox 1804 1112 1870 1137; x_wconf 92' lang='lat' dir='ltr'>sunt</span> <span class='ocrx_word' id='word_1_611' title='bbox 1894 1109 2005 1143; x_wconf 80' lang='lat' dir='ltr'>ordines</span> <span class='ocrx_word' id='word_1_612' title='bbox 2027 1109 2076 1137; x_wconf 90' lang='grc'><strong>1111-</strong></span> 
     </span>
     <span class='ocr_line' id='line_1_96' title="bbox 1228 1153 2075 1192; baseline 0.005 -11"><span class='ocrx_word' id='word_1_613' title='bbox 1228 1153 1381 1182; x_wconf 83' lang='lat' dir='ltr'>nisteriales</span> <span class='ocrx_word' id='word_1_614' title='bbox 1409 1157 1436 1182; x_wconf 86' lang='lat' dir='ltr'>et</span> <span class='ocrx_word' id='word_1_615' title='bbox 1464 1154 1598 1191; x_wconf 88' lang='lat' dir='ltr'>septimus</span> <span class='ocrx_word' id='word_1_616' title='bbox 1628 1155 1751 1183; x_wconf 87' lang='lat' dir='ltr'>omnium</span> <span class='ocrx_word' id='word_1_617' title='bbox 1784 1156 2016 1192; x_wconf 81' lang='lat' dir='ltr'>perfectissimus,</span> <span class='ocrx_word' id='word_1_618' title='bbox 2050 1157 2075 1185; x_wconf 83' lang='lat' dir='ltr'>iu</span> 
     </span>
     <span class='ocr_line' id='line_1_97' title="bbox 1227 1201 2076 1239; baseline 0.005 -10"><span class='ocrx_word' id='word_1_619' title='bbox 1227 1209 1283 1239; x_wconf 91' lang='lat' dir='ltr'>quo</span> <span class='ocrx_word' id='word_1_620' title='bbox 1304 1201 1398 1230; x_wconf 84' lang='lat' dir='ltr'>altaris</span> <span class='ocrx_word' id='word_1_621' title='bbox 1420 1201 1566 1230; x_wconf 82' lang='lat' dir='ltr'>conficitur</span> <span class='ocrx_word' id='word_1_622' title='bbox 1588 1202 1811 1236; x_wconf 85' lang='lat' dir='ltr'>Sacramentum,</span> <span class='ocrx_word' id='word_1_623' title='bbox 1833 1203 1880 1239; x_wconf 90' lang='lat' dir='ltr'>qui</span> <span class='ocrx_word' id='word_1_624' title='bbox 1902 1211 2076 1233; x_wconf 87' lang='lat' dir='ltr'>consumma-</span> 
     </span>
     <span class='ocr_line' id='line_1_98' title="bbox 1228 1248 2076 1286; baseline 0.002 -9"><span class='ocrx_word' id='word_1_625' title='bbox 1228 1252 1274 1278; x_wconf 91' lang='lat' dir='ltr'>tur</span> <span class='ocrx_word' id='word_1_626' title='bbox 1305 1249 1332 1277; x_wconf 92' lang='lat' dir='ltr'>in</span> <span class='ocrx_word' id='word_1_627' title='bbox 1363 1248 1459 1277; x_wconf 88' lang='lat' dir='ltr'>ordine</span> <span class='ocrx_word' id='word_1_628' title='bbox 1488 1257 1544 1277; x_wconf 91' lang='lat' dir='ltr'>uno</span> <span class='ocrx_word' id='word_1_629' title='bbox 1575 1251 1707 1286; x_wconf 87' lang='lat' dir='ltr'>tanquam</span> <span class='ocrx_word' id='word_1_630' title='bbox 1740 1249 1767 1277; x_wconf 91' lang='lat' dir='ltr'>in</span> <span class='ocrx_word' id='word_1_631' title='bbox 1794 1250 1911 1278; x_wconf 89' lang='lat' dir='ltr'>termino</span> <span class='ocrx_word' id='word_1_632' title='bbox 1931 1251 2028 1279; x_wconf 80' lang='lat' dir='ltr'>ultimo</span> <span class='ocrx_word' id='word_1_633' title='bbox 2050 1254 2076 1279; x_wconf 83' lang='lat' dir='ltr'>et</span> 
     </span>
     <span class='ocr_line' id='line_1_99' title="bbox 1227 1296 1370 1333; baseline -0.014 -8"><span class='ocrx_word' id='word_1_634' title='bbox 1227 1296 1370 1333; x_wconf 86' lang='lat' dir='ltr'>completo.</span> 
     </span>
    </p>

    <p class='ocr_par' dir='ltr' id='par_1_23' title="bbox 1225 1343 2220 2312">
     <span class='ocr_line' id='line_1_100' title="bbox 1307 1343 2191 1388; baseline 0.001 -17"><span class='ocrx_word' id='word_1_635' title='bbox 1307 1343 1458 1377; x_wconf 81' lang='lat' dir='ltr'>Postremo,</span> <span class='ocrx_word' id='word_1_636' title='bbox 1481 1343 1547 1380; x_wconf 84' lang='lat' dir='ltr'>quia</span> <span class='ocrx_word' id='word_1_637' title='bbox 1567 1343 1635 1372; x_wconf 92' lang='lat' dir='ltr'>ordo</span> <span class='ocrx_word' id='word_1_638' title='bbox 1656 1346 1698 1371; x_wconf 89' lang='lat' dir='ltr'>est</span> <span class='ocrx_word' id='word_1_639' title='bbox 1727 1343 1901 1380; x_wconf 83' lang='lat' dir='ltr'>signaculum</span> <span class='ocrx_word' id='word_1_640' title='bbox 1930 1344 2076 1381; x_wconf 76' lang='lat' dir='ltr'>potestati-</span> <span class='ocrx_word' id='word_1_641' title='bbox 2090 1346 2191 1388; x_wconf 53' lang='grc' dir='ltr'>Ρῇῑιῇξξῑῐ-</span> 
     </span>
     <span class='ocr_line' id='line_1_101' title="bbox 1228 1390 2219 1427; baseline 0.002 -9"><span class='ocrx_word' id='word_1_642' title='bbox 1228 1399 1296 1419; x_wconf 72' lang='lat' dir='ltr'>vitm</span> <span class='ocrx_word' id='word_1_643' title='bbox 1317 1399 1369 1418; x_wconf 92' lang='lat' dir='ltr'>non</span> <span class='ocrx_word' id='word_1_644' title='bbox 1393 1393 1500 1419; x_wconf 90' lang='lat' dir='ltr'>tantum</span> <span class='ocrx_word' id='word_1_645' title='bbox 1532 1393 1661 1427; x_wconf 87' lang='lat' dir='ltr'>respectu</span> <span class='ocrx_word' id='word_1_646' title='bbox 1689 1390 1808 1419; x_wconf 89' lang='lat' dir='ltr'>alioruin</span> <span class='ocrx_word' id='word_1_647' title='bbox 1834 1392 2077 1420; x_wconf 81' lang='lat' dir='ltr'>sacramentorum</span> <span class='ocrx_word' id='word_1_648' title='bbox 2090 1393 2127 1411; x_wconf 62' lang='grc' dir='ltr'>ΡΜ</span> <span class='ocrx_word' id='word_1_649' title='bbox 2140 1393 2189 1412; x_wconf 72' lang='lat' dir='ltr'>²¹¹⁹⁵i</span> <span class='ocrx_word' id='word_1_650' title='bbox 2202 1393 2219 1411; x_wconf 85' lang='lat'>³·</span> 
     </span>
     <span class='ocr_line' id='line_1_102' title="bbox 1227 1429 2077 1475; baseline 0.002 -10"><span class='ocrx_word' id='word_1_651' title='bbox 1227 1437 1490 1474; x_wconf 82' lang='lat' dir='ltr'>dispensandorum,</span> <span class='ocrx_word' id='word_1_652' title='bbox 1513 1429 1623 1466; x_wconf 75' lang='lat' dir='ltr'>veruin‘</span> <span class='ocrx_word' id='word_1_653' title='bbox 1640 1438 1722 1466; x_wconf 85' lang='lat' dir='ltr'>etiam</span> <span class='ocrx_word' id='word_1_654' title='bbox 1751 1440 1879 1474; x_wconf 80' lang='lat' dir='ltr'>respectu</span> <span class='ocrx_word' id='word_1_655' title='bbox 1901 1438 1959 1473; x_wconf 88' lang='lat' dir='ltr'>sui;</span> <span class='ocrx_word' id='word_1_656' title='bbox 1982 1442 2008 1467; x_wconf 87' lang='lat' dir='ltr'>et</span> <span class='ocrx_word' id='word_1_657' title='bbox 2030 1447 2077 1475; x_wconf 90' lang='lat' dir='ltr'>po-</span> 
     </span>
     <span class='ocr_line' id='line_1_103' title="bbox 1228 1485 2078 1521; baseline 0.004 -10"><span class='ocrx_word' id='word_1_658' title='bbox 1228 1487 1310 1512; x_wconf 85' lang='lat' dir='ltr'>testas</span> <span class='ocrx_word' id='word_1_659' title='bbox 1332 1492 1416 1520; x_wconf 84' lang='lat' dir='ltr'>super</span> <span class='ocrx_word' id='word_1_660' title='bbox 1438 1487 1600 1521; x_wconf 88' lang='lat' dir='ltr'>potestatem</span> <span class='ocrx_word' id='word_1_661' title='bbox 1627 1487 1669 1512; x_wconf 91' lang='lat' dir='ltr'>est</span> <span class='ocrx_word' id='word_1_662' title='bbox 1701 1487 1821 1521; x_wconf 87' lang='lat' dir='ltr'>potestas</span> <span class='ocrx_word' id='word_1_663' title='bbox 1842 1485 1994 1513; x_wconf 63' lang='lat' dir='ltr'>eacccltens:</span> <span class='ocrx_word' id='word_1_664' title='bbox 2017 1485 2078 1514; x_wconf 84' lang='lat' dir='ltr'>ideo</span> 
     </span>
     <span class='ocr_line' id='line_1_104' title="bbox 1228 1530 2219 1569; baseline 0.001 -11"><span class='ocrx_word' id='word_1_665' title='bbox 1228 1530 1278 1558; x_wconf 85' lang='lat' dir='ltr'>sihi</span> <span class='ocrx_word' id='word_1_666' title='bbox 1300 1539 1353 1559; x_wconf 90' lang='lat' dir='ltr'>non</span> <span class='ocrx_word' id='word_1_667' title='bbox 1375 1534 1484 1559; x_wconf 89' lang='lat' dir='ltr'>tantuin</span> <span class='ocrx_word' id='word_1_668' title='bbox 1514 1531 1644 1567; x_wconf 67' lang='grc'><strong>(0111110111</strong></span> <span class='ocrx_word' id='word_1_669' title='bbox 1672 1535 1798 1568; x_wconf 82' lang='lat' dir='ltr'>potestas</span> <span class='ocrx_word' id='word_1_670' title='bbox 1818 1532 1958 1569; x_wconf 64' lang='lat' dir='ltr'>simplex,</span> <span class='ocrx_word' id='word_1_671' title='bbox 1985 1533 2079 1561; x_wconf 82' lang='lat' dir='ltr'>cuius-</span> <span class='ocrx_word' id='word_1_672' title='bbox 2090 1534 2219 1559; x_wconf 66' lang='lat' dir='ltr'>Episcopatus-</span> 
     </span>
     <span class='ocr_line' id='line_1_105' title="bbox 1228 1577 2078 1615; baseline 0.002 -10"><span class='ocrx_word' id='word_1_673' title='bbox 1228 1577 1300 1605; x_wconf 92' lang='lat' dir='ltr'>modi</span> <span class='ocrx_word' id='word_1_674' title='bbox 1321 1581 1363 1606; x_wconf 87' lang='lat' dir='ltr'>est</span> <span class='ocrx_word' id='word_1_675' title='bbox 1383 1578 1411 1606; x_wconf 93' lang='lat' dir='ltr'>in</span> <span class='ocrx_word' id='word_1_676' title='bbox 1432 1578 1528 1606; x_wconf 82' lang='lat' dir='ltr'>ordine</span> <span class='ocrx_word' id='word_1_677' title='bbox 1549 1578 1683 1615; x_wconf 75' lang='lat' dir='ltr'>simplici,</span> <span class='ocrx_word' id='word_1_678' title='bbox 1698 1586 1797 1607; x_wconf 91' lang='lat' dir='ltr'>verum</span> <span class='ocrx_word' id='word_1_679' title='bbox 1819 1579 1901 1607; x_wconf 87' lang='lat' dir='ltr'>etiam</span> <span class='ocrx_word' id='word_1_680' title='bbox 1922 1580 2078 1608; x_wconf 76' lang='lat' dir='ltr'>eminentia</span> 
     </span>
     <span class='ocr_line' id='line_1_106' title="bbox 1225 1625 2078 1662; baseline 0.004 -11"><span class='ocrx_word' id='word_1_681' title='bbox 1225 1625 1387 1660; x_wconf 78' lang='lat' dir='ltr'>potcstatis,</span> <span class='ocrx_word' id='word_1_682' title='bbox 1410 1625 1563 1654; x_wconf 79' lang='lat' dir='ltr'>cuiusmodi</span> <span class='ocrx_word' id='word_1_683' title='bbox 1585 1628 1627 1654; x_wconf 89' lang='lat' dir='ltr'>est</span> <span class='ocrx_word' id='word_1_684' title='bbox 1648 1625 1676 1654; x_wconf 93' lang='lat' dir='ltr'>in</span> <span class='ocrx_word' id='word_1_685' title='bbox 1698 1625 1741 1654; x_wconf 93' lang='grc'><strong>1115</strong></span> <span class='ocrx_word' id='word_1_686' title='bbox 1762 1634 1884 1662; x_wconf 86' lang='lat' dir='ltr'>quorum</span> <span class='ocrx_word' id='word_1_687' title='bbox 1906 1629 1947 1654; x_wconf 86' lang='lat' dir='ltr'>est</span> <span class='ocrx_word' id='word_1_688' title='bbox 1967 1626 2078 1655; x_wconf 85' lang='lat' dir='ltr'>ordines</span> 
     </span>
     <span class='ocr_line' id='line_1_107' title="bbox 1228 1670 2078 1710; baseline 0.005 -13"><span class='ocrx_word' id='word_1_689' title='bbox 1228 1670 1366 1698; x_wconf 85' lang='lat' dir='ltr'>ordinarie</span> <span class='ocrx_word' id='word_1_690' title='bbox 1396 1671 1555 1708; x_wconf 87' lang='lat' dir='ltr'>dispensare</span> <span class='ocrx_word' id='word_1_691' title='bbox 1566 1673 1587 1700; x_wconf 73' lang='lat'>4.</span> <span class='ocrx_word' id='word_1_692' title='bbox 1617 1672 1648 1700; x_wconf 87' lang='lat' dir='ltr'>Et</span> <span class='ocrx_word' id='word_1_693' title='bbox 1679 1672 1745 1708; x_wconf 86' lang='grc'><strong>(1010</strong></span> <span class='ocrx_word' id='word_1_694' title='bbox 1775 1672 1952 1707; x_wconf 73' lang='lat' dir='ltr'>excellentia,</span> <span class='ocrx_word' id='word_1_695' title='bbox 1974 1677 2078 1710; x_wconf 84' lang='lat' dir='ltr'>quanto</span> 
     </span>
     <span class='ocr_line' id='line_1_108' title="bbox 1228 1717 2078 1757; baseline 0.006 -13"><span class='ocrx_word' id='word_1_696' title='bbox 1228 1717 1315 1753; x_wconf 74' lang='lat' dir='ltr'>magis</span> <span class='ocrx_word' id='word_1_697' title='bbox 1343 1718 1498 1753; x_wconf 87' lang='lat' dir='ltr'>descendit,</span> <span class='ocrx_word' id='word_1_698' title='bbox 1531 1722 1605 1748; x_wconf 91' lang='lat' dir='ltr'>tanto</span> <span class='ocrx_word' id='word_1_699' title='bbox 1636 1719 1724 1756; x_wconf 81' lang='lat' dir='ltr'>magis</span> <span class='ocrx_word' id='word_1_700' title='bbox 1754 1719 1885 1748; x_wconf 88' lang='lat' dir='ltr'>dilatatur</span> <span class='ocrx_word' id='word_1_701' title='bbox 1916 1723 1943 1749; x_wconf 88' lang='lat' dir='ltr'>et</span> <span class='ocrx_word' id='word_1_702' title='bbox 1974 1724 2078 1757; x_wconf 82' lang='lat' dir='ltr'>quanto</span> 
     </span>
     <span class='ocr_line' id='line_1_109' title="bbox 1229 1763 2078 1804; baseline 0.005 -13"><span class='ocrx_word' id='word_1_703' title='bbox 1229 1763 1316 1800; x_wconf 74' lang='lat' dir='ltr'>inagis</span> <span class='ocrx_word' id='word_1_704' title='bbox 1336 1764 1473 1799; x_wconf 89' lang='lat' dir='ltr'>ascendit,</span> <span class='ocrx_word' id='word_1_705' title='bbox 1495 1769 1571 1794; x_wconf 89' lang='lat' dir='ltr'>tanto</span> <span class='ocrx_word' id='word_1_706' title='bbox 1591 1766 1678 1803; x_wconf 78' lang='lat' dir='ltr'>magis</span> <span class='ocrx_word' id='word_1_707' title='bbox 1699 1766 1811 1795; x_wconf 90' lang='lat' dir='ltr'>unitur:</span> <span class='ocrx_word' id='word_1_708' title='bbox 1834 1766 1898 1795; x_wconf 89' lang='lat' dir='ltr'>hinc</span> <span class='ocrx_word' id='word_1_709' title='bbox 1918 1769 1975 1801; x_wconf 88' lang='lat' dir='ltr'>est,</span> <span class='ocrx_word' id='word_1_710' title='bbox 2004 1767 2078 1804; x_wconf 90' lang='grc'><strong>(111011</strong></span> 
     </span>
     <span class='ocr_line' id='line_1_110' title="bbox 1228 1811 2078 1852; baseline 0.006 -13"><span class='ocrx_word' id='word_1_711' title='bbox 1228 1811 1324 1848; x_wconf 83' lang='lat' dir='ltr'>plnres</span> <span class='ocrx_word' id='word_1_712' title='bbox 1345 1814 1410 1840; x_wconf 86' lang='lat' dir='ltr'>sunt</span> <span class='ocrx_word' id='word_1_713' title='bbox 1437 1813 1571 1850; x_wconf 85' lang='lat' dir='ltr'>episcopi,</span> <span class='ocrx_word' id='word_1_714' title='bbox 1594 1814 1739 1850; x_wconf 89' lang='lat' dir='ltr'>pauciores</span> <span class='ocrx_word' id='word_1_715' title='bbox 1769 1814 1984 1852; x_wconf 77' lang='lat' dir='ltr'>archiepiscopi,</span> <span class='ocrx_word' id='word_1_716' title='bbox 2010 1823 2078 1852; x_wconf 82' lang='lat' dir='ltr'>pau-</span> 
     </span>
     <span class='ocr_line' id='line_1_111' title="bbox 1228 1858 2220 1906; baseline 0.003 -19"><span class='ocrx_word' id='word_1_717' title='bbox 1228 1858 1329 1887; x_wconf 84' lang='lat' dir='ltr'>cissimi</span> <span class='ocrx_word' id='word_1_718' title='bbox 1351 1858 1525 1895; x_wconf 84' lang='lat' dir='ltr'>patriarchae</span> <span class='ocrx_word' id='word_1_719' title='bbox 1546 1863 1573 1888; x_wconf 90' lang='lat' dir='ltr'>et</span> <span class='ocrx_word' id='word_1_720' title='bbox 1594 1868 1667 1889; x_wconf 89' lang='lat' dir='ltr'>unus</span> <span class='ocrx_word' id='word_1_721' title='bbox 1685 1863 1767 1897; x_wconf 72' lang='lat' dir='ltr'>‘pater</span> <span class='ocrx_word' id='word_1_722' title='bbox 1786 1863 1911 1898; x_wconf 90' lang='lat' dir='ltr'>patrum,</span> <span class='ocrx_word' id='word_1_723' title='bbox 1927 1861 1975 1899; x_wconf 91' lang='grc'><strong>(101</strong></span> <span class='ocrx_word' id='word_1_724' title='bbox 1991 1862 2078 1899; x_wconf 76' lang='lat' dir='ltr'>Puptt</span> <span class='ocrx_word' id='word_1_725' title='bbox 2091 1863 2220 1906; x_wconf 51' lang='lat' dir='ltr'>fficffiffiigffi</span> 
     </span>
     <span class='ocr_line' id='line_1_112' title="bbox 1228 1900 2205 1944; baseline 0.004 -11"><span class='ocrx_word' id='word_1_726' title='bbox 1228 1905 1328 1934; x_wconf 86' lang='lat' dir='ltr'>merito</span> <span class='ocrx_word' id='word_1_727' title='bbox 1349 1905 1521 1942; x_wconf 87' lang='lat' dir='ltr'>appellatur,</span> <span class='ocrx_word' id='word_1_728' title='bbox 1548 1909 1679 1944; x_wconf 86' lang='lat' dir='ltr'>tanquam</span> <span class='ocrx_word' id='word_1_729' title='bbox 1700 1915 1789 1942; x_wconf 88' lang='lat' dir='ltr'>unus,</span> <span class='ocrx_word' id='word_1_730' title='bbox 1816 1907 1924 1944; x_wconf 91' lang='lat' dir='ltr'>primus</span> <span class='ocrx_word' id='word_1_731' title='bbox 1955 1911 1982 1936; x_wconf 92' lang='lat' dir='ltr'>et</span> <span class='ocrx_word' id='word_1_732' title='bbox 2003 1916 2078 1937; x_wconf 88' lang='lat' dir='ltr'>snm-</span> <span class='ocrx_word' id='word_1_733' title='bbox 2201 1900 2205 1905; x_wconf 74' lang='grc'><strong>’</strong></span> 
     </span>
     <span class='ocr_line' id='line_1_113' title="bbox 1227 1952 2078 1991; baseline 0.005 -11"><span class='ocrx_word' id='word_1_734' title='bbox 1227 1961 1291 1981; x_wconf 86' lang='lat' dir='ltr'>mus</span> <span class='ocrx_word' id='word_1_735' title='bbox 1312 1955 1389 1989; x_wconf 84' lang='lat' dir='ltr'>pater</span> <span class='ocrx_word' id='word_1_736' title='bbox 1411 1952 1562 1989; x_wconf 85' lang='lat' dir='ltr'>spiritualis</span> <span class='ocrx_word' id='word_1_737' title='bbox 1575 1954 1699 1982; x_wconf 89' lang='lat' dir='ltr'>omnium</span> <span class='ocrx_word' id='word_1_738' title='bbox 1714 1957 1841 1991; x_wconf 83' lang='lat' dir='ltr'>patrum,</span> <span class='ocrx_word' id='word_1_739' title='bbox 1856 1954 1941 1983; x_wconf 89' lang='lat' dir='ltr'>immo</span> <span class='ocrx_word' id='word_1_740' title='bbox 1953 1955 2078 1985; x_wconf 85' lang='lat' dir='ltr'>oninium</span> 
     </span>
     <span class='ocr_line' id='line_1_114' title="bbox 1229 1999 2076 2038; baseline 0.004 -10"><span class='ocrx_word' id='word_1_741' title='bbox 1229 2000 1351 2029; x_wconf 81' lang='lat' dir='ltr'>fidelium</span> <span class='ocrx_word' id='word_1_742' title='bbox 1379 2002 1406 2028; x_wconf 90' lang='lat' dir='ltr'>et</span> <span class='ocrx_word' id='word_1_743' title='bbox 1434 1999 1582 2032; x_wconf 80' lang='lat' dir='ltr'>hierarcha</span> <span class='ocrx_word' id='word_1_744' title='bbox 1608 2001 1791 2038; x_wconf 84' lang='lat' dir='ltr'>praecipuus,</span> <span class='ocrx_word' id='word_1_745' title='bbox 1816 2010 1935 2038; x_wconf 87' lang='lat' dir='ltr'>sponsus</span> <span class='ocrx_word' id='word_1_746' title='bbox 1962 2003 2076 2037; x_wconf 84' lang='lat' dir='ltr'>unicus,</span> 
     </span>
     <span class='ocr_line' id='line_1_115' title="bbox 1228 2047 2078 2085; baseline 0.004 -9"><span class='ocrx_word' id='word_1_747' title='bbox 1228 2050 1311 2085; x_wconf 80' lang='lat' dir='ltr'>caput</span> <span class='ocrx_word' id='word_1_748' title='bbox 1333 2047 1497 2080; x_wconf 82' lang='lat' dir='ltr'>indivisum,</span> <span class='ocrx_word' id='word_1_749' title='bbox 1520 2047 1645 2076; x_wconf 79' lang='lat' dir='ltr'>Pontifex</span> <span class='ocrx_word' id='word_1_750' title='bbox 1666 2056 1808 2083; x_wconf 89' lang='lat' dir='ltr'>summus,</span> <span class='ocrx_word' id='word_1_751' title='bbox 1830 2049 1932 2078; x_wconf 86' lang='lat' dir='ltr'>Christi</span> <span class='ocrx_word' id='word_1_752' title='bbox 1948 2050 2078 2084; x_wconf 84' lang='lat' dir='ltr'>vicarius,</span> 
     </span>
     <span class='ocr_line' id='line_1_116' title="bbox 1228 2094 2078 2133; baseline 0.002 -10"><span class='ocrx_word' id='word_1_753' title='bbox 1228 2095 1303 2129; x_wconf 82' lang='lat' dir='ltr'>fons,</span> <span class='ocrx_word' id='word_1_754' title='bbox 1318 2094 1396 2131; x_wconf 79' lang='lat' dir='ltr'>origo</span> <span class='ocrx_word' id='word_1_755' title='bbox 1417 2097 1444 2123; x_wconf 88' lang='lat' dir='ltr'>et</span> <span class='ocrx_word' id='word_1_756' title='bbox 1466 2094 1562 2131; x_wconf 81' lang='lat' dir='ltr'>regula</span> <span class='ocrx_word' id='word_1_757' title='bbox 1583 2097 1747 2123; x_wconf 88' lang='lat' dir='ltr'>cunctorum</span> <span class='ocrx_word' id='word_1_758' title='bbox 1769 2096 1976 2133; x_wconf 82' lang='lat' dir='ltr'>principatuum</span> <span class='ocrx_word' id='word_1_759' title='bbox 1991 2097 2078 2131; x_wconf 62' lang='lat' dir='ltr'>eccle7</span> 
     </span>
     <span class='ocr_line' id='line_1_117' title="bbox 1228 2142 2074 2178; baseline 0.001 -7"><span class='ocrx_word' id='word_1_760' title='bbox 1228 2142 1419 2175; x_wconf 81' lang='lat' dir='ltr'>siasticorum;</span> <span class='ocrx_word' id='word_1_761' title='bbox 1440 2150 1457 2169; x_wconf 87' lang='lat' dir='ltr'>a</span> <span class='ocrx_word' id='word_1_762' title='bbox 1477 2149 1533 2178; x_wconf 87' lang='lat' dir='ltr'>quo</span> <span class='ocrx_word' id='word_1_763' title='bbox 1556 2143 1685 2178; x_wconf 83' lang='lat' dir='ltr'>tanquam</span> <span class='ocrx_word' id='word_1_764' title='bbox 1707 2150 1722 2169; x_wconf 88' lang='lat' dir='ltr'>a</span> <span class='ocrx_word' id='word_1_765' title='bbox 1744 2150 1853 2171; x_wconf 88' lang='lat' dir='ltr'>summo</span> <span class='ocrx_word' id='word_1_766' title='bbox 1868 2142 2012 2171; x_wconf 82' lang='lat' dir='ltr'>derivatur</span> <span class='ocrx_word' id='word_1_767' title='bbox 2033 2151 2074 2172; x_wconf 87' lang='lat' dir='ltr'>or—</span> 
     </span>
     <span class='ocr_line' id='line_1_118' title="bbox 1228 2188 2077 2226; baseline 0.002 -8"><span class='ocrx_word' id='word_1_768' title='bbox 1228 2189 1321 2218; x_wconf 84' lang='lat' dir='ltr'>dinata</span> <span class='ocrx_word' id='word_1_769' title='bbox 1346 2191 1466 2226; x_wconf 85' lang='lat' dir='ltr'>potestas</span> <span class='ocrx_word' id='word_1_770' title='bbox 1486 2196 1576 2225; x_wconf 87' lang='lat' dir='ltr'>usque</span> <span class='ocrx_word' id='word_1_771' title='bbox 1597 2188 1631 2216; x_wconf 88' lang='lat' dir='ltr'>ad</span> <span class='ocrx_word' id='word_1_772' title='bbox 1659 2188 1753 2217; x_wconf 85' lang='lat' dir='ltr'>infima</span> <span class='ocrx_word' id='word_1_773' title='bbox 1781 2189 1915 2218; x_wconf 83' lang='lat' dir='ltr'>Ecclesiae</span> <span class='ocrx_word' id='word_1_774' title='bbox 1936 2191 2077 2226; x_wconf 84' lang='lat' dir='ltr'>membra,</span> 
     </span>
     <span class='ocr_line' id='line_1_119' title="bbox 1228 2235 2078 2273; baseline 0.002 -8"><span class='ocrx_word' id='word_1_775' title='bbox 1228 2236 1382 2265; x_wconf 89' lang='lat' dir='ltr'>secundum</span> <span class='ocrx_word' id='word_1_776' title='bbox 1404 2235 1478 2273; x_wconf 92' lang='lat' dir='ltr'>quod</span> <span class='ocrx_word' id='word_1_777' title='bbox 1500 2235 1587 2272; x_wconf 82' lang='lat' dir='ltr'>exigit</span> <span class='ocrx_word' id='word_1_778' title='bbox 1603 2236 1783 2272; x_wconf 83' lang='lat' dir='ltr'>praecellens</span> <span class='ocrx_word' id='word_1_779' title='bbox 1803 2235 1921 2272; x_wconf 85' lang='lat' dir='ltr'>dignitas</span> <span class='ocrx_word' id='word_1_780' title='bbox 1943 2236 1971 2265; x_wconf 93' lang='lat' dir='ltr'>in</span> <span class='ocrx_word' id='word_1_781' title='bbox 1992 2238 2078 2267; x_wconf 87' lang='lat' dir='ltr'>eccle-</span> 
     </span>
     <span class='ocr_line' id='line_1_120' title="bbox 1229 2282 1548 2312; baseline -0.006 0"><span class='ocrx_word' id='word_1_782' title='bbox 1229 2283 1338 2312; x_wconf 86' lang='lat' dir='ltr'>siastica</span> <span class='ocrx_word' id='word_1_783' title='bbox 1359 2283 1517 2312; x_wconf 86' lang='lat' dir='ltr'>hierarchia</span> <span class='ocrx_word' id='word_1_784' title='bbox 1528 2282 1548 2310; x_wconf 84' lang='lat'>⁵.</span> 
     </span>
    </p>

    <p class='ocr_par' dir='ltr' id='par_1_24' title="bbox 1229 2329 2219 2511">
     <span class='ocr_line' id='line_1_121' title="bbox 1308 2329 2219 2368; baseline -0.003 -9"><span class='ocrx_word' id='word_1_785' title='bbox 1308 2330 1340 2359; x_wconf 92' lang='lat' dir='ltr'>Et</span> <span class='ocrx_word' id='word_1_786' title='bbox 1360 2330 1426 2368; x_wconf 86' lang='lat' dir='ltr'>quia</span> <span class='ocrx_word' id='word_1_787' title='bbox 1441 2330 1508 2364; x_wconf 82' lang='lat' dir='ltr'>haec</span> <span class='ocrx_word' id='word_1_788' title='bbox 1523 2329 1641 2367; x_wconf 84' lang='lat' dir='ltr'>dignitas</span> <span class='ocrx_word' id='word_1_789' title='bbox 1655 2329 1804 2366; x_wconf 86' lang='lat' dir='ltr'>praecipue</span> <span class='ocrx_word' id='word_1_790' title='bbox 1819 2331 1910 2357; x_wconf 88' lang='lat' dir='ltr'>manet</span> <span class='ocrx_word' id='word_1_791' title='bbox 1925 2329 1952 2358; x_wconf 93' lang='lat' dir='ltr'>in</span> <span class='ocrx_word' id='word_1_792' title='bbox 1967 2331 2076 2366; x_wconf 85' lang='lat' dir='ltr'>ordine,</span> <span class='ocrx_word' id='word_1_793' title='bbox 2090 2337 2126 2356; x_wconf 71' lang='lat' dir='ltr'>Pro</span> <span class='ocrx_word' id='word_1_794' title='bbox 2139 2337 2188 2357; x_wconf 74' lang='lat' dir='ltr'>thesi</span> <span class='ocrx_word' id='word_1_795' title='bbox 2201 2337 2219 2357; x_wconf 73' lang='lat' dir='ltr'>t.</span> 
     </span>
     <span class='ocr_line' id='line_1_122' title="bbox 1229 2376 2077 2413; baseline 0.004 -7"><span class='ocrx_word' id='word_1_796' title='bbox 1229 2377 1290 2406; x_wconf 87' lang='grc'><strong>11100</strong></span> <span class='ocrx_word' id='word_1_797' title='bbox 1311 2377 1364 2406; x_wconf 91' lang='lat' dir='ltr'>hoc</span> <span class='ocrx_word' id='word_1_798' title='bbox 1378 2378 1586 2406; x_wconf 88' lang='lat' dir='ltr'>Sacramentum</span> <span class='ocrx_word' id='word_1_799' title='bbox 1602 2385 1656 2405; x_wconf 92' lang='lat' dir='ltr'>non</span> <span class='ocrx_word' id='word_1_800' title='bbox 1677 2376 1759 2406; x_wconf 86' lang='lat' dir='ltr'>debet</span> <span class='ocrx_word' id='word_1_801' title='bbox 1772 2376 1925 2413; x_wconf 83' lang='lat' dir='ltr'>dispensari</span> <span class='ocrx_word' id='word_1_802' title='bbox 1946 2377 1997 2406; x_wconf 89' lang='lat' dir='ltr'>nisi</span> <span class='ocrx_word' id='word_1_803' title='bbox 2012 2386 2077 2408; x_wconf 86' lang='lat' dir='ltr'>cum</span> 
     </span>
     <span class='ocr_line' id='line_1_123' title="bbox 1231 2424 2077 2462; baseline 0.002 -9"><span class='ocrx_word' id='word_1_804' title='bbox 1231 2432 1330 2462; x_wconf 85' lang='lat' dir='ltr'>magna</span> <span class='ocrx_word' id='word_1_805' title='bbox 1356 2424 1520 2454; x_wconf 88' lang='lat' dir='ltr'>discretione</span> <span class='ocrx_word' id='word_1_806' title='bbox 1551 2427 1578 2453; x_wconf 91' lang='lat' dir='ltr'>et</span> <span class='ocrx_word' id='word_1_807' title='bbox 1609 2424 1797 2458; x_wconf 85' lang='lat' dir='ltr'>solemnitate,</span> <span class='ocrx_word' id='word_1_808' title='bbox 1818 2431 1850 2451; x_wconf 88' lang='lat' dir='ltr'>ac</span> <span class='ocrx_word' id='word_1_809' title='bbox 1878 2430 1927 2460; x_wconf 87' lang='lat' dir='ltr'>per</span> <span class='ocrx_word' id='word_1_810' title='bbox 1949 2424 2000 2454; x_wconf 88' lang='lat' dir='ltr'>hoc</span> <span class='ocrx_word' id='word_1_811' title='bbox 2022 2434 2077 2455; x_wconf 93' lang='lat' dir='ltr'>non</span> 
     </span>
     <span class='ocr_line' id='line_1_124' title="bbox 1230 2469 2076 2511; baseline 0.002 -12"><span class='ocrx_word' id='word_1_812' title='bbox 1230 2481 1249 2500; x_wconf 89' lang='lat' dir='ltr'>a</span> <span class='ocrx_word' id='word_1_813' title='bbox 1270 2471 1391 2510; x_wconf 69' lang='lat' dir='ltr'>quolibet</span> <span class='ocrx_word' id='word_1_814' title='bbox 1412 2479 1462 2501; x_wconf 88' lang='lat' dir='ltr'>nec</span> <span class='ocrx_word' id='word_1_815' title='bbox 1483 2472 1597 2501; x_wconf 80' lang='lat' dir='ltr'>cuilibet</span> <span class='ocrx_word' id='word_1_816' title='bbox 1619 2471 1711 2500; x_wconf 91' lang='lat' dir='ltr'>necin</span> <span class='ocrx_word' id='word_1_817' title='bbox 1726 2469 1849 2508; x_wconf 84' lang='lat' dir='ltr'>quolibet</span> <span class='ocrx_word' id='word_1_818' title='bbox 1863 2469 1921 2499; x_wconf 80' lang='lat' dir='ltr'>loco</span> <span class='ocrx_word' id='word_1_819' title='bbox 1943 2479 1993 2501; x_wconf 86' lang='lat' dir='ltr'>nec</span> <span class='ocrx_word' id='word_1_820' title='bbox 2007 2481 2076 2511; x_wconf 86' lang='lat' dir='ltr'>quo-</span> 
     </span>
    </p>
   </div>
   <div class='ocr_carea' id='block_1_19' title="bbox 1228 2627 2077 2971">
    <p class='ocr_par' dir='ltr' id='par_1_25' title="bbox 1228 2627 2077 2776">
     <span class='ocr_line' id='line_1_125' title="bbox 1228 2627 2077 2656; baseline 0 -4"><span class='ocrx_word' id='word_1_821' title='bbox 1228 2631 1318 2653; x_wconf 87' lang='lat' dir='ltr'>nnmcri</span> <span class='ocrx_word' id='word_1_822' title='bbox 1336 2629 1419 2652; x_wconf 83' lang='lat' dir='ltr'>senarii</span> <span class='ocrx_word' id='word_1_823' title='bbox 1437 2631 1478 2652; x_wconf 85' lang='lat' dir='ltr'>cfr.</span> <span class='ocrx_word' id='word_1_824' title='bbox 1495 2631 1510 2652; x_wconf 89' lang='lat'>1.</span> <span class='ocrx_word' id='word_1_825' title='bbox 1527 2631 1589 2652; x_wconf 88' lang='lat' dir='ltr'>Sent.</span> <span class='ocrx_word' id='word_1_826' title='bbox 1608 2630 1632 2651; x_wconf 88' lang='lat' dir='ltr'>d.</span> <span class='ocrx_word' id='word_1_827' title='bbox 1649 2630 1671 2650; x_wconf 80' lang='grc'>-2,</span> <span class='ocrx_word' id='word_1_828' title='bbox 1683 2634 1706 2656; x_wconf 88' lang='grc'>(1.</span> <span class='ocrx_word' id='word_1_829' title='bbox 1720 2627 1742 2649; x_wconf 68' lang='lat' dir='ltr'>t.</span> <span class='ocrx_word' id='word_1_830' title='bbox 1754 2627 1907 2653; x_wconf 79' lang='lat' dir='ltr'>sclioliou.,-</span> <span class='ocrx_word' id='word_1_831' title='bbox 1918 2628 1996 2651; x_wconf 84' lang='lat' dir='ltr'>Plures</span> <span class='ocrx_word' id='word_1_832' title='bbox 2007 2629 2077 2652; x_wconf 87' lang='lat' dir='ltr'>codd.</span> 
     </span>
     <span class='ocr_line' id='line_1_126' title="bbox 1228 2665 2076 2698; baseline -0.001 -7"><span class='ocrx_word' id='word_1_833' title='bbox 1228 2668 1260 2692; x_wconf 81' lang='lat' dir='ltr'>ud</span> <span class='ocrx_word' id='word_1_834' title='bbox 1276 2669 1380 2698; x_wconf 68' lang='lat' dir='ltr'>oraclum</span> <span class='ocrx_word' id='word_1_835' title='bbox 1397 2669 1541 2693; x_wconf 75' lang='lat' dir='ltr'>Salomonis.</span> <span class='ocrx_word' id='word_1_836' title='bbox 1554 2668 1666 2696; x_wconf 78' lang='lat' dir='ltr'>Supernis</span> <span class='ocrx_word' id='word_1_837' title='bbox 1678 2666 1729 2689; x_wconf 75' lang='lat' dir='ltr'>roci</span> <span class='ocrx_word' id='word_1_838' title='bbox 1739 2665 1906 2696; x_wconf 80' lang='lat' dir='ltr'>principaliter</span> <span class='ocrx_word' id='word_1_839' title='bbox 1917 2667 1995 2695; x_wconf 85' lang='lat' dir='ltr'>plures</span> <span class='ocrx_word' id='word_1_840' title='bbox 2006 2668 2076 2690; x_wconf 86' lang='lat' dir='ltr'>codd.</span> 
     </span>
     <span class='ocr_line' id='line_1_127' title="bbox 1229 2705 2076 2738; baseline -0.001 -7"><span class='ocrx_word' id='word_1_841' title='bbox 1229 2708 1361 2736; x_wconf 78' lang='lat' dir='ltr'>praefigunt</span> <span class='ocrx_word' id='word_1_842' title='bbox 1371 2707 1504 2738; x_wconf 64' lang='lat' dir='ltr'>specialiter</span> <span class='ocrx_word' id='word_1_843' title='bbox 1516 2708 1545 2730; x_wconf 82' lang='lat' dir='ltr'>el.</span> <span class='ocrx_word' id='word_1_844' title='bbox 1558 2707 1653 2729; x_wconf 82' lang='lat' dir='ltr'>lnl&#39;erius</span> <span class='ocrx_word' id='word_1_845' title='bbox 1666 2712 1708 2734; x_wconf 89' lang='lat' dir='ltr'>pro</span> <span class='ocrx_word' id='word_1_846' title='bbox 1719 2712 1734 2728; x_wconf 87' lang='grc' dir='ltr'><em>α</em></span> <span class='ocrx_word' id='word_1_847' title='bbox 1743 2705 1857 2735; x_wconf 65' lang='lat' dir='ltr'>proximo</span> <span class='ocrx_word' id='word_1_848' title='bbox 1870 2712 1916 2728; x_wconf 92' lang='lat' dir='ltr'>non</span> <span class='ocrx_word' id='word_1_849' title='bbox 1928 2707 1995 2735; x_wconf 85' lang='lat' dir='ltr'>pauci</span> <span class='ocrx_word' id='word_1_850' title='bbox 2007 2707 2076 2730; x_wconf 87' lang='lat' dir='ltr'>codd.</span> 
     </span>
     <span class='ocr_line' id='line_1_128' title="bbox 1229 2746 1466 2776; baseline -0.008 -6"><span class='ocrx_word' id='word_1_851' title='bbox 1229 2750 1251 2770; x_wconf 85' lang='lat' dir='ltr'>et</span> <span class='ocrx_word' id='word_1_852' title='bbox 1268 2748 1281 2770; x_wconf 79' lang='lat'><strong>2</strong></span> <span class='ocrx_word' id='word_1_853' title='bbox 1299 2747 1327 2770; x_wconf 86' lang='lat' dir='ltr'>de</span> <span class='ocrx_word' id='word_1_854' title='bbox 1341 2746 1466 2776; x_wconf 73' lang='lat' dir='ltr'>prooeiino.</span> 
     </span>
    </p>

    <p class='ocr_par' dir='ltr' id='par_1_26' title="bbox 1230 2783 2077 2854">
     <span class='ocr_line' id='line_1_129' title="bbox 1291 2783 2077 2814; baseline -0.003 -5"><span class='ocrx_word' id='word_1_855' title='bbox 1291 2785 1301 2798; x_wconf 81' lang='lat'><strong>³</strong></span> <span class='ocrx_word' id='word_1_856' title='bbox 1318 2786 1365 2809; x_wconf 88' lang='lat' dir='ltr'>Csr.</span> <span class='ocrx_word' id='word_1_857' title='bbox 1376 2792 1447 2814; x_wconf 83' lang='lat' dir='ltr'>supra</span> <span class='ocrx_word' id='word_1_858' title='bbox 1465 2790 1519 2813; x_wconf 79' lang='lat' dir='ltr'>pag.</span> <span class='ocrx_word' id='word_1_859' title='bbox 1531 2785 1589 2812; x_wconf 76' lang='lat'>223,</span> <span class='ocrx_word' id='word_1_860' title='bbox 1602 2787 1655 2808; x_wconf 86' lang='lat' dir='ltr'>nota</span> <span class='ocrx_word' id='word_1_861' title='bbox 1673 2785 1695 2808; x_wconf 84' lang='lat'>6.</span> <span class='ocrx_word' id='word_1_862' title='bbox 1712 2786 1734 2807; x_wconf 89' lang='lat' dir='ltr'>et</span> <span class='ocrx_word' id='word_1_863' title='bbox 1751 2790 1806 2813; x_wconf 82' lang='lat' dir='ltr'>pag.</span> <span class='ocrx_word' id='word_1_864' title='bbox 1818 2783 1874 2811; x_wconf 70' lang='lat'>495,</span> <span class='ocrx_word' id='word_1_865' title='bbox 1886 2786 1939 2806; x_wconf 85' lang='lat' dir='ltr'>nota</span> <span class='ocrx_word' id='word_1_866' title='bbox 1956 2783 2021 2807; x_wconf 89' lang='grc'>7.-</span> <span class='ocrx_word' id='word_1_867' title='bbox 2032 2785 2077 2807; x_wconf 75' lang='lat'>111²</span> 
     </span>
     <span class='ocr_line' id='line_1_130' title="bbox 1230 2822 2077 2854; baseline -0.001 -7"><span class='ocrx_word' id='word_1_868' title='bbox 1230 2828 1253 2847; x_wconf 88' lang='lat' dir='ltr'>et</span> <span class='ocrx_word' id='word_1_869' title='bbox 1265 2826 1273 2847; x_wconf 65' lang='lat' dir='ltr'>rl</span> <span class='ocrx_word' id='word_1_870' title='bbox 1291 2825 1382 2847; x_wconf 83' lang='lat' dir='ltr'>addunt</span> <span class='ocrx_word' id='word_1_871' title='bbox 1392 2825 1414 2847; x_wconf 83' lang='lat' dir='ltr'>et</span> <span class='ocrx_word' id='word_1_872' title='bbox 1422 2823 1566 2854; x_wconf 78' lang='lat' dir='ltr'>perficiendi.</span> <span class='ocrx_word' id='word_1_873' title='bbox 1579 2823 1673 2847; x_wconf 82' lang='lat' dir='ltr'>lnferius</span> <span class='ocrx_word' id='word_1_874' title='bbox 1690 2830 1733 2852; x_wconf 85' lang='lat' dir='ltr'>pro</span> <span class='ocrx_word' id='word_1_875' title='bbox 1750 2822 1850 2849; x_wconf 77' lang='lat' dir='ltr'>termino</span> <span class='ocrx_word' id='word_1_876' title='bbox 1864 2822 1882 2844; x_wconf 85' lang='lat' dir='ltr'>B</span> <span class='ocrx_word' id='word_1_877' title='bbox 1891 2822 1898 2845; x_wconf 94' lang='grc' dir='ltr'>Ι</span> <span class='ocrx_word' id='word_1_878' title='bbox 1907 2823 1926 2845; x_wconf 81' lang='lat' dir='ltr'>K</span> <span class='ocrx_word' id='word_1_879' title='bbox 1936 2822 1954 2845; x_wconf 94' lang='grc' dir='ltr'>Ο</span> <span class='ocrx_word' id='word_1_880' title='bbox 1965 2823 1983 2845; x_wconf 87' lang='grc' dir='ltr'><strong><em>Τ</em></strong></span> <span class='ocrx_word' id='word_1_881' title='bbox 1992 2823 2010 2845; x_wconf 90' lang='lat' dir='ltr'><strong>U</strong></span> <span class='ocrx_word' id='word_1_882' title='bbox 2022 2823 2077 2853; x_wconf 73' lang='lat' dir='ltr'>fine.</span> 
     </span>
    </p>

    <p class='ocr_par' dir='ltr' id='par_1_27' title="bbox 1232 2862 2077 2932">
     <span class='ocr_line' id='line_1_131' title="bbox 1293 2862 2077 2892; baseline -0.001 -7"><span class='ocrx_word' id='word_1_883' title='bbox 1293 2863 1304 2875; x_wconf 79' lang='lat'><strong>⁴</strong></span> <span class='ocrx_word' id='word_1_884' title='bbox 1321 2863 1373 2886; x_wconf 83' lang='lat' dir='ltr'>Vat.</span> <span class='ocrx_word' id='word_1_885' title='bbox 1389 2869 1442 2885; x_wconf 89' lang='lat' dir='ltr'>cum</span> <span class='ocrx_word' id='word_1_886' title='bbox 1460 2863 1565 2891; x_wconf 85' lang='lat' dir='ltr'>pluribus</span> <span class='ocrx_word' id='word_1_887' title='bbox 1577 2864 1658 2891; x_wconf 91' lang='lat' dir='ltr'>codd.,</span> <span class='ocrx_word' id='word_1_888' title='bbox 1670 2863 1771 2892; x_wconf 81' lang='lat' dir='ltr'>exceptis</span> <span class='ocrx_word' id='word_1_889' title='bbox 1783 2866 1859 2885; x_wconf 83' lang='lat' dir='ltr'>tumen</span> <span class='ocrx_word' id='word_1_890' title='bbox 1871 2862 1878 2884; x_wconf 90' lang='lat' dir='ltr'>l</span> <span class='ocrx_word' id='word_1_891' title='bbox 1888 2862 1904 2884; x_wconf 94' lang='lat' dir='ltr'>L</span> <span class='ocrx_word' id='word_1_892' title='bbox 1914 2862 1933 2884; x_wconf 82' lang='lat' dir='ltr'>M</span> <span class='ocrx_word' id='word_1_893' title='bbox 1943 2862 1961 2884; x_wconf 95' lang='grc' dir='ltr'>Ο</span> <span class='ocrx_word' id='word_1_894' title='bbox 1971 2862 1987 2884; x_wconf 87' lang='lat' dir='ltr'>P</span> <span class='ocrx_word' id='word_1_895' title='bbox 1997 2862 2015 2891; x_wconf 90' lang='lat' dir='ltr'>Q</span> <span class='ocrx_word' id='word_1_896' title='bbox 2023 2879 2028 2889; x_wconf 91' lang='lat'>,</span> <span class='ocrx_word' id='word_1_897' title='bbox 2040 2868 2077 2885; x_wconf 83' lang='lat' dir='ltr'>or-</span> 
     </span>
     <span class='ocr_line' id='line_1_132' title="bbox 1232 2901 1514 2932; baseline 0 -7"><span class='ocrx_word' id='word_1_898' title='bbox 1232 2902 1316 2926; x_wconf 77' lang='lat' dir='ltr'>dinare</span> <span class='ocrx_word' id='word_1_899' title='bbox 1332 2903 1353 2926; x_wconf 89' lang='lat' dir='ltr'>et</span> <span class='ocrx_word' id='word_1_900' title='bbox 1370 2901 1514 2932; x_wconf 78' lang='lat' dir='ltr'>dispensare.</span> 
     </span>
    </p>

    <p class='ocr_par' dir='ltr' id='par_1_28' title="bbox 1294 2940 2025 2971">
     <span class='ocr_line' id='line_1_133' title="bbox 1294 2940 2025 2971; baseline -0.001 -7"><span class='ocrx_word' id='word_1_901' title='bbox 1294 2940 1305 2954; x_wconf 79' lang='lat'><strong>⁶</strong></span> <span class='ocrx_word' id='word_1_902' title='bbox 1321 2941 1367 2965; x_wconf 80' lang='lat' dir='ltr'>Cfr.</span> <span class='ocrx_word' id='word_1_903' title='bbox 1384 2948 1453 2970; x_wconf 84' lang='lat' dir='ltr'>supra</span> <span class='ocrx_word' id='word_1_904' title='bbox 1471 2942 1563 2971; x_wconf 87' lang='lat' dir='ltr'>Quaest.</span> <span class='ocrx_word' id='word_1_905' title='bbox 1581 2943 1610 2965; x_wconf 93' lang='lat' dir='ltr'>de</span> <span class='ocrx_word' id='word_1_906' title='bbox 1628 2942 1768 2970; x_wconf 76' lang='lat' dir='ltr'>perfectione</span> <span class='ocrx_word' id='word_1_907' title='bbox 1784 2947 1868 2969; x_wconf 80' lang='lat' dir='ltr'>evang.</span> <span class='ocrx_word' id='word_1_908' title='bbox 1885 2947 1908 2969; x_wconf 86' lang='grc'>(1.</span> <span class='ocrx_word' id='word_1_909' title='bbox 1925 2941 1947 2964; x_wconf 73' lang='lat'>4.</span> <span class='ocrx_word' id='word_1_910' title='bbox 1964 2947 1985 2963; x_wconf 82' lang='lat' dir='ltr'>a.</span> <span class='ocrx_word' id='word_1_911' title='bbox 2003 2941 2025 2963; x_wconf 85' lang='lat'>3.</span> 
     </span>
    </p>
   </div>
  </div>
 </body>
</html>
