2285 3398
168 694 213 712 Pars
225 693 239 712 1.
252 693 287 711 Ex-

154 717 231 740 plicatio
238 717 286 735 litte·

156 741 206 759 ratis.

154 927 217 945 Yet-ba
231 927 281 945 tertii

166 956 197 974 pm
202 950 268 974 ecepti.

169 1486 250 1510 Spiritus
263 1487 281 1504 S.

189 1512 260 1529 auctor.

166 1673 210 1692 Tria
222 1673 240 1692 in
254 1673 283 1691 his

177 1709 180 1713 .
190 1697 259 1715 verbis.

155 1813 205 1837 Quid
218 1813 284 1831 sancti-

187 1836 255 1855 ficatio.

299 189 355 218 520

299 266 381 295 timor
394 266 442 295 Dci
457 266 520 294 facit
541 265 665 294 invenire
680 264 930 299 misericordiam,
945 267 972 293 et
992 265 1139 294 observan—

298 313 336 342 tia
356 312 561 345 mandatorum,
583 311 734 340 iustitiam.
757 311 944 341 Consideratio
964 315 1058 340 autem
1079 321 1140 341 ma-

298 359 481 398 gnificentiae
503 359 555 388 Dei
576 358 680 387 inducit
707 358 741 387 ad
769 358 934 392 timendum
959 358 1140 388 consideratio

298 414 365 435 vero
385 406 502 435 diuinae
529 405 598 443 leyis
618 405 724 438 inducit
744 405 778 433 ad
799 405 1002 434 observantiam
1029 405 1140 434 manda-

298 456 399 482 torum.
432 453 463 481 Et
483 455 596 489 propter
618 452 669 480 hoc
694 451 821 480 innuitur
851 451 943 485 nobis,
974 454 1006 480 ut
1033 458 1140 488 semper
1168 490 1170 492 Ι

299 499 450 536 cogitemus
479 498 599 526 divinam
624 497 721 534 legem.
743 497 818 526 Unde
849 497 939 526 ludaei
967 497 1011 526 die
1032 497 1140 525 Sabbati
1168 499 1170 502 '

299 548 502 573 consueverunt
523 552 631 581 semper
661 544 803 581 disputare
833 544 867 572 de
888 544 947 580 lege
967 543 1015 572 Dei
1030 544 1049 577 ¹,
1077 543 1142 580 quia

300 592 351 620 hoc
366 594 407 619 est
420 599 490 627 opus
504 586 561 619 Dei.
577 591 638 619 Ideo
652 591 680 619 in
694 590 830 628 principio
844 597 974 627 rogemus
987 590 1076 618 Deum
1090 593 1140 619 ete.

377 639 403 666 2.
426 638 561 666 Memento
575 640 626 667 etc.
642 638 770 666 Dicebam
787 637 865 666 vobis
877 637 897 671 ²,
915 637 989 674 quod
1011 637 1038 665 in
1053 637 1143 673 pritna

299 685 392 713 tabula
412 685 588 713 continentur
615 684 669 713 tria
695 684 824 713 mandata
851 684 1005 712 ordinantia
1032 691 1082 712 nos
1109 680 1147 712 ad'

298 731 386 760 Deum
408 731 561 759 secundum
582 731 635 759 tria
654 731 832 768 appropriata
853 731 943 759 tribus
963 730 1089 767 personis
1102 730 1142 758 di-

287 778 377 806 .vinis.
400 778 427 806 ln
444 772 539 814 'primo
560 777 688 806 mandato
708 778 877 815 praecipitur
892 776 1013 807 humilis
1033 777 1142 805 adora-

299 825 336 853 tio
357 825 464 853 divinae
492 824 656 858 maiestatis,
685 824 712 853 in
741 824 860 853 secundo
887 824 980 861 fidelis
1001 823 1142 861 confessio

296 879 421 902 summae
442 871 578 905 veritatis,
600 871 626 899 in
649 871 730 900 tertio
750 872 866 899 sincera
887 871 998 900 dilectio
1018 874 1142 899 summae

297 918 434 947 bonitatis.
451 918 482 946 Et
492 918 544 946 hoc
559 921 600 946 est
612 918 725 946 tertium
738 921 926 954 praeceptum,
942 921 968 946 et
979 920 1020 946 est
1034 925 1143 946 summa

300 964 466 993 verborum:
494 965 646 999 Memento,
673 968 706 993 ut
729 965 804 993 diem
831 964 952 993 Sabbati
969 963 1140 1000 sanctifices.

298 1012 468 1050 Sequiturss:
498 1012 553 1040 Sem
574 1012 674 1041 dicbus
702 1011 868 1049 operaberis
895 1015 921 1040 et
940 1010 1033 1048 facies
1060 1019 1143 1039 omne

298 1062 494 1096 opusfcuunu
514 1059 633 1096 septimo
657 1062 754 1087 autem
775 1059 821 1087 die
842 1058 1003 1087 Sabbatum
1027 1058 1144 1087 Domini

299 1105 351 1134 Dei
372 1105 416 1134 tui
442 1109 499 1139 est‚·
519 1114 577 1134 non
607 1104 699 1143 facies
720 1114 802 1134 omne
833 1114 905 1143 opus
927 1105 958 1134 in
988 1114 1032 1139 eo,
1063 1109 1093 1133 tu
1118 1108 1143 1132 et

298 1151 378 1189 filius
399 1156 467 1181 tuus
487 1155 512 1181 et
531 1152 595 1189 filia
609 1156 678 1185 tua,
696 1161 799 1180 servus
820 1156 889 1180 tuus
903 1156 927 1181 et
948 1152 1057 1180 ancilla
1076 1155 1141 1184 tua,

300 1199 460 1227 iumentum
488 1202 572 1227 tuum
592 1202 617 1227 et
642 1199 772 1233 moena,
794 1199 845 1237 qui
872 1203 913 1227 est
940 1199 1020 1227 intra
1039 1202 1142 1235 portas

300 1249 375 1274 tuas.
404 1245 459 1274 Sex
490 1245 565 1273 enim
593 1245 692 1274 diebus
718 1244 787 1282 fecit
813 1246 954 1274 Dominus
978 1245 1090 1274 caelum
1118 1247 1143 1272 et

301 1295 427 1325 terram,
448 1300 531 1320 mare
551 1295 577 1320 et
597 1292 712 1325 omnia,
734 1300 807 1329 quae
829 1292 859 1320 in
880 1292 920 1320 eis
944 1294 1028 1325 sunt,
1050 1294 1076 1319 et
1098 1298 1142 1319 re-

300 1338 407 1376 quievit
426 1338 457 1366 in
477 1338 523 1366 die
547 1338 673 1375 septimo.
697 1338 809 1366 Idcirco
838 1337 979 1366 benedixit
1001 1337 1143 1366 Dominus

300 1385 359 1413 diei
378 1384 499 1413 Sabbati
518 1388 545 1413 et
564 1384 760 1421 sanctificavit
780 1393 854 1412 eum.

378 1431 403 1460 3.
427 1431 533 1465 Videte,
554 1431 629 1468 quod
649 1431 676 1459 in
702 1431 744 1460 his
772 1431 864 1460 verbis
884 1431 1004 1467 Spiritus
1030 1434 1142 1459 sanctus

301 1478 409 1514 scripsit
430 1478 552 1511 tabulas3
574 1478 639 1515 quia
667 1478 785 1514 Spiritus
806 1480 917 1506 sanctus
945 1485 994 1514 per
1019 1477 1143 1514 diuitum

302 1524 354 1552 Dei
372 1524 543 1561 intelligitur,
558 1524 604 1561 qui
626 1525 719 1552 omnia
732 1527 878 1561 praecepta
899 1523 1062 1560 conscripsit
1080 1531 1142 1552 cum

299 1579 407 1599 summa
426 1571 578 1608 diligentia,
600 1571 743 1600 insinuans
765 1570 883 1598 mandati
906 1570 1099 1606 inte97·itatem
1117 1572 1144 1597 et

299 1613 583 1646 consummationem.
607 1617 633 1645 [n
656 1614 707 1645 hoc.
732 1620 825 1645 autem
846 1616 974 1644 mandato
995 1615 1144 1652 Legislator

299 1664 403 1701 aliquid
421 1664 582 1701 praecipit,
604 1664 708 1701 aliquid
729 1663 855 1692 concedit
876 1666 902 1692 et
924 1662 1028 1699 aliquid
1056 1662 1144 1690 inter-

300 1711 377 1739 dicit.
400 1711 550 1747 Praecipit
574 1710 745 1739 sanctificare
773 1710 843 1738 diem
866 1709 991 1743 Sabbati,
1013 1709 1066 1737 ibi:
1088 1709 1143 1737 Me-

300 1761 412 1790 mento,
444 1761 475 1785 ut
506 1758 581 1785 diem
607 1757 729 1785 Sabbati
757 1756 928 1792 sanctifices.
961 1755 1144 1784 sanctificatio

301 1804 374 1832 enim
396 1806 437 1832 est
458 1807 621 1832 convertens
642 1803 761 1831 animam
782 1803 816 1831 ad
836 1803 924 1831 Deum
947 1805 1089 1836 sanctum,
1111 1801 1145 1830 ad

301 1850 390 1878 Deum
410 1858 507 1879 verum
535 1852 563 1879 et
582 1850 615 1878 ad
643 1850 731 1878 Deum
754 1857 860 1878 summe
887 1849 1064 1886 diligendum.
1094 1849 1146 1876 Ali—

302 1896 369 1933 quid
389 1896 516 1925 concea'it
536 1897 563 1924 in
585 1888 636 1924 is'to
657 1896 797 1929 mandato,
819 1896 869 1924 ihi:
892 1895 947 1924 Sea:
968 1895 1068 1924 (liebus
1082 1903 1145 1932 op&

302 1942 417 1971 raberis
437 1946 463 1970 et
481 1941 573 1978 facie-5
596 1950 677 1970 omne
691 1950 763 1978 opus
785 1945 876 1969 tuum.
892 1942 1000 1978 Aliquid
1020 1949 1087 1970 vero
1102 1941 1146 1969 in-

304 1988 429 2022 terdicit,
451 1991 482 2016 ut
495 1996 566 2024 opus
580 1988 693 2021 servile,
708 1988 761 2015 ibi:
784 1987 904 2016 Nullum
919 1995 992 2024 opus
1005 1986 1097 2024 facies
1115 1987 1146 2015 in

303 2043 334 2063 eo
354 2037 405 2063 etc.
428 2034 496 2062 Haec
517 2036 559 2062 est
579 2033 699 2070 perfecta
720 2033 840 2067 vacatio,
861 2041 932 2070 quae
953 2032 1146 2061 habetadiun-

304 2084 376 2109 ctam
396 2080 494 2111 bonam
515 2080 702 2116 operationem
720 2082 751 2118 ¹et
770 2079 937 2115 prohibitam
959 2078 1145 2115 operationem

304 2127 440 2156 servilem.

846 186 889 216 DE
912 186 1023 217 DECEM
1045 187 1238 216 PRAECEPTIS
1258 186 1419 215 COLLATIO
1442 187 1482 215 tv.

1274 265 1299 293 ίι.
1325 264 1409 292 Ratio
1429 264 1566 301 praecepti
1589 265 1780 302 subiungitur,
1803 264 1855 293 ibi:
1871 265 1926 293 Sea·
1940 265 2040 295 diebus
2057 273 2111 291 Ratio
2124 273 2169 291 sub—

2069 297 2161 319 iungitur.

1195 311 1264 349 fecit
1286 310 1428 339 Dominus
1448 310 1561 339 caelum
1581 315 1605 339 et
1627 314 1754 345 terram,
1776 319 1859 339 mare
1879 315 1905 340 et
1925 312 2039 347 omnia,

1196 367 1271 396 quae
1285 357 1316 386 in
1330 357 1370 385 eis
1384 361 1466 390 sunt,
1482 360 1507 385 et
1521 357 1659 395 requievit
1672 358 1703 386 in
1724 357 1769 385 die
1783 357 1911 394 septimo.
1927 358 2040 386 Idcirco

1197 404 1340 433 benedioeit
1363 404 1505 432 Dominus
1525 407 1551 432 et
1569 403 1766 441 sanctificavit
1786 412 1859 432 eum.
1883 404 1934 432 Sed
1954 412 2051 440 quare,

1197 451 1329 488 praecipit
1350 449 1482 478 vacare?
1503 450 1595 485 Certe,
1617 451 1682 488 quia
1703 450 1847 481 benedixit
1866 454 1890 478 et
1911 450 2041 486 sanctifi-

1197 498 1273 526 cavit
1294 506 1368 526 cum.
1392 496 1453 525 Ideo
1473 499 1501 525 et
1522 499 1564 531 tu,
1590 501 1718 527 creatura
1739 497 1803 531 Dei,
1832 505 1903 534 quae
1931 505 1960 526 es
1981 497 2041 525 imi-

1198 545 1283 573 tatrix
1305 544 1421 578 Christi,
1443 543 1527 572 debes
1547 544 1599 573 hoc
1619 545 1717 574 facere.

1277 593 1301 620 5
1325 591 1374 619 Sed
1398 590 1487 619 ludaei
1508 590 1640 620 insultant
1660 591 1739 619 nobis
1753 594 1781 619 et
1801 590 1911 619 dicunt:
1933 598 1982 619 vos
2004 593 2042 618 te-

1198 638 1268 667 netis
1288 638 1464 674 decalogum,
1486 640 1513 666 et
1534 637 1679 675 decalogus
1699 646 1753 666 non
1776 637 1874 666 habuit
1890 637 1942 665 nisi
1964 644 2043 673 prae-

1198 688 1276 722 cepta
1298 684 1412 713 moralia
1424 686 1447 718 4;
1477 684 1580 712 morale
1607 687 1698 713 autem
1728 684 1917 713 necessitatem
1946 683 2043 712 habuit

1198 740 1249 768 pro
1270 731 1343 759 omni
1366 733 1497 767 tempore.
1520 730 1639 767 Septima
1658 734 1751 760 autem
1773 731 1843 764 dies,
1865 730 1893 758 in
1912 738 1968 767 qua
1988 738 2041 759 non

1199 778 1261 807 licet
1281 777 1406 814 operari,
1428 786 1444 805 a
1465 778 1556 814 prima
1575 777 1633 811 die,
1654 778 1682 806 in
1703 786 1759 815 qua
1774 778 1836 806 licet
1857 777 1981 814 operari,
2002 780 2044 806 est

1198 825 1256 853 dies
1276 825 1401 858 Sabbati,
1426 832 1497 861 quae
1517 824 1618 852 dicitur
1644 824 1702 853 dies
1726 824 1848 858 saturni;
1876 827 1903 852 et
1928 832 1977 853 vos
1996 832 2043 852 va-

1199 872 1266 900 catis
1285 871 1328 900 die
1349 871 1486 899 dominica
1505 879 1557 907 pro
1578 870 1621 899 die
1642 871 1759 900 Sabbati.
1783 888 1820 892 —-
1842 871 1908 899 ltem
1925 871 2042 900 dicitur:

1201 919 1289 947 Omne
1316 927 1389 955 opus
1413 927 1471 946 non
1491 916 1583 954 facies
1606 918 1636 946 in
1656 927 1703 952 eo;
1724 922 1751 947 et
1775 926 1821 947 vos
1842 917 1931 947 facitis
1956 918 2049 947 multa>

1198 972 1300 1001 opera,
1322 968 1348 993 et
1370 964 1407 992 ita
1428 967 1517 992 totum
1538 963 1683 1000 dissipatis.

1278 1012 1303 1039 6.
1326 1011 1433 1044 Videte,
1465 1010 1614 1043 carissimi;
1645 1010 1853 1047 intelligendum
1881 1013 1938 1045 est,
1970 1010 2044 1047 quod

1198 1061 1376 1095 praeceptum
1398 1057 1466 1086 illud
1488 1057 1575 1085 habet,
1590 1057 1708 1094 aliquid,
1730 1057 1803 1094 quod
1825 1060 1867 1085 est
1887 1065 1964 1086 mere
1984 1066 2044 1086 mo—

1198 1104 1277 1137 rale;
1298 1107 1325 1133 et
1340 1104 1423 1132 habet
1437 1103 1555 1140 aliquid,
1578 1104 1651 1140 quod
1665 1107 1707 1133 est
1725 1112 1801 1132 mere
1821 1103 2044 1137 caeremoniale,-

1198 1155 1225 1179 et
1247 1151 1328 1179 habet
1349 1150 1465 1187 aliquid,
1484 1151 1557 1187 quod
1579 1154 1620 1179 est
1634 1151 1760 1180 mixtum
1774 1158 1810 1179 ex
1825 1151 1921 1179 morali
1943 1154 1970 1179 et
1984 1158 2044 1180 cae-

1199 1197 1350 1226 remoniali.
1367 1213 1403 1217 —
1418 1197 1496 1233 Quod
1525 1197 1657 1234 praecipit
1678 1197 1811 1226 Dominus
1837 1197 2044 1234 sanctificatio-

1198 1253 1276 1277 nem,
1298 1244 1324 1272 id
1346 1247 1387 1272 est
1408 1244 1577 1273 vacationem
1599 1244 1633 1273 ad
1647 1244 1811 1278 amandum,
1834 1244 1885 1272 hoc
1907 1247 1948 1273 est
1968 1253 2044 1273 mere

1199 1293 1375 1327 praeceptum
1398 1291 1515 1319 morale.
1538 1291 1614 1319 Unde
1634 1291 1731 1320 beatus
1754 1291 1850 1319 Petrus
1863 1290 1966 1319 dicit5:
1991 1291 2044 1319 Do-

1198 1337 1312 1365 minum
1338 1340 1434 1364 autem
1464 1336 1613 1365 Christum
1640 1337 1819 1373 sanctificate
1846 1337 1877 1365 in
1908 1331 2045 1375 cordibus

1199 1383 1317 1417 vestris,
1340 1383 1366 1413 id
1387 1386 1444 1416 est,
1465 1386 1561 1411 amate.
1585 1384 1630 1412 {lle
1645 1383 1717 1412 enim
1732 1383 1884 1412 sanctificat
1905 1383 1962 1412 sive
1982 1383 2046 1412 facit

1199 1433 1324 1459 sanctum
1345 1430 1510 1464 Sabbatum,
1538 1430 1585 1466 qui
1611 1430 1699 1458 Deum
1727 1438 1811 1467 super
1838 1430 1931 1458 omnia
1958 1429 2045 1466 diligit

1199 1480 1313 1513 propter
1335 1485 1379 1510 se,
1401 1485 1454 1505 non
1476 1480 1590 1513 propter
1608 1477 1691 1505 aliud.

1278 1525 1304 1551 7.
1327 1523 1405 1557 Item,
1420 1526 1461 1551 est
1476 1524 1503 1551 in
1524 1526 1671 1560 praecepto
1690 1523 1792 1560 aliquid
1810 1523 1953 1561 siem-ate,
1975 1524 2047 1552 sicut
2064 1531 2114 1549 uere
2129 1530 2174 1553 nau·

1201 1570 1362 1607 significatio
1382 1570 1434 1598 diei
1457 1570 1595 1606 septimae.
1618 1570 1681 1599 Dies
1702 1570 1775 1599 enim
1803 1571 1919 1607 septima
1943 1570 2046 1608 signifi-

1202 1619 1245 1644 cat
1273 1617 1395 1653 quietem
1423 1616 1579 1645 animarum
1607 1620 1634 1645 et
1664 1617 1785 1654 quietem
1816 1617 1923 1646 Domini
1949 1618 1976 1646 in
2005 1625 2046 1646 se-

1201 1663 1298 1700 pulcro
1319 1666 1346 1691 et
1366 1663 1544 1691 cessationem
1558 1663 1593 1692 ab
1613 1664 1688 1692 omni
1709 1671 1793 1700 opere
1807 1664 1900 1692 servili
1921 1672 1983 1692 cum
2000 1672 2046 1692 va-

1201 1710 1306 1739 catione
1327 1712 1354 1738 et
1374 1710 1602 1748 contemplatione
1623 1710 1671 1738 Dei
1683 1711 1702 1738 ⁶.
1725 1710 1800 1738 Deus
1820 1710 1892 1738 enim
1915 1718 1965 1739 sex
1990 1711 2046 1739 die-

1201 1757 1253 1785 bus
1284 1760 1414 1793 operatus
1445 1759 1486 1784 est
1511 1756 1617 1790 omnia,
1644 1764 1698 1784 non
1730 1756 1796 1793 quia
1826 1764 1879 1784 non
1912 1757 2046 1793 potuisset

1201 1802 1296 1831 secisse
1327 1810 1383 1831 una
1412 1802 1471 1836 die;
1499 1802 1546 1830 sed
1577 1802 1784 1839 intelligendum
1812 1805 1853 1831 est
1884 1803 1942 1837 hic,
1972 1804 2045 1840 quod

1201 1849 1322 1877 mundus
1344 1849 1426 1877 habet
1446 1848 1550 1884 aliquid
1571 1848 1598 1876 in
1620 1852 1683 1876 arte
1703 1844 1837 1882 aeterua,
1858 1849 1961 1878 scilicet
1988 1858 2047 1878 esse

1202 1899 1369 1928 aeternum,
1384 1895 1458 1931 quod
1473 1898 1514 1923 est
1525 1895 1675 1930 aeternitas
1690 1895 1761 1923 vitae
1775 1898 1802 1924 et
1813 1896 1948 1932 possessio
1959 1904 2014 1925 una
2025 1897 2045 1931 ⁷,

1202 1942 1230 1969 in
1251 1949 1307 1978 quo
1328 1941 1397 1969 nihil
1417 1943 1459 1969 est
1479 1941 1558 1976 prius
1578 1948 1628 1969 nec
1650 1941 1801 1977 posterius;
1824 1945 1849 1970 et
1865 1942 1916 1971 hoc
1931 1942 2046 1979 impres-

1202 1988 1237 2016 sit
1263 1988 1338 2016 Deus
1365 1987 1504 2016 mentibus
1531 1987 1667 2024 angelicis.
1690 2004 1728 2008 —
1749 1988 1831 2022 item,
1857 1989 1940 2018 habet
1965 1997 2047 2017 mun-

1202 2034 1254 2062 dus
1268 2034 1371 2071 aliquid
1392 2034 1418 2062 in
1445 2033 1630 2070 intelliqentia
1650 2038 1766 2068 creata,
1792 2034 1895 2063 scilicet
1913 2036 2001 2072 prius
2021 2039 2046 2063 et

1201 2081 1346 2119 posterius
1367 2084 1495 2113 natura,
1523 2080 1606 2108 simul
1627 2080 1738 2117 quidem
1760 2084 1802 2109 est
1822 2081 1973 2110 secundum
1995 2082 2045 2111 du-

1203 2126 1344 2155 rationem.
1360 2143 1398 2147 —-
1412 2126 1463 2155 Sed
1478 2126 1560 2155 habet
1570 2127 1659 2164 prius
1673 2130 1698 2155 et
1707 2127 1875 2164 posterius&
1887 2127 2045 2157 'secundum

392 2342 438 2364 Cir.
456 2340 618 2369 Αςῑ.13,14.
635 2346 716 2369 seqq.;
736 2340 776 2367 15,
794 2341 838 2367 2t;
860 2340 899 2367 17,
916 2339 1045 2367 2;18,4.

365 2378 375 2391 ²
393 2380 466 2407 Supra
484 2379 556 2401 collat.
576 2379 595 2401 1.
612 2385 634 2401 n.
651 2378 688 2401 21.
706 2379 743 2401 22.
759 2381 781 2401 et
797 2379 869 2401 collat.
887 2379 909 2400 2.
926 2385 949 2401 n.
965 2379 987 2401 3.
1006 2378 1027 2401 t.

320 2423 323 2425 ·
365 2416 375 2430 ⁸
392 2418 462 2440 Exod.
471 2418 500 2440 20
508 2436 513 2445 ,
522 2418 584 2440 9-11,
594 2429 626 2434 —-
635 2417 716 2449 Quoad
726 2417 843 2446 sequentia
853 2417 908 2439 dicit
916 2416 1020 2445 August.,
1029 2417 1098 2445 Epist.
1108 2417 1146 2440 55.

305 2455 447 2485 (alias'tw.)
461 2463 481 2479 c.
495 2457 531 2479 16.
543 2463 565 2479 n.
577 2457 621 2479 29:
642 2465 653 2476 ιι
665 2457 709 2479 Lex
729 2456 781 2478 data
792 2458 827 2478 est
846 2456 870 2478 in
891 2458 968 2478 monte
988 2455 1041 2478 Sina
1062 2455 1146 2478 famulo

305 2496 344 2518 Dei
361 2491 444 2523 Moysi,
461 2495 533 2523 digito
550 2495 590 2517 Dei
603 2495 687 2523 scripta
699 2494 784 2524 [Exod.
803 2495 845 2522 31,
863 2493 929 2524 18.];
947 2494 968 2516 in
985 2494 1049 2516 libris
1068 2497 1145 2517 autem

305 2528 419 2562 Evangelii
432 2534 574 2562 apertissime
586 2534 726 2561 declaratur,
735 2533 833 2561 digitum
846 2533 886 2555 Dei
897 2532 1026 2561 significare
1035 2533 1145 2561 Spiritum

305 2576 417 2595 sanctum.
433 2572 490 2595 Cum
511 2573 572 2595 enim
593 2579 652 2595 unus
673 2572 815 2600 Evangelista
833 2572 956 2600 [Luc.tt,
968 2571 1022 2601 20.]
1038 2572 1145 2595 dixisset:

306 2613 333 2634 ln
349 2610 420 2639 diglito
440 2611 481 2633 Dei
495 2610 560 2634 eiicio
577 2610 714 2638 damonia,
732 2611 789 2633 alius
806 2611 897 2639 [Matth.
910 2610 951 2637 12,
963 2609 1017 2640 28.]
1029 2612 1071 2633 hoc
1084 2611 1145 2633 idem

306 2650 335 2672 ita
352 2650 421 2672 dixit:
440 2650 466 2671 ln
483 2649 574 2678 Spiritu
592 2649 635 2672 Dei
646 2649 710 2673 elicio
723 2649 846 2673 daemonia
856 2658 877 2671 n.
890 2648 992 2672 Subinde
1004 2649 1070 2677 dicit,
1082 2650 1145 2678 quod

306 2687 368 2715 magi
377 2687 501 2709 Pharaonis
512 2696 523 2706 α
531 2687 552 2709 in
561 2687 627 2714 signo
637 2687 704 2710 tertio
714 2688 853 2715 defecerunt,
861 2688 961 2715 fatentes,
968 2687 1011 2710 sibi
1020 2688 1144 2710 adversum

306 2732 356 2749 esse
373 2726 482 2754 Spiritum
495 2728 611 2753 sanctum,
624 2726 663 2754 qui
676 2729 724 2748 erat
735 2726 758 2748 in
770 2726 855 2752 Moyse.
872 2726 928 2747 Nam
941 2725 1073 2748 deficientes
1083 2726 1146 2749 dixe-

306 2767 358 2787 runt
370 2763 452 2794 [Exod.
465 2765 478 2785 8
487 2781 492 2790 ,
505 2762 557 2792 tit]
568 2771 573 2785 2
590 2763 682 2792 Dioitus
699 2763 742 2786 Dei
752 2765 787 2786 est
797 2763 841 2786 hic.
853 2763 915 2786 Sicut
925 2766 1002 2786 autem
1014 2764 1145 2787 conciliatus

306 2806 328 2826 et
339 2804 440 2832 placatus
452 2800 549 2830 Spiritus
560 2805 651 2824 sanctus
662 2802 766 2831 requiem
778 2805 878 2830 praestat
889 2803 982 2828 mitibus
990 2807 1012 2825 et
1021 2803 1145 2826 humilibus

306 2842 388 2869 corde,
405 2842 433 2863 ita
451 2841 579 2863 contrarius
590 2844 612 2863 et
623 2841 735 2863 adversus
746 2841 846 2863 immites
861 2847 888 2863 ac
904 2841 1018 2869 superbos
1034 2842 1146 2871 inquietu-

306 2880 359 2902 dine
376 2879 481 2908 exagitat.
493 2879 567 2907 Quam
580 2879 760 2910 inquietudinem
772 2884 868 2902 muscae
880 2878 934 2902 illae
950 2878 1100 2910 brevissime
1116 2880 1145 2902 si-

307 2911 485 2947 gnificaverunt,
497 2918 540 2941 sub
552 2918 637 2947 quibus
654 2919 715 2946 magi
728 2918 851 2940 Pharaonis
868 2919 1012 2948 defecerunt,
1028 2920 1145 2943 dicentes:

310 2957 398 2986 Digitus
410 2956 452 2979 Dei
462 2958 497 2980 est
507 2956 552 2979 hic.

1264 2338 1273 2351 ⁴
1290 2339 1363 2362 Codd.
1381 2340 1442 2367 <cuni
1461 2339 1576 2368 aliquibus
1599 2340 1749 2368 variantibus)
1774 2343 1896 2367 corrupte:
1918 2339 2044 2369 decaloque

1202 2384 1249 2401 non
1258 2377 1338 2401 habuit
1349 2378 1509 2401 necessitatem
1521 2378 1567 2401 nisi
1574 2384 1620 2408 pro
1633 2380 1748 2408 tempore,
1760 2377 1851 2401 morale
1862 2379 1942 2400 autem
1950 2384 2044 2401 'exesse

1201 2416 1246 2447 suit
1262 2422 1306 2446 pro
1323 2414 1394 2440 omni.

1264 2454 1274 2467 ⁶
1291 2455 1360 2483 Epist.
1378 2456 1392 2477 1.
1410 2455 1436 2483 3,
1454 2455 1487 2478 15.

1264 2492 1274 2505 ⁸
1290 2493 1335 2516 Csr.
1352 2499 1421 2521 supra
1438 2499 1492 2521 pag.
1510 2494 1567 2521 203,
1584 2497 1637 2516 nota
1654 2495 1677 2516 8.
1693 2496 1716 2515 et
1732 2499 1785 2521 pag.
1803 2494 1861 2519 220,
1879 2496 1932 2515 nota
1950 2493 1970 2515 6.

1264 2531 1272 2544 ⁷
1290 2532 1418 2560 Respicitur
1434 2532 1536 2555 definitio
1552 2533 1691 2555 aeternitatis
1707 2539 1719 2554 a
1733 2532 1826 2555 Boethio
1839 2532 1890 2554 data
1900 2541 1906 2559 ;
1918 2533 1958 2554 cir.
1974 2538 2043 2560 supra

1202 2577 1256 2599 pag.
1274 2572 1316 2599 89,
1334 2574 1387 2593 nota
1408 2571 1426 2593 t.
1443 2571 1502 2593 Vide
1519 2572 1586 2593 etiam
1605 2572 1625 2593 in
1643 2571 1750 2593 Hexaem.
1767 2571 1840 2593 collat.
1858 2571 1879 2593 1.
1896 2577 1918 2592 n.
1936 2570 1973 2593 ⁴5.

1264 2608 1273 2620 ¹³
1290 2610 1363 2631 Locus
1380 2610 1402 2631 in
1419 2616 1456 2631 sex
1474 2609 1542 2631 codd.
1559 2612 1580 2631 et
1598 2610 1649 2631 Vat.
1661 2612 1695 2635 est
1707 2609 1771 2631 varie
1783 2606 1917 2636 corruptus,
1935 2609 2002 2638 quia,
2020 2612 2044 2631 ut

1202 2648 1303 2676 videtur,
1319 2648 1399 2670 saltem
1416 2649 1473 2670 linea
1491 2648 1579 2670 excidit.
1602 2648 1677 2670 secuti
1703 2653 1783 2670 sumus
1805 2647 1923 2677 potissime
1940 2648 1957 2670 B
1974 2651 1996 2670 et
2012 2648 2043 2675 D,

1201 2687 1243 2710 sed
1254 2687 1364 2709 addentes
1380 2686 1451 2709 verba
1464 2686 1531 2710 hahet
1540 2687 1610 2716 prius
1621 2688 1643 2710 et
1650 2686 1777 2716 posterius.
1788 2698 1819 2703 —
1829 2685 1874 2709 Ctr.
1885 2681 1918 2709 de'
1930 2686 2043 2710 intellectu

1201 2726 1305 2753 angelico
1317 2725 1338 2748 11.
1352 2726 1411 2747 Sentn
1425 2725 1447 2748 d.
1460 2725 1482 2747 3.
1494 2731 1517 2752 p.
1529 2727 1553 2748 u.
1564 2732 1585 2749 u.
1600 2726 1652 2754 t.q.
1663 2727 1684 2748 2.
1697 2728 1751 2748 eta.
1765 2726 1786 2748 2.
1796 2731 1820 2754 q.
1840 2725 1866 2752 t,
1881 2724 1921 2747 ubi
1937 2725 2044 2753 docetur,

1201 2765 1265 2793 quod
1277 2764 1356 2791 Angeli
1373 2763 1504 2786 hahuerunt
1519 2770 1531 2786 a
1549 2765 1623 2792 prima
1640 2764 1730 2792 origine
1745 2763 1833 2793 species
1847 2769 1925 2786 rerum
1942 2763 2042 2791 innatam

1202 2804 1273 2827 immo
1284 2803 1315 2826 ob
1325 2803 1483 2825 auctoritatem
1500 2803 1656 2831 Augustinivs.
1667 2804 1752 2826 Bonav.
1764 2803 1813 2825 vult
1824 2802 1964 2829 concedere,
1979 2801 2042 2830 quod

1201 2842 1280 2870 Angeli
1305 2842 1373 2864 etiam
1398 2842 1596 2874 actusquaedarn,
1613 2849 1658 2864 non
1676 2842 1765 2868 omnia,
1786 2841 1854 2864 simul
1876 2847 1930 2863 cum
1954 2840 2044 2868 origine

1201 2884 1295 2904 naturae
1312 2880 1439 2903 secundum
1456 2881 1561 2903 ordinem
1578 2880 1689 2910 temporis
1706 2882 1727 2904 et
1743 2879 1878 2903 durationis
1893 2879 2043 2907 cognoverint

1202 2919 1243 2948 (ibi
1260 2926 1281 2942 a.
1302 2920 1321 2942 Ι.
1336 2925 1360 2948 q.
1376 2919 1397 2941 2.
1415 2919 1445 2942 ad
1461 2919 1501 2948 3.).

2059 598 2157 616 obiiciunt

2071 621 2142 639 ludaei.

2061 1017 2118 1040 Hesp.
2136 1022 2177 1035 cum

2057 1041 2187 1059 distinctione.

2063 1204 2112 1222 itero
2126 1209 2162 1222 mo·
