2285 3398
984 182 1063 211 PARS
1085 180 1112 209 ll.
1135 180 1162 209 C.
1186 180 1216 209 V.
1915 181 1971 210 0223

220 263 332 292 caelum
353 266 377 291 et
398 266 524 296 terrmm
546 265 573 291 et
594 262 723 300 Spiritus
746 262 797 291 Dei
810 261 959 300 ferebatur
981 268 1070 298 super

102 318 208 345 instituatur
220 318 323 349 aquas.
340 310 389 338 Ubi
405 309 515 338 nomine
536 309 609 338 caeli
630 309 786 339 insinnatur
805 312 905 338 natura
921 308 1067 343 luminosa;

122 346 190 366 ¹³¹¹¹¹¹⁰'
220 356 330 386 nomine
361 360 470 390 terrae,
492 364 589 393 opaca;
618 356 727 385 nomine
759 362 870 394 aquae,
896 355 991 393 pervia
1005 354 1069 384 -sive

221 403 382 441 perspicua⁷
402 403 459 433 sive
481 403 667 432 contrarietati
684 403 819 438 subiecta,
835 403 891 432 sive
906 410 991 439 supra
1005 410 1069 431 con-

114 458 207 478 Secundo.
222 451 392 480 trarietatein
414 451 527 480 elevata.
550 467 586 475 Ἴ-
602 451 651 480 Ubi
670 451 751 480 etiam
774 451 930 480 insinuatur
951 449 1070 478 Trinitas

222 500 348 533 aeterna,
371 498 474 527 scilicet
495 499 572 527 Pater
589 498 614 527 in
630 498 740 527 nomine
755 498 808 527 Dei
825 497 966 531 creanti&
988 496 1071 525 Filius

223 545 250 573 in
270 545 379 574 nomine
400 545 557 582 principii,
573 545 692 582 Spiritus
713 548 824 581 sapctus
840 545 866 574 in
881 544 991 573 nomine
1006 543 1071 581 Spi-

100 600 205 627 Explicatio
224 591 300 620 ritus
317 592 375 620 Dei.
392 608 428 613 -
441 592 472 620 Et
487 592 525 620 sic
541 592 747 629 intelligendum
762 594 803 621 est
825 592 891 620 illud
912 591 986 629 quod
1006 590 1072 619 dici-

92 624 210 648 Sfflpmm'
223 642 270 668 tur
283 641 307 668 ¹:
331 640 389 676 Qui
408 639 479 668 vivit
501 640 532 668 iii
551 642 700 667 aeternum
722 640 831 668 creavit
845 639 945 668 omnia
965 637 1071 670 simul:

224 694 278 716 non
300 687 365 724 quia
386 695 418 715 ea
439 686 575 715 creaverit
597 686 623 714 in
645 686 728 715 chaos
749 687 921 715 omnimodae
936 685 1072 715 confusio-

224 733 281 768 nis,
304 734 456 762 secundum
483 733 557 770 quod
586 733 730 762 linxerunt
752 735 861 770 poetae,
884 742 948 762 cum
969 733 1072 770 produ-

224 780 299 809 xerit
321 781 391 809 hanc
413 780 549 818 triplicem
570 782 713 814 naturam,
735 789 884 809 summam
906 780 932 808 in
954 787 1072 813 summo,

224 827 350 856 mediam
372 827 399 855 in
421 826 510 856 medio
531 829 558 855 et
579 826 712 863 infimam
736 827 762 855 in
785 828 895 862 infimo;
918 835 967 856 nec
991 826 1072 855 etiam

224 874 252 903 in
274 883 332 903 esse
363 874 534 903 omnimodae
561 874 758 909 distinctionis,
780 883 843 904 cum
865 874 977 903 caelum
1002 876 1074 903 esset

224 922 393 958 perlectum,
421 924 448 950 et
476 925 557 949 terra
585 921 776 958 incomposita
789 922 809 956 ²,
832 925 932 951 natura
959 921 1072 955 media,

225 969 304 1006 quasi
332 968 453 997 medium
487 971 597 1003 tenens,
619 969 741 997 nondum
769 972 841 998 esset
868 969 901 998 ad
923 968 1073 1006 perfectam

224 1015 428 1044 distinctionem
449 1016 574 1044 deducta.

304 1062 341 1091 Ad
363 1063 560 1092 insinuandum
581 1066 672 1092 autem
706 1064 844 1101 ordinem
865 1062 1026 1100 sapientiae
1046 1062 1074 1090 iu

105 1117 213 1144 pantana
225 1108 395 1146 disponendo
426 1109 606 1144 determinat,
638 1110 712 1148 quod
743 1111 811 1139 haec
840 1110 943 1147 triplex
975 1111 1075 1137 natura

99 1143 279 1197 saplenuaf³'non
301 1156 390 1184 simiel
412 1156 463 1185 suit
488 1157 625 1186 distincta
657 1161 684 1187 et
709 1162 833 1192 ornata,
856 1157 903 1186 sed
924 1157 1004 1185 iuxta
1026 1155 1074 1184 tri-

225 1203 303 1240 plicis
324 1206 440 1232 naturae
472 1207 579 1234 creatae
607 1205 774 1242 exigentiam
803 1213 853 1242 per
885 1204 1009 1232 triduum
1031 1203 1074 1231 az·-

225 1251 331 1279 stincta
352 1254 379 1280 et
399 1259 449 1288 per
471 1252 593 1281 triduum
615 1253 690 1282 aliud
711 1256 835 1286 ornata;
850 1256 894 1287 ut,
909 1251 981 1281 sicut
1001 1251 1075 1279 Deus

226 1298 252 1327 in
275 1298 410 1336 principio
432 1299 567 1336 triplicem
589 1304 717 1329 naturam
742 1300 824 1329 simul
845 1298 948 1328 creavit
969 1298 996 1326 in
1018 1297 1074 1334 pri-

226 1345 332 1375 mordio
355 1347 500 1384 temporis,
522 1347 561 1376 sic
583 1347 756 1377 successione
777 1345 908 1383 temporis
930 1345 957 1373 in
973 1344 1074 1382 triplici

226 1401 358 1422 mensura
379 1394 526 1431 temporis„
545 1395 648 1424 scilicet
669 1394 785 1431 triplicis
799 1393 868 1426 diei,
884 1392 1021 1429 triplicem
1035 1392 1075 1421 fa-

226 1443 302 1469 ceret
322 1441 524 1470 distinctionem
546 1444 663 1470 naturae
684 1440 799 1477 triplicis
820 1442 943 1473 creatae3
963 1442 990 1468 et
1011 1447 1076 1468 rur-

226 1495 274 1517 sus
302 1488 328 1516 in
360 1488 413 1516 ali'o
441 1488 548 1522 triduo,
574 1488 710 1524 triplicem
730 1490 861 1515 ornatum
884 1486 1000 1524 triplicIs
1027 1495 1075 1515 na-

227 1538 306 1564 turae
327 1535 479 1564 distinctae.

304 1582 342 1611 Ad
363 1581 560 1611 insinuandum
582 1589 648 1610 vero
675 1580 800 1610 ordinem
829 1581 965 1611 bonitatis
986 1582 1013 1611 in
1035 1582 1076 1611 in-

106 1637 134 1656 ne
147 1638 212 1665 qrditle
226 1630 337 1659 fluendo
351 1629 525 1663 determinat,
541 1629 615 1666 quod
629 1629 697 1658 haec
712 1629 815 1666 triplex
830 1628 932 1659 natura
946 1630 1078 1659 collocata

117 1661 212 1681 mmmm
226 1680 267 1707 est
288 1677 315 1706 in
336 1675 439 1705 mundo
460 1676 613 1705 secundum
634 1675 711 1705 saw
732 1679 759 1706 et
779 1685 876 1714 supra
896 1677 977 1706 iuxta
998 1685 1077 1706 suam

97 1732 217 1760 nqiiqoouq-
226 1724 395 1763 dignitatem
423 1726 451 1752 et
478 1722 670 1761 influentiam.
694 1740 731 1745 —
753 1724 785 1753 Et
812 1724 879 1762 quia
897 1724 1078 1753 lunii-nostem

84 1757 166 1798 &⁰⁰¹⁵
179 1762 217 1781 ¹³¹¹*
227 1772 381 1810 plurimum
403 1771 487 1800 habet
507 1771 541 1800 de
556 1771 661 1809 specie,
676 1771 738 1801 ideo
753 1772 802 1801 sibi
819 1772 936 1801 debetur
951 1772 1077 1801 circum-

227 1819 352 1857 ferentia
360 1829 369 1852 ‚·
398 1818 464 1856 quia
491 1827 616 1856 opaeum
644 1819 791 1849 minimum
813 1820 897 1849 habet
917 1820 950 1848 de
972 1819 1077 1856 specie,

228 1867 288 1896 ideo
309 1866 359 1895 sibi
381 1865 499 1894 debetur
520 1869 670 1899 centram;
684 1866 750 1904 quia
771 1867 860 1904 vero⁴
879 1866 983 1904 pervia
1005 1869 1079 1896 tenet

227 1914 364 1947 medium,
386 1912 447 1941 ideo
467 1912 596 1941 medium
617 1913 714 1943 sortita
728 1917 769 1943 est
782 1914 880 1942 sitam.
900 1914 932 1942 Et
947 1914 1078 1951 quoniam

227 1964 328 1990 natura
345 1959 443 1997 pervii
463 1962 488 1988 at
498 1959 650 1996 perspicui
664 1960 818 1989 communis
833 1963 874 1990 est
888 1963 1004 1990 naturae
1019 1968 1079 1990 cae-

228 2009 289 2038 lesti
310 2011 337 2037 et
358 2007 531 2041 elementari,
553 2010 580 2036 et
600 2015 702 2037 rursus
724 2007 872 2037 luminosa
886 2008 1000 2046 utrique
1015 2016 1079 2038 con-

228 2055 321 2085 venit:
343 2054 404 2083 ideo
426 2057 500 2083 recte
521 2054 623 2083 dicitur
638 2055 844 2084 firmamentum
859 2055 962 2085 sactum
978 2056 1009 2084 in
1022 2065 1080 2085 me-

228 2103 276 2133 dio
297 2102 488 2142 aquai-unffi,
510 2110 565 2131 non
590 2102 657 2140 quia
682 2111 770 2140 aquae
796 2111 882 2140 supra
909 2103 998 2133 caelos
1026 2103 1081 2132 sint

229 2159 317 2189 aquae
345 2149 502 2184 ssuxibiles,
527 2149 657 2187 frigidae,
685 2158 784 2188 graves
811 2153 838 2180 et
865 2150 1079 2187 corruptibiles;

230 2199 277 2229 sed
298 2198 363 2237 quia
384 2197 499 2227 subtiles
519 2200 546 2226 et
567 2197 807 2234 incorruptibiles,
828 2197 940 2234 perviae
954 2200 981 2226 et
996 2205 1080 2234 super

229 2254 340 2276 omnem
369 2244 591 2275 contrarietatem
619 2244 798 2279 sublimatae,
819 2252 851 2274 ac
871 2252 921 2281 per
942 2244 995 2273 hoc
1020 2252 1080 2274 cae-

294 2404 302 2418 ¹
320 2405 388 2429 Eccli.
407 2405 448 2432 48,
467 2404 488 2427 4.

293 2444 303 2458 ²
321 2444 455 2468 Secundum
467 2443 638 2466 translationem
650 2442 797 2471 septuaginta
809 2444 972 2473 interpretum,
988 2445 1046 2468 Gen.
1059 2445 1079 2472 4,

231 2486 254 2508 2.
271 2485 383 2513 Vulgata:
402 2485 497 2507 Terra...
514 2488 596 2505 vacua.
607 2494 639 2499 -—
651 2482 722 2510 Edu„
738 2486 834 2512 excepta
851 2485 877 2512 2,
894 2487 1079 2514 prosequuntur:

232 2526 323 2548 natm-a
339 2530 395 2548 cero
411 2522 501 2551 media,
520 2528 581 2552 quae
597 2522 666 2544 etiam
683 2522 791 2550 superius
808 2526 861 2552 post
873 2530 916 2548 nec
933 2523 1005 2548 etiam
1016 2530 1081 2553 repe·

233 2565 283 2586 tunt
299 2563 395 2587 creavit.
416 2562 510 2586 Interius
527 2568 570 2591 pro
588 2561 686 2596 deducta
703 2563 782 2591 plures
798 2563 868 2587 codd.
886 2563 1007 2594 prodacta
1030 2563 1081 2593 (cfr.

233 2601 257 2624 ll.
275 2603 337 2630 Sem.
354 2603 378 2625 d.
396 2603 434 2625 ie.
451 2608 472 2625 a.
490 2602 510 2624 4.
527 2608 551 2630 q.
566 2601 607 2630 3,).

295 2640 305 2654 ⁸
322 2642 377 2665 Fide
395 2641 463 2665 codd.
482 2644 504 2664 et
521 2642 534 2664 2
552 2641 673 2664 omisimus
689 2641 805 2670 medium,
822 2642 887 2671 quod
904 2642 961 2665 aliae
970 2642 1027 2665 edd.
1044 2642 1081 2665 hic

233 2679 331 2704 addunt.
580 2710 585 2715 .

295 2718 306 2731 ‘¹
324 2720 412 2749 Supple
428 2727 482 2744 cum
500 2720 564 2747 VaL,
583 2721 604 2747 4,
617 2720 630 2743 3
647 2721 745 2747 natura.
760 2721 794 2743 De
810 2726 859 2750 seq.
871 2721 1049 2749 propositione,
1059 2721 1081 2744 in

233 2763 281 2786 qua
298 2759 394 2782 eaedem
412 2760 467 2783 edd.
485 2760 535 2783 voci
544 2759 623 2790 pervii
639 2759 771 2788 praefigunt
782 2759 902 2790 corporis,
919 2761 961 2783 cfr.
978 2760 1082 2789 Aristot.‚

234 2797 260 2819 11.
276 2797 306 2820 de
321 2798 402 2821 Anima
420 2802 473 2822 text.
490 2800 527 2822 68.
545 2799 575 2828 (c.
591 2799 623 2828 7.)
641 2801 664 2820 et
680 2798 710 2821 de
727 2799 800 2821 Sensu
812 2801 835 2821 et
845 2805 906 2822 sens.
917 2805 938 2822 c.
950 2800 1082 2823 3.-Haec

236 2838 258 2859 et
275 2837 390 2865 quaedam
408 2839 452 2861 alia
469 2839 529 2861 dicta
547 2841 600 2861 sunt
617 2838 678 2860 iuxta
694 2837 816 2866 opiniones
833 2840 888 2861 tunc
905 2844 1051 2863 communes.

297 2874 307 2888 ⁶
323 2877 381 2900 Gen.
399 2878 421 2905 4,
438 2878 460 2901 6.
470 2890 502 2895 —-
514 2878 547 2900 De
560 2880 641 2900 natura
658 2879 681 2899 et
697 2876 815 2900 influentia
832 2881 946 2907 aquarum
958 2884 1029 2908 supra
1046 2879 1082 2902 fir·

236 2918 380 2939 momentum
397 2918 526 2945 positarum
543 2917 592 2939 'sive
609 2916 665 2938 caeli
683 2917 806 2945 crystallini
824 2919 865 2941 cfr.
881 2918 906 2941 Π.
924 2919 986 2950 Sent.
1003 2919 1026 2942 d.
1044 2920 1082 2944 44.

235 2962 259 2984 p.
276 2955 292 2978 1.
308 2962 329 2979 a.
348 2956 369 2979 4.
386 2961 409 2985 (s.
427 2957 435 2978 4
471 2956 510 2979 ubi
527 2956 595 2978 etiam
614 2956 701 2979 dictum
722 2956 797 2979 Basilii
814 2958 914 2981 occurrit
936 2957 1001 2988 (pag.
1023 2959 1082 2987 338,

236 2998 289 3019 nota
307 2996 350 3026 3.),
368 2996 496 3020 secundum
514 2996 579 3026 quod
596 3002 671 3025 aquae
687 3002 758 3025 supra
780 2992 951 3022 firmamentum
973 3007 984 3019 ι
1001 2998 1083 3021 consti·

1126 258 1201 288 lestis
1223 262 1338 288 naturae
1366 262 1393 288 et
1421 259 1448 288 in
1476 259 1639 288 caelestibus
1667 259 1839 288 collocandae
1868 259 1972 288 ratione

1125 305 1284 334 nobilitatis
1305 305 1428 343 somnae.

1204 352 1378 381 Collocantur
1406 353 1488 382 etiam
1517 354 1623 382 ratione
1650 353 1769 382 virtutis
1796 356 1823 382 et
1851 352 1973 389 influen-

1126 400 1190 428 tiae.
1206 399 1276 436 Quia
1297 400 1370 428 enim
1392 400 1481 429 omnis
1502 400 1572 429 actio
1593 400 1744 437 corporalis
1760 400 1786 429 in
1802 400 1886 429 rebus
1908 399 1974 428 inse·
2004 406 2116 448 11⁶¹-³'¹2·‘'³²·³⁰

1127 447 1248 476 rioribus
1270 448 1410 484 regulam,
1438 448 1572 485 originem
1594 451 1621 477 et
1643 443 1764 485 ‘vigorem
1786 447 1871 476 sumit
1891 456 1907 475 a
1928 435 2002 475 iia-⁰⁰
2018 435 2116 448 mmm

1127 496 1190 523 tura
1211 494 1339 529 caelesti;
1362 502 1425 523 curn
1446 495 1517 523 duae
1539 495 1593 524 sint
1614 495 1760 532 qualitates
1781 495 1901 528 activae,
1924 494 1975 522 sri-

1128 541 1190 570 licet
1211 541 1341 573 calidum
1363 545 1389 570 et
1410 542 1597 579 frz'ytdumss,
1620 545 1647 571 et
1667 542 1778 579 aliquod
1806 542 1841 570 sit
1869 542 1975 570 caelum

1127 589 1315 626 principaliter
1337 589 1456 617 intluens
1477 592 1504 618 et
1525 589 1671 623 catillum,
1694 592 1789 626 utpote
1810 589 1915 617 caelum
1937 588 1977 616 si-

1127 636 1245 665 (loreum
1268 636 1373 665 ratione
1395 636 1605 665 luminositatis:
1634 644 1789 673 congruum
1815 636 1881 670 suit,
1903 636 1977 673 quod

1128 683 1239 720 aliquod
1267 683 1397 713 influeret
1425 692 1510 721 super
1537 683 1701 721 frigidiori,
1724 687 1751 712 et
1772 683 1810 712 sic
1832 683 1978 721 crystalli-

1128 739 1207 759 nam.
1232 747 1268 752 —-
1291 731 1322 759 Et
1343 731 1415 760 sicut
1436 732 1543 760 caelum
1564 731 1727 765 sidereum,
1749 730 1811 760 licet
1826 731 1923 759 iniluat
1944 730 1977 759 ad

1129 778 1264 812 calorem,
1286 786 1340 806 non
1363 781 1454 807 tamen
1469 781 1511 807 est
1525 778 1677 807 formaliter
1693 778 1828 813 calidum;
1844 778 1882 807 sic
1897 778 1978 807 etiam

1129 825 1252 859 caelum,
1275 825 1349 862 quod
1370 825 1473 854 dicitur
1494 834 1621 864 aqueum
1636 825 1692 854 sive
1708 821 1908 862 crystallinum,
1924 834 1979 854 non

1130 876 1171 902 est
1182 873 1363 902 essentialiter
1378 873 1518 910 frigidum.
1532 889 1567 894 -
1583 872 1658 902 Unde
1673 871 1747 910 quod
1762 873 1851 901 Sancti
1867 873 1977 907 dicunt,
1993 878 2047 897 Nom-

1113 919 1203 957 quod
1224 926 1312 957 aquae
1334 923 1399 948 sunt
1420 920 1457 949 ibi
1479 920 1643 949 constitutae
1664 919 1697 948 ad
1713 919 1919 957 reprimendum
1935 928 1979 948 ca-

1131 967 1216 995 lorem
1245 967 1423 1003 superiorum
1451 975 1601 1004 corporum
1623 970 1649 996 et
1671 970 1762 996 cetera
1782 967 1896 1002 similia,
1925 975 1979 995 non
2002 991 2007 997 t

1130 1013 1282 1042 secundum
1305 1013 1461 1043 formalem
1476 1014 1722 1052 praedicationem,
1752 1014 1799 1043 sed
1827 1014 1981 1043 secundum

1130 1060 1304 1089 efficientiam
1326 1064 1352 1090 et
1374 1061 1545 1090 influentiam
1569 1065 1633 1091 sunt
1655 1061 1837 1098 intelligenda.
1851 1078 1886 1082 —
1902 1061 1981 1090 Com-

1130 1107 1198 1144 petit
1212 1115 1278 1144 ergo
1293 1108 1412 1137 conditio
1427 1111 1573 1137 creaturae
1588 1108 1739 1137 secundum
1761 1108 1885 1137 ordinem
1902 1116 1981 1145 prae-

1130 1154 1235 1182 dictum
1263 1154 1352 1183 ordini
1375 1155 1516 1184 creatricis
1544 1155 1693 1192 sapientiae
1720 1159 1747 1183 et
1774 1154 1882 1183 divinae
1910 1155 1982 1184 Scri-

1131 1204 1245 1237 pturae,
1267 1201 1333 1239 quia
1353 1204 1395 1230 est
1413 1202 1527 1231 scientia
1547 1201 1689 1230 sublimis.

1211 1248 1326 1282 Rursus,
1341 1248 1407 1285 quia
1422 1248 1481 1285 ipsa
1494 1252 1536 1277 est
1550 1248 1663 1277 scientia
1676 1248 1838 1282 saliuam&
1854 1248 1913 1277 ideo
1928 1257 1983 1277 non
2019 1255 2113 1282 secundo.

1131 1294 1297 1324 determinat
1311 1295 1345 1324 de
1365 1304 1449 1333 opere
1471 1295 1634 1324 conditionis
1654 1295 1706 1324 nisi
1728 1298 1841 1332 propter
1855 1304 1926 1333 opus
1941 1304 1984 1325 re·
1997 1279 2115 1321 §gasnium-

1132 1342 1290 1379 parationis.
1314 1343 1345 1371 Et
1366 1343 1496 1380 quoniam
1525 1343 1617 1380 Angeli
1646 1343 1685 1371 sic
1713 1343 1815 1381 conditi
1845 1347 1924 1378 sunt,
1953 1347 1985 1373 ut

1132 1390 1255 1419 labentes
1283 1390 1443 1419 nullatenus
1471 1393 1654 1428 reparentur,
1684 1391 1755 1419 sicut
1786 1391 1930 1428 apparebit
1957 1391 1984 1420 in

1132 1438 1355 1475 sequentibus⁷;
1378 1438 1438 1467 ideo
1460 1441 1568 1467 tacetur
1589 1438 1743 1467 secundum
1764 1438 1885 1468 litteram
1906 1442 1984 1467 exte·
1997 1445 2069 1488 gatera
2078 1447 2128 1488 '5⁹⁶³‘

1133 1485 1235 1515 riorem
1264 1486 1430 1523 Angelorum
1453 1486 1546 1523 lapsus
1567 1489 1594 1515 et
1615 1486 1751 1521 conditio,
1772 1486 1838 1524 quia
1859 1494 1913 1515 non
1938 1486 1985 1515 de·
2011 1474 2021 1488 Θ
2035 1470 2119 1493 ‘mm

1132 1533 1215 1562 bebat
1235 1533 1368 1571 subsequi
1390 1533 1537 1570 reparatio.

1212 1580 1282 1618 Quia
1303 1589 1369 1610 vero
1390 1580 1597 1610 sublimitatem
1618 1581 1778 1618 Scripturae
1796 1589 1851 1609 non
1872 1581 1986 1610 decebat

1133 1636 1250 1666 prorsus
1271 1628 1388 1657 reticere
1409 1628 1443 1657 de
1465 1628 1619 1657 conditione
1640 1628 1853 1657 sublimissimae
1877 1632 1986 1658 creatu-

1134 1683 1200 1710 rae3
1222 1675 1283 1704 ideo
1304 1675 1343 1704 sic
1365 1683 1443 1704 sacra
1464 1675 1608 1712 Scriptura
1622 1674 1753 1704 describit
1775 1683 1871 1704 rerum
1893 1675 1986 1704 condi-

1134 1723 1252 1757 tionem,
1274 1722 1355 1751 iuxta
1376 1722 1449 1759 quod
1471 1722 1558 1759 exigit
1579 1721 1692 1751 scientia
1712 1722 1847 1752 sublimis
1865 1726 1892 1756 et
1906 1723 1987 1752 saiu-

1135 1770 1232 1804 taris;
1253 1773 1285 1798 ut
1306 1773 1397 1798 tamen
1412 1769 1566 1800 secundum
1581 1769 1766 1807 spiritualem
1780 1770 1986 1808 intelligentiam
2003 1781 2131 1809 pmii-aua-

1135 1820 1192 1846 tota
1213 1817 1333 1847 conditio
1359 1817 1520 1846 litteraliter
1541 1817 1679 1855 descripta
1699 1818 1896 1856 spiritualiter
1917 1805 2131 1848 refe—{iam‘Sssltissii'Si

1136 1868 1216 1895 ratur
1237 1865 1271 1894 ad
1292 1865 1501 1894 describendam
1522 1865 1709 1895 hierarchiam
1730 1867 1881 1904 angelicam
1903 1870 1929 1896 et
1944 1858 2064 1896 ‹ze-⁰²⁹⁰*

1135 1912 1334 1942 clesiasticam:
1357 1913 1417 1942 ideo
1438 1913 1592 1942 secundum
1612 1913 1797 1951 spiritualem
1818 1914 1988 1943 intellectum

1136 1960 1303 1990 describitur
1334 1960 1363 1989 in
1394 1960 1447 1989 illis
1474 1960 1565 1990 tribus
1595 1961 1703 1990 naturis
1730 1961 1821 1998 primo
1846 1961 1987 1998 productis

1137 2007 1295 2037 hierarchia
1322 2007 1456 2045 angelica
1483 2007 1593 2037 nomine
1614 2007 1726 2042 caetiss,
1748 2011 1775 2036 et
1796 2008 1988 2037 ecclesiastica

1137 2055 1247 2084 nomine
1268 2058 1380 2089 terrae,
1402 2058 1429 2084 et
1448 2055 1576 2092 pretim·
1589 2063 1639 2092 per
1661 2063 1744 2092 quam
1766 2055 1900 2093 irrigatur
1911 2059 1988 2084 utra-

1137 2110 1207 2140 que,
1229 2102 1339 2131 nomine
1360 2110 1463 2140 aquae.

1216 2150 1338 2184 Rursus,¹
1351 2157 1401 2186 per
1414 2149 1614 2187 septenarium
1634 2149 1744 2179 dierum
1765 2150 1928 2188 intelligitur
1946 2159 1989 2180 se·
2002 2162 2056 2185 nem,
2069 2161 2131 2189 qimau

1137 2197 1274 2235 ptisormis
1301 2197 1437 2226 Ecclesiae
1465 2200 1554 2227 status
1581 2198 1735 2227 secundum
1768 2198 1918 2228 decursum
1946 2188 2130 2228 se-⁵⁶¹’²⁹‘¹³‘¹¹²'¹¹'

1137 2247 1212 2282 ptem
1233 2247 1354 2273 aetatum
1367 2244 1387 2272 9.
1404 2245 1454 2274 Per
1468 2245 1587 2274 eundem
1603 2245 1685 2274 etiam
1703 2246 1890 2284 septenarium
1909 2246 1988 2275 intel-

1136 2407 1198 2428 tutae
1214 2407 1269 2428 sunt
1280 2410 1310 2428 aa
1321 2405 1498 2434 reprimendum
1511 2405 1612 2428 calorem
1624 2414 1634 2426 ›·
1656 2408 1710 2433 eta,
1728 2407 1753 2427 ut
1764 2405 1880 2434 aliquanto
1893 2405 1988 2428 interius

1137 2445 1272 2467 dicitur.—
1283 2445 1378 2468 interius
1395 2437 1439 2473 pro
1457 2444 1609 2468 collocandae
1626 2445 1641 2466 S
1658 2443 1794 2467 collocatae.

1199 2482 1210 2496 θ
1226 2483 1273 2508 cfr.
1290 2490 1361 2513 supra
1378 2490 1399 2507 c.
1416 2485 1438 2507 3.
1455 2496 1487 2501 -
1503 2484 1599 2507 Interius
1616 2486 1668 2512 post
1686 2482 1853 2507 luminositatis
1871 2483 1932 2507 ElO
1950 2484 1989 2507 ad-

1138 2523 1197 2547 dunt
1213 2529 1280 2547 suae.

1201 2561 1210 2575 '¹
1227 2563 1284 2592 Cap.
1303 2563 1326 2586 7.
1342 2575 1374 2580 —
1390 2564 1434 2586 Pro
1451 2562 1589 2586 nullatenus
1606 2562 1699 2585 AEFS
1715 2562 1783 2586 millo
1801 2562 1878 2586 modo.

1201 2601 1211 2615 Β
1227 2603 1274 2627 Clr.
1290 2604 1315 2626 lt.
1328 2604 1390 2626 Sent.
1401 2603 1432 2626 lit.
1450 2602 1561 2630 Magistri,
1573 2602 1597 2625 d.
1608 2602 1633 2625 ll.
1644 2608 1665 2625 c.
1683 2603 1704 2625 4.
1716 2602 1738 2625 in
1756 2602 1801 2625 fine
1813 2605 1835 2625 et
1850 2609 1870 2626 c.
1889 2603 1909 2625 li.
1927 2608 1988 2632 seq.;
2008 2616 2010 2618 -

1138 2639 1270 2666 comment.
1287 2643 1343 2666 ibid.
1360 2649 1384 2671 p.
1400 2643 1416 2665 1.
1433 2649 1454 2665 a.
1471 2643 1494 2665 2.
1510 2649 1534 2671 q.
1552 2643 1616 2665 3.—
1627 2642 1671 2665 Pro
1688 2642 1831 2671 intellectam
1849 2643 1938 2666 AlLM
1956 2642 1989 2665 in-

1139 2682 1301 2713 telliqentiam.

1201 2720 1211 2734 ⁹
1227 2722 1261 2744 De
1277 2728 1324 2751 quo
1342 2727 1413 2749 supra
1431 2720 1454 2743 in
1476 2721 1575 2749 Prologo
1598 2721 1612 2750 S
1628 2722 1651 2744 2.
1669 2734 1701 2739 —
1722 2722 1744 2744 ln
1762 2728 1812 2750 seq.
1829 2721 1989 2749 propositione

1140 2762 1241 2790 tangitur
1262 2761 1342 2790 opinio
1364 2761 1487 2789 Augustini
1505 2761 1623 2789 docentis,
1646 2768 1688 2790 per
1711 2764 1800 2790 septem
1823 2760 1872 2783 dies
1895 2760 1988 2788 intelligi

1139 2800 1314 2830 septemplicem
1324 2800 1537 2824 ‘considerationem
1549 2801 1599 2824 sive
1612 2801 1801 2824 illuminationem
1814 2800 1940 2822 intellectus
1952 2806 1990 2822 an-

1139 2841 1207 2869 gelici
1223 2842 1331 2868 respectu
1357 2846 1439 2863 eorum
1464 2847 1526 2870 quae
1542 2841 1565 2864 in
1583 2841 1701 2869 Scriptura
1724 2840 1822 2863 diversis
1839 2839 1922 2862 diebus
1939 2845 1989 2861 nar-

1139 2882 1218 2903 rantur
1236 2882 1320 2902 crema.
1340 2879 1387 2903 Cir.
1404 2880 1429 2903 ll.
1451 2881 1513 2903 Sent.
1530 2881 1555 2903 d.
1573 2881 1609 2903 ⁴2.
1631 2886 1652 2902 a.
1671 2881 1693 2902 4.
1709 2886 1733 2909 q.
1754 2880 1776 2902 2.
1795 2882 1817 2902 et
1833 2879 1857 2902 d.
1875 2879 1912 2901 43.
1929 2884 1950 2901 a.
1968 2879 1989 2901 4.

1139 2926 1162 2949 q.
1181 2919 1202 2947 l,
1219 2918 1258 2941 ubi
1277 2919 1346 2942 etiam
1363 2920 1421 2943 haec
1443 2920 1522 2948 opinio
1540 2920 1623 2943 eodem
1641 2919 1723 2947 modo,
1745 2919 1805 2941 sicut
1826 2918 1864 2941 hic
1881 2918 1917 2945 nt,
1935 2923 1988 2940 cum

1138 2958 1250 2987 sententia
1267 2958 1366 2982 aliorum
1383 2960 1520 2983 Sanctorum
1537 2957 1747 2983 reconciliatu1·.—
1758 2958 1853 2981 Interius
1874 2957 1989 2980 substitui-

1138 3005 1192 3022 mus
1209 2999 1255 3022 tide
1272 2992 1374 3028 plurium
1392 3000 1475 3027 codd.‚
1493 3003 1518 3023 ut
1534 3000 1666 3026 GiKLM,
1684 3006 1744 3029 qnae
1760 2998 1807 3022 sibi
1822 3004 1864 3026 pro
1882 2997 1923 3028 qui
1938 2996 1988 3021 sibi.
