2285 3398
242 288 272 307 Fit.
286 288 363 312 triplici·

285 314 320 331 ter.

250 1172 300 1191 idern
314 1172 362 1191 soce-

234 1198 277 1214 runt
296 1195 361 1219 Marty-

234 1224 270 1238 res.

233 1638 261 1656 De
271 1637 360 1657 secundo.

256 2379 368 2398 Notandum.

384 203 439 232 538

379 281 446 311 didit
467 282 493 310 in
519 281 594 315 vita,
616 281 750 311 doctrina
774 284 801 309 et
822 281 965 318 patientia
990 281 1046 310 sive
1065 271 1168 319 poena3
1190 285 1217 312 et

379 329 439 357 ideo
466 328 518 356 tria
545 328 625 361 dicit,
654 331 748 356 testem
776 327 893 361 scilicet,
920 328 1023 356 ducem
1049 330 1076 356 et
1099 337 1216 365 praece-

375 379 494 413 ptorem.
524 375 653 403 Doctrina
683 374 756 403 enim
787 382 840 403 non
872 377 1041 411 acceptatur
1071 374 1122 403 nisi
1152 383 1216 404 cum

378 423 452 451 bona
477 422 553 455 vita,
576 429 625 450 1100
645 419 864 457 authenticatur
885 420 936 449 nisi
958 428 1007 457 per
1025 420 1216 457 patientiam

378 470 448 498 sicut
479 468 551 497 enim
582 468 683 497 dicitur
714 468 742 496 in
774 467 928 496 Proverbiis
944 468 963 501 ¹,
995 467 1129 495 doctrina
1158 468 1218 496 viri

376 525 427 553 per
445 515 618 552 patientiam
644 514 784 543 noscitur.
806 515 838 543 Et
866 514 925 543 ideo
949 514 1076 542 Christus
1097 514 1217 543 testimo-

378 563 453 591 nium
475 570 541 591 suae
561 562 710 590 doctrinae
724 562 869 590 ratificavit
890 569 938 598 per
960 561 1144 590 testimonium
1162 569 1217 598 pa-

378 609 501 643 tientiae,
523 609 675 638 secundum
702 609 769 637 illud
791 608 895 645 primae
919 608 953 637 ad
981 607 1155 636 Timotheum
1176 616 1217 637 se-

378 656 485 685 cundo:
512 656 593 684 Unus
620 656 697 684 enim
727 656 818 689 Deus,
840 663 918 683 unus
946 658 970 683 et
997 654 1139 682 mediator
1155 655 1219 683 'Dei

378 706 403 731 et
423 701 588 736 hominum,
610 702 693 730 bomo
716 701 849 730 Christus
876 702 973 734 lesus,
1002 700 1053 738 qui
1079 701 1155 729 dedit
1175 709 1218 729 re-

379 749 566 786 demptionem
586 749 769 785 semetipsum
787 756 844 785 pro
859 747 1008 781 omnibus,
1025 747 1218 776 testimonium

380 794 554 831 temporibus
574 794 645 822 suis.
677 794 762 832 Cuius
794 794 979 822 testimonium
1010 793 1141 830 operibus
1162 793 1219 822 suis

379 841 571 871 confirmatum
602 843 658 874 est;
681 841 732 869 hoc
763 840 815 869 fuit
842 840 1028 869 testimonium
1052 840 1218 877 passionis,

379 896 428 925 per
443 887 516 925 quod
538 896 587 916 nos
604 887 762 915 informavit
776 889 803 915 et
817 886 1011 920 conformavit3
1027 886 1100 915 unde
1114 886 1219 923 primae

378 935 411 964 ad
433 935 606 963 Timotheum
629 934 746 963 sext02:
769 933 923 970 Praecipio
952 933 1004 961 tibi
1023 941 1124 961 eoram
1146 933 1218 967 Deo,

378 982 429 1021 qui
450 981 576 1018 vivificat
597 981 712 1015 omnia,
734 984 759 1008 et
781 979 895 1009 Christo
916 980 998 1013 Iesu,
1026 980 1078 1017 qui
1098 979 1219 1007 testimo-

377 1029 461 1057 nium
482 1028 608 1057 reddidit
628 1028 681 1056 sub
703 1028 807 1056 Pontio
822 1027 929 1061 Pilato,
945 1026 1019 1055 bona
1034 1025 1218 1063 confessione,

378 1079 410 1104 ut
424 1084 519 1104 serves
533 1075 707 1103 mandatum
721 1074 783 1102 sine
804 1073 939 1107 macula,
962 1071 1217 1110 irreprehensibile.

459 1123 502 1151 14.
525 1122 611 1150 Huius
631 1125 723 1150 autem
752 1120 899 1149 testimonii
927 1120 1078 1148 imitatores
1104 1118 1217 1156 perfecti

379 1172 444 1198 sunt
455 1170 596 1205 Martyres,
609 1168 656 1205 qui
671 1171 698 1196 et
713 1171 792 1195 testes
802 1167 943 1200 dicuntur,
955 1166 1021 1203 quia
1032 1165 1217 1194 testimonium

379 1215 478 1244 Christi
501 1223 555 1243 non
577 1217 684 1242 tantum
705 1213 802 1242 imitati
823 1212 888 1242 sunt
909 1213 936 1241 in
957 1213 1018 1241 vita
1032 1215 1059 1240 et
1073 1211 1217 1244 doctrina,

378 1262 425 1291 sed
445 1262 527 1291 etiam
548 1261 575 1289 in
593 1260 750 1297 pacientia,
765 1268 821 1296 qua
841 1259 967 1288 vicerunt
988 1266 1096 1287 omnem
1117 1257 1217 1286 inimici

378 1308 536 1346 perfidiam,
558 1307 710 1336 secundum
732 1306 800 1334 illud
821 1305 994 1342 Apocalypsis
1017 1304 1217 1333 duodecimo³:

379 1356 440 1392 Ipsi
450 1355 581 1383 vicerunt
591 1362 656 1382 eum
666 1356 786 1390 propter
796 1352 969 1389 sanquinem
978 1353 999 1379 A
1004 1351 1057 1389 9111
1067 1354 1090 1379 et
1099 1354 1218 1388 propter

378 1401 495 1430 verbum
509 1400 663 1429 testimonii
673 1399 731 1433 sui,
740 1402 765 1427 ct
775 1407 833 1427 non
843 1398 1006 1427 dilexerunt
1017 1398 1136 1426 animas
1146 1405 1218 1425 susus

379 1457 469 1486 usquc
483 1447 523 1475 ad
538 1450 665 1474 mortem.
682 1446 735 1474 Hoc
750 1445 853 1473 dictum
869 1445 1030 1481 intelligitur
1045 1444 1078 1475 de
1093 1443 1218 1480 Martyri-

377 1495 446 1527 bus,
461 1494 488 1521 in
504 1492 605 1530 quibus
626 1491 812 1520 testimonium
828 1491 928 1519 Christi
940 1491 1063 1527 'quodam
1078 1490 1158 1519 modo
1176 1498 1218 1519 re-

377 1544 495 1570 novatur
510 1540 543 1568 ad
558 1538 777 1567 informationem
792 1540 819 1566 et
833 1537 1075 1566 conformationem
1091 1537 1217 1565 aliorum.

457 1588 500 1615 15.
522 1587 574 1615 Dat
595 1594 660 1614 vero
681 1585 867 1614 testiinonium
888 1583 1113 1621 approbativam
1128 1591 1219 1620 respe-

377 1638 424 1663 ctu
439 1634 602 1665 tustanum
615 1632 649 1661 de
663 1640 719 1669 quo
733 1631 903 1668 gloriabatur
918 1630 963 1658 lob
977 1630 1084 1669 decimo
1102 1632 1181 1658 sexto
1192 1630 1219 1657 4;

378 1682 448 1710 Εο00
468 1680 557 1713 enim,
581 1680 610 1707 in
631 1678 707 1707 caeto
729 1678 805 1706 testis
836 1685 916 1705 meus
937 1679 962 1704 et
982 1676 1115 1705 conscius
1139 1685 1220 1704 meus

378 1728 410 1756 in
430 1726 554 1755 exacuis.
578 1726 623 1753 llle
654 1724 726 1753 enim
754 1723 866 1760 gloriari
894 1725 982 1759 potest
1000 1722 1046 1751 ,110
1067 1722 1221 1751 testimonio

379 1773 480 1802 Christi
501 1772 684 1808 approbante,
706 1770 754 1806 qui
782 1777 835 1797 non
864 1769 946 1804 habet
977 1776 1132 1797 remorsum
1157 1776 1221 1796 con-

380 1819 523 1851 scientiae,
546 1821 576 1846 ut
597 1817 732 1846 secundae
752 1816 786 1844 ad
817 1815 972 1844 Corinthios
993 1815 1094 1851 primo:
1120 1815 1222 1843 Gloria

381 1868 483 1893 nostra
505 1863 574 1892 llaec
595 1867 648 1896 est,
671 1862 865 1890 testimonium
886 1861 1075 1889 conscientiae
1095 1864 1220 1889 nostrae.

382 1911 416 1939 1111
432 1918 487 1946 qno
509 1909 619 1946 quidem
648 1907 802 1937 testimonio
833 1915 887 1935 non
918 1910 959 1936 est
986 1907 1159 1944 gloriandum
1181 1915 1223 1935 se-

383 1957 503 1985 cundum
525 1964 566 1989 se,
588 1955 638 1983 nisi
670 1957 818 1983 concurrat
841 1954 1027 1982 testimonium
1055 1961 1222 1990 supernum,

384 2006 415 2032 ut
436 2003 483 2039 qui
503 2002 636 2039 gloriatur
658 2009 711 2029 non
734 2001 760 2028 in
782 2008 826 2034 se,
848 2000 895 2029 sed
922 2001 949 2028 in
980 2000 1100 2028 Domino
1120 2000 1224 2037 glorie-

385 2054 450 2082 tur,
472 2037 506 2076 ne
526 2048 596 2076 forte
616 2047 741 2083 gloriatio
761 2054 811 2075 sna
832 2046 944 2074 fundata
961 2046 996 2074 sit
1016 2054 1100 2082 super
1114 2046 1224 2074 menda-

385 2096 441 2129 cio,
463 2103 478 2123 a
499 2103 553 2131 quo
574 2094 710 2122 immunes
730 2101 785 2121 non
805 2096 884 2126 sunt,
906 2092 957 2120 nisi
973 2092 1019 2129 qui
1035 2092 1223 2129 approbantur

385 2150 434 2180 per
454 2141 553 2170 Christi
576 2140 770 2169 testimonium.
794 2140 906 2176 Propter
937 2139 1010 2176 quod
1030 2139 1136 2175 dicebat
1156 2140 1223 2176 Apo-

385 2189 471 2218 stolus
492 2188 525 2216 ad
546 2188 680 2216 Romanos
711 2186 820 2214 nono⁵z
849 2185 1000 2222 Veritatem
1027 2186 1091 2213 dieo
1118 2189 1142 2213 et
1166 2195 1224 2214 non

385 2236 517 2269 mentior,
540 2234 733 2263 testimonimn
764 2231 837 2261 milii
860 2231 1023 2269 perhibente
1050 2232 1224 2265 conscientia

385 2291 449 2311 mea
470 2282 501 2310 in
522 2281 635 2319 Spiritu
655 2284 772 2313 sanetoe
793 2283 820 2308 et
847 2279 880 2308 ad
912 2279 1097 2316 Philippenses
1118 2279 1222 2315 primo:

392 2329 479 2359 Testis
499 2328 573 2357 milii
587 2323 632 2357 'est
654 2328 742 2361 Deus,
764 2327 904 2365 quomodo
925 2326 1043 2363 cupiam
1064 2334 1160 2354 omnes
1177 2334 1224 2353 uos

386 2377 417 2405 in
437 2375 594 2405 uisceribus
617 2376 681 2403 [esa
704 2373 818 2403 Clu-isti.
842 2374 904 2402 Sine
926 2373 977 2401 hoc
999 2372 1152 2401 testimonio
1173 2381 1224 2409 ap-

382 2423 533 2461 probativa
556 2431 624 2451 vana
644 2425 685 2450 est
706 2420 818 2450 humani
841 2420 986 2449 testimonii
1008 2419 1182 2456 approbatio;
1198 2422 1225 2447 et

386 2470 446 2499 ideo
468 2460 533 2498 illud
561 2473 602 2498 est
632 2468 771 2506 potissime
799 2466 1009 2504 inquirendnm;
1040 2465 1114 2503 aliud
1143 2473 1223 2499 vero,

386 2517 487 2545 scilicet
508 2517 675 2549 humanum,
698 2523 751 2543 non
772 2517 813 2543 est
834 2513 884 2541 nisi
906 2515 1018 2549 propter
1038 2513 1105 2541 alios
1125 2520 1224 2549 oppor-

1176 204 1285 234 SERMO
1307 205 1323 232 Ι.

1275 284 1389 315 1111111111,
1412 282 1537 311 videlicet
1558 283 1591 311 ad
1622 284 1835 312 aedificationem
1864 285 1996 320 aliorum,
2019 295 2115 315 secun-

1273 328 1340 357 dum
1367 328 1435 357 illud
1462 329 1568 366 primae
1596 330 1629 358 ad
1657 328 1831 359 Timotheum
1861 331 1978 360 tertio³:
2003 333 2116 369 Oportet

1273 378 1383 408 autem,
1407 375 1489 403 illam
1509 379 1534 404 et
1555 376 1747 405 testimonium
1769 375 1872 405 liaberc
1894 377 2000 406 bonum
2020 379 2056 407 ab
2078 379 2115 407 iis

1273 421 1324 460 qui
1336 420 1413 458 foris
1433 425 1509 449 sunt.
1523 422 1684 458 —Quando
1705 423 1777 452 enim
1800 423 1867 452 haec
1887 423 1942 452 duo
1963 425 2116 453 testimonia

1273 470 1457 502 concurrunt,
1480 471 1546 496 tunc
1567 469 1691 498 redditur
1723 470 1804 498 homo
1835 471 2002 507 approbatus
2024 479 2115 499 coram

1273 515 1329 544 Deo
1350 518 1377 543 et
1398 514 1573 549 hominibus;
1594 518 1621 544 et
1642 516 1703 545 talis
1732 516 1845 545 deberet
1871 524 1930 545 esse
1960 518 2115 554 praelatus,

1274 561 1363 598 qualis
1383 564 1443 590 erat
1464 561 1524 594 ille,
1545 561 1579 590 de
1599 570 1654 598 quo
1674 563 1776 591 dicitur
1797 563 1824 591 in
1846 563 2114 592 Canonica-loannis:

1275 607 1417 636 Demetrio
1439 607 1632 636 testimonium
1653 609 1785 637 redditur
1811 609 1847 637 ab
1869 609 2002 637 omnibus
2027 609 2052 637 et
2078 609 2114 638 ab

1274 654 1340 691 ipsa
1361 654 1487 682 veritate.
1510 654 1576 682 Nam
1599 654 1750 684 humanum
1783 655 1968 684 testimonium
1990 656 2047 684 sine
2070 663 2115 684 ve—

1274 701 1363 729 ritatis
1383 700 1580 729 contestatione
1600 703 1641 729 est
1661 702 1776 730 nihilum
1799 698 2023 738 computandum.

1355 748 1398 775 16.
1420 747 1471 775 Dat
1492 747 1574 776 etiam
1596 747 1676 776 tertio
1697 749 1881 777 testimonium
1904 748 2116 785 increpatioum

1275 796 1403 830 respectu
1424 801 1647 830 perversorzmz,
1669 795 1820 824 secundum
1848 795 1915 823 illud
1944 795 2115 831 Apocalypsis

1276 840 1395 868 terti07:
1418 840 1496 868 Haec
1517 840 1618 868 dicier
1631 849 1731 875 amen,
1757 842 1833 870 cesus
1854 841 1946 877 fidelis
1967 845 1993 869 et
2012 849 2115 874 uerus,-

1274 886 1334 915 seio
1355 895 1444 923 opera
1467 890 1536 920 tua,
1558 887 1629 924 quia
1650 896 1737 925 wicque
1756 887 1887 925 frigidus
1909 896 1937 915 es
1958 896 2047 925 neque
2068 896 2115 915 ca-

1276 932 1368 965 lidus;
1390 932 1464 969 quod
1485 933 1595 969 quidem
1617 933 1718 962 dictum
1738 938 1779 962 est
1793 934 1825 962 ad
1841 934 2054 970 increpationem
2069 942 2115 961 nc-

1274 979 1452 1021 9ti9entium.
1476 979 1501 1007 Si
1524 987 1589 1016 ergo
1611 980 1734 1009 Christus
1756 981 1794 1008 sic
1815 981 1938 1016 increpat
1958 980 2114 1013 desidiosos,

1276 1028 1379 1062 quanto
1391 1025 1477 1061 magis
1488 1025 1610 1061 increpat
1625 1030 1651 1054 01
1665 1026 1815 1055 detestatur
1826 1026 2006 1063 facinorosos)
2017 1020 2053 1046 —'
2063 1027 2115 1055 Hoc

1276 1074 1373 1100 autem>
1391 1071 1576 1099 testimoninm
1598 1071 1721 1100 odiosum
1742 1076 1783 1100 est
1804 1072 1897 1105 malis,
1912 1072 2064 1100 secundum
2084 1072 2115 1100 il-

1276 1117 1323 1145 lud
1346 1117 1451 1145 loannis
1476 1118 1628 1153 septimo⁸z
1658 1118 1721 1146 Non
1745 1122 1834 1155 potest
1867 1119 1994 1146 mundus
2022 1119 2122 1146 odisse

1277 1172 1341 1196 uos:
1362 1172 1406 1191 me
1427 1167 1524 1191 autem
1545 1164 1619 1197 odit,
1641 1164 1712 1202 quia
1732 1173 1781 1201 090
1803 1164 1996 1192 testimonium
2017 1163 2114 1200 perbi-

1276 1209 1322 1238 000
1343 1210 1377 1238 de
1399 1210 1462 1244 illo,
1484 1211 1555 1248 quia
1582 1219 1670 1247 opera
1700 1211 1762 1239 cius
1792 1211 1872 1238 mata
1899 1214 1974 1238 sunt.
2009 1211 2035 1239 ln
2058 1219 2113 1247 quo

1276 1256 1361 1293 magis
1376 1260 1489 1292 apparet
1510 1257 1570 1285 eius
1588 1257 1705 1290 malitia,
1720 1257 1785 1293 quisi
1800 1265 1852 1285 11011
1868 1258 1957 1285 50111111
1972 1257 2031 1285 vult
2045 1257 2114 1285 male

1274 1311 1370 1340 agere,
1386 1303 1432 1331 sed
1453 1303 1534 1331 etiam
1555 1312 1618 1331 011111
1640 1303 1708 1337 odit,
1724 1303 1771 1340 qui
1790 1303 1848 1331 vult
1869 1303 1902 1331 ad
1924 1304 1995 1332 viam
2017 1304 2115 1332 verita-

1275 1349 1309 1378 tis
1327 1349 1467 1378 reducere.
1484 1350 1534 1377 Sed
1549 1353 1635 1384 certe,
1651 1350 1716 1386 quia
1730 1350 1826 1378 nolunt
1841 1358 1914 1378 nunc
1930 1350 2114 1379 testimonium

1274 1396 1374 1424 Christi
1403 1395 1499 1424 audire
1530 1396 1563 1424 ad
1595 1396 1808 1429 correctionem,
1830 1396 1941 1424 audient
1972 1396 2039 1424 illud
2067 1396 2115 1424 ali-

1274 1443 1384 1480 quando
1405 1442 1438 1470 ad
1459 1450 1536 1471 suam
1565 1443 1780 1476 damnationem,
1807 1442 1958 1471 secundum
1990 1442 2054 1470 illud
2079 1442 2115 1470 le-

1276 1490 1377 1528 remiae
1408 1490 1538 1526 vigesimo
1558 1490 1669 1518 nono⁹:
1699 1491 1757 1527 Epo
1785 1498 1849 1517 sum
1866 1485 1958 1517 iudex
1980 1493 2005 1517 et
2026 1489 2114 1522 testis,

1275 1537 1345 1565 dicit
1368 1537 1508 1565 Dominus
1516 1547 1526 1569 ,·
1547 1536 1612 1573 qnia
1632 1537 1690 1573 ipse
1705 1537 1792 1570 idem,
1807 1536 1853 1573 qui
1869 1536 1915 1564 dat
1930 1535 2115 1564 testimonium

1276 1583 1492 1620 increpativum,
1514 1583 1588 1612 dabit
1608 1586 1635 1611 et
1656 1575 1785 1612 iudicium
1817 1582 2063 1611 condemnativum.
2087 1582 2116 1609 Et

1276 1630 1328 1658 hoc
1349 1632 1390 1658 est
1411 1629 1485 1666 quod
1506 1630 1626 1658 minatur
1649 1629 1780 1658 Dominus
1801 1637 1849 1666 per
1872 1629 2034 1657 Michaeam:
2063 1628 2116 1656 Do—

1276 1677 1374 1705 minus
1397 1677 1472 1704 Deus
1493 1677 1530 1704 sit
1552 1676 1628 1704 vobis
1649 1676 1680 1704 in
1700 1680 1811 1709 testem,
1835 1675 1976 1704 Dominus
1996 1676 2030 1703 (Ie
2051 1679 2117 1703 tem-

1274 1723 1322 1759 pto
1342 1726 1442 1751 sancto
1462 1731 1533 1755 suo‚·
1554 1723 1625 1761 quia
1645 1732 1718 1757 ecce,
1743 1723 1883 1751 Dominus
1903 1722 2063 1759 eyredietur
2084 1722 2117 1749 de

1278 1768 1337 1796 loco
1357 1777 1410 1797 suo
1431 1772 1456 1797 et
1476 1770 1620 1797 descendet
1641 1773 1665 1797 et
1685 1769 1809 1797 calcabit
1828 1777 1917 1805 super
1938 1768 2117 1796 1310οἰ80101·-

1279 1822 1347 1847 rae,·
1367 1818 1392 1842 et
1413 1819 1618 1843 consumentur
1638 1820 1746 1844 montes
1766 1815 1868 1843 subtus
1889 1823 1971 1848 eum,
1992 1818 2018 1842 et
2030 1814 2117 1842 valles

1278 1861 1447 1888 scindentur
1467 1861 1542 1888 sieut
1563 1870 1631 1889 cera
1651 1870 1670 1889 a
1691 1860 1767 1897 faeie
1788 1861 1872 1897 iynis.
1896 1861 1924 1889 ln
1952 1869 2006 1897 quo
2027 1864 2117 1889 osten-

1268 1907 1354 1935 Χ1111111
1375 1906 1477 1942 triplex
1498 1902 1632 1935 adventus
1652 1907 1738 1943 ipsius
1759 1907 1872 1940 indicis,
1897 1906 1976 1935 cuius
1996 1907 2116 1935 testimo-

1280 1953 1357 1981 nium
1376 1956 1403 1980 et
1424 1952 1555 1981 iudicium
1577 1961 1630 1981 non
1652 1954 1752 1990 poterit
1769 1953 1912 1987 declinari;
1934 1953 1967 1981 de
1988 1961 2042 1990 quo
2064 1953 2116 1981 Ma-

1280 1999 1384 2027 lachiae
1405 1999 1485 2037 tertio
1498 1999 1532 2026 ¹⁰:
1550 1999 1692 2027 Accedam
1713 1999 1753 2027 ad
1772 2008 1821 2027 vos
1843 2000 1872 2027 in
1893 1999 2011 2033 iudicio,
2026 2003 2051 2027 et
2068 2008 2116 2028 ero

1281 2045 1357 2072 testis
1377 2044 1456 2072 velox
1478 2043 1616 2080 maleficis
1637 2048 1662 2072 et
1682 2044 1823 2073 adulteris
1850 2048 1874 2072 et
1898 2044 2028 2081 periuris
2048 2048 2116 2079 etc„

1280 2100 1330 2128 pro
1351 2099 1397 2125 eo,
1420 2091 1493 2128 quod
1524 2091 1617 2119 nullus
1647 2091 1748 2127 poterit
1775 2091 1894 2127 effugere
1925 2099 1941 2119 a
1970 2092 2036 2120 facie
2057 2092 2116 2120 eius

1280 2147 1329 2167 1100
1350 2138 1452 2175 aliquid
1473 2138 1627 2171 occultare,
1649 2137 1874 2166 51111111111111111111
1889 2138 2116 2167 concurrentibus

1280 2185 1350 2213 libro
1371 2185 1441 2213 vitae
1462 2187 1489 2213 et
1510 2184 1586 2212 libris
1607 2184 1834 2212 conscientiarum
1848 2184 1878 2211 ¹¹.
1896 2200 1931 2204 —
1946 2184 1982 2212 Ad
2004 2185 2055 2213 hoc
2067 2193 2117 2213 au-

1281 2234 1333 2260 tem
1356 2231 1541 2259 testimonium
1563 2230 1684 2259 terribile
1711 2230 1902 2259 declinandum
1930 2231 2047 2267 perutile
2077 2234 2114 2259 est

1280 2278 1423 2306 consilium
1445 2277 1560 2311 Boethii,
1583 2277 1609 2305 in
1627 2277 1679 2305 tine
1695 2277 1756 2305 libri
1771 2276 1804 2305 de
1818 2277 2048 2310 Consolatione¹2‚
2069 2277 2115 2305 ubi

1280 2324 1318 2353 sic
1339 2324 1390 2352 ait:
1411 2336 1424 2348 «
1440 2324 1605 2352 ‚aversamini
1627 2323 1704 2357 vitia,
1727 2323 1805 2352 colite
1827 2323 1957 2356 virtutes,
1978 2322 2011 2351 ad
2030 2326 2117 2351 rectas

1280 2379 1342 2408 spes
1363 2371 1486 2399 animum
1508 2371 1609 2404 levate,
1632 2370 1749 2399 humiles
1771 2378 1866 2407 preces
1886 2370 1914 2397 in
1932 2370 2040 2399 excelsa
2054 2377 2116 2405 por—

1281 2418 1368 2454 rigite.
1392 2418 1485 2454 Magna
1507 2417 1582 2446 vobis
1603 2421 1659 2451 est,
1682 2417 1702 2446 si
1734 2417 1906 2445 dissimulare
1937 2424 1990 2444 non
2018 2416 2115 2448 vultis,

1281 2464 1426 2493 necessitas
1448 2464 1547 2492 indicta
1568 2465 1726 2500 probitatis,
1748 2472 1812 2493 cum
1832 2467 1894 2492 ante
1924 2463 2017 2492 oculos
2037 2463 2116 2499 agitis

1282 2511 1378 2539 iudicis
1399 2513 1498 2539 cuncta
1518 2511 1691 2539 cernentis».
1714 2527 1751 2531 —
1772 2511 1904 2538 Expucu.

451 2700 457 2713 ¹
475 2701 530 2728 Cap.
551 2701 588 2727 19,
609 2701 641 2721 ll.
661 2701 713 2729 Seq.
730 2701 793 2723 locus
809 2703 843 2722 est
860 2701 874 2722 Ι.
891 2701 950 2722 Τ1111.
968 2701 992 2727 2,
1010 2700 1031 2722 5,

449 2739 458 2752 ²
478 2741 541 2762 Vers.
561 2740 596 2761 13.
616 2739 649 2761 14.
667 2740 775 2767 Vulgata:
798 2739 883 2761 bonam
908 2739 1074 2768 confessionem
1097 2746 1139 2767 pro
1163 2739 1224 2762 bona

388 2778 537 2808 consessione.

450 2815 460 2829 ⁸
477 2817 541 2839 Vers.
563 2817 600 2837 li:
619 2816 643 2838 Et
660 2816 703 2843 ipsi
721 2818 763 2837 etc.

450 2854 459 2868 ⁴
477 2856 541 2877 Vers.
558 2856 595 2877 20.
612 2856 665 2883 Seq.
681 2855 744 2876 locus
761 2856 794 2876 est
806 2854 828 2876 ll.
841 2854 891 2876 Cor.
910 2855 930 2881 i,
952 2855 989 2877 12:
1006 2856 1061 2877 Nam
1079 2856 1149 2883 gloria
1166 2858 1208 2877 etc.

450 2893 459 2906 ⁶
477 2895 541 2916 Vers.
559 2895 579 2916 l.
597 2894 705 2921 Vulgata:
724 2893 846 2915 Veritatem
872 2893 922 2915 dico
940 2894 961 2915 in
978 2893 1077 2923 Christo,
1103 2901 1147 2917 non
1165 2900 1224 2916 men-

389 2934 431 2956 tior
447 2936 489 2955 etc.
507 2934 558 2961 Seq.
576 2934 638 2954 locus
654 2935 689 2954 est
705 2931 758 2954 Phil.
777 2932 802 2959 1,
820 2932 841 2953 8.

449 2970 459 2984 ⁶
477 2972 542 2994 Vers.
558 2971 580 2993 7.
597 2971 650 2999 Seq.
666 2971 729 2993 locus
745 2973 779 2992 cst
795 2971 827 2999 111.
845 2971 904 2992 10011.
922 2978 944 2992 v.
965 2972 998 2993 12.

1342 2697 1350 2710 ⁷
1369 2699 1434 2720 Vers.
1455 2697 1488 2719 14.
1509 2697 1543 2719 15.

1342 2736 1352 2749 ⁹
1369 2738 1433 2759 Vers.
1449 2736 1472 2758 7.
1489 2736 1597 2763 Vulgata:
1615 2735 1677 2765 quod
1696 2741 1767 2765 opera
1783 2742 1824 2763 pro
1842 2735 1898 2764 quia
1914 2740 1994 2764 opera.
2007 2734 2115 2762 Superius

1281 2783 1323 2804 pro
1339 2775 1484 2805 facinorosos
1497 2775 1514 2796 Α
1525 2773 1693 2797 schismaticos.

1342 2812 1352 2826 ⁹
1369 2814 1434 2835 Vers.
1452 2814 1488 2835 23.
1506 2814 1558 2841 Seq.
1571 2813 1634 2835 locus
1645 2815 1679 2835 est
1690 2813 1755 2834 Mich.
1769 2813 1777 2833 Ι’1
1789 2829 1795 2839 ,
1806 2813 1833 2834 2:
1844 2811 1926 2833 Audite
1939 2811 2017 2838 populi
2028 2817 2114 2838 omnes,

1281 2856 1303 2876 et
1318 2852 1417 2875 attendat
1435 2854 1493 2873 terra
1511 2854 1533 2873 et
1550 2851 1666 2879 plenitudo
1683 2850 1747 2877 eius;
1763 2853 1786 2872 et
1802 2850 1830 2872 sit
1846 2849 1956 2872 Dominus
1973 2852 2014 2871 etc.

1344 2890 1362 2903 ¹⁰
1380 2892 1444 2913 Vers.
1462 2891 1483 2912 5.

1342 2928 1361 2951 ,¹¹
1379 2929 1423 2952 Cfr.
1441 2930 1476 2951 [v.
1494 2930 1556 2951 Sent.
1573 2929 1594 2951 d.
1614 2929 1650 2951 43.
1669 2935 1690 2950 a.
1707 2930 1728 2951 2.
1746 2929 1768 2950 3.
1789 2931 1811 2950 et
1827 2927 1940 2955 Breviloq.
1957 2933 1978 2954 p.
1996 2927 2041 2949 Vll.
2060 2932 2079 2948 c.
2095 2927 2114 2948 1.

1343 2967 1362 2980 ¹²
1379 2968 1439 2990 Libr.
1458 2969 1483 2990 V.
1501 2974 1569 2996 prosa
1586 2968 1607 2989 6.
1624 2967 1749 2995 Originale:
1766 2965 1883 2990 sublevate
1899 2972 1941 2993 pro
1959 2965 2038 2988 levate.

2133 432 2246 456 Appiicatio.

2133 756 2159 774 De
2174 756 2235 775 lertio.

2133 1035 2165 1052 Est
2176 1034 2261 1052 odiosum

2166 1058 2226 1076 malis.

2133 1359 2246 1378 Notandum.

2142 1869 2216 1893 Triplex
2229 1869 2261 1888 ad-

2133 1895 2198 1918 ventus
2214 1893 2262 1912 iudi-

2133 1921 2166 1934 eis.
