2285 3398
399 121 452 149 106
1043 122 1267 159 QUAESTIONES
1288 121 1489 150 DISPUTATAE

393 206 456 226 611111
477 197 590 234 ponitur
610 199 714 235 aliquid
735 199 768 228 de
789 206 821 228 ea
839 199 964 236 produci,
984 200 1098 237 ponitur
1112 208 1162 236 per
1176 208 1240 228 6011-

395 252 513 281 sequens
534 245 726 279 commutari,
748 245 814 282 quia
834 254 888 274 non
909 248 999 282 potest
1029 254 1089 275 esse
1109 245 1181 274 idem
1202 245 1240 273 ibi

395 298 444 327 per
464 290 649 320 omnimodam
671 291 882 321 indifferentiam
913 293 987 330 quod
1014 293 1096 321 datur
1117 295 1144 321 et
1165 291 1239 328 quod

393 337 527 374 accipitur
548 340 575 366 et
594 340 673 366 actus
685 338 695 354 ¹
716 338 913 374 intermedius;
927 339 955 367 in
976 339 1076 368 divinis
1090 341 1183 366 autem
1197 339 1238 365 est

392 383 502 412 omnino
522 384 695 421 oppositum,
716 385 869 414 secundum
889 385 963 423 quod
984 385 1127 414 manifeste
1152 384 1238 420 liquet

391 438 427 459 ex
449 431 685 467 praecedentibus.

472 478 515 505 10.
537 478 575 506 Ad
596 478 665 507 illud
691 479 766 516 quod
793 479 939 514 obiicitur,
960 479 1034 517 quod
1062 486 1117 506 non
1148 480 1238 514 potest

382 523 494 566 ⁴aliquid
514 525 630 561 produci
650 525 684 554 de
704 526 791 555 nihilo
812 526 870 555 sine
890 526 1058 559 mutatione;
1079 524 1237 558 dicendum,

262 575 377 595 Notandum·
390 571 464 608 quod
485 571 554 600 illud
574 581 629 601 non
650 576 691 602 est
712 573 815 602 simile:
838 573 903 610 quia
928 581 982 601 non
1013 574 1103 609 potest
1133 571 1237 608 aliquid

389 618 504 655 produci
526 619 559 648 de
580 620 682 655 nihilo,
704 621 771 657 quin
802 620 902 649 habeat
923 628 982 648 esse
1009 622 1070 656 post
1090 627 1236 652 own-esse,

389 666 457 703 quin
479 666 561 695 etiam
582 667 682 696 habeat
702 676 761 696 esse
781 668 819 696 6Σῖ
840 666 1171 707 ρ111161ρ1063361111611161
1185 665 1236 694 dif-

387 712 500 742 ferente.
522 713 598 742 Unde
618 714 745 751 quamvis
766 713 841 742 nihil
859 722 914 743 non
935 714 970 742 sit
991 712 1124 742 mutabile
1138 712 1172 741 de
1193 720 1235 747 se,

389 761 479 788 tamen
501 760 625 795 eductio,
647 769 703 797 qua
733 760 853 797 aliquid,
875 760 949 798 quod
980 759 1059 796 prius
1089 767 1158 791 11011,
1175 762 1236 788 6161

387 814 448 840 6113,
470 806 590 835 efficitur
611 815 674 841 ens,
696 807 729 836 de
754 807 917 836 necessitate
944 806 1021 844 ponit
1051 806 1234 843 inceptionem

387 856 414 882 et
434 853 625 882 mutationem.
646 854 705 883 Non
726 854 765 883 sic
785 856 878 883 autem
894 857 936 883 est
949 854 983 883 de
997 861 1030 882 ea
1044 853 1234 890 productione,

386 908 442 937 qua
461 908 580 937 persona
593 900 759 938 producitur
773 901 807 930 de
821 901 975 930 substantia
989 900 1158 938 sempiterna
1171 909 1234 938 per-

387 955 470 976 sonae
491 947 723 984 sempiternaliter
744 948 937 985 producentis,
959 948 1025 985 quia
1042 948 1079 977 ibi
1095 956 1145 978 1166
1159 948 1234 977 aliud

385 1002 445 1022 esse
464 995 601 1031 accipitur
621 995 655 1024 de
675 1003 762 1030 novo,
784 1004 834 1024 1166
865 996 968 1033 aliquid
999 996 1117 1033 incipit‚-
1131 1004 1162 1025 ac
1183 1004 1233 1033 per

384 1040 437 1070 1106
458 1049 508 1070 1166
528 1042 631 1078 aliquid
654 1042 786 1071 variatur.
888 1043 890 1045 “

466 1089 508 1116 11.
531 1088 568 1116 Ad
589 1088 658 1117 illud
685 1089 759 1126 quod
786 1089 932 1123 obiicitur,
953 1090 1028 1127 quod
1058 1090 1147 1118 forma
1165 1097 1232 1117 Ι11011

384 1137 474 1171 potest
494 1134 610 1171 produci
631 1135 689 1164 sine
710 1136 877 1170 mutatione,
891 1144 958 1173 ergo
972 1144 1022 1165 nec
1043 1136 1231 1173 suppositum;

384 1180 545 1216 dicendum,
566 1182 640 1219 quod
661 1190 715 1211 non
737 1185 778 1211 est
799 1182 901 1211 simile:
923 1183 990 1220 quia
1010 1183 1156 1220 productio
1175 1183 1232 1211 for-

384 1235 445 1256 mae
466 1228 531 1257 dicit
551 1228 732 1258 differentiam
755 1229 963 1259 substantialem
984 1230 1056 1259 inter
1077 1230 1232 1267 producen-

386 1277 441 1303 tem
463 1277 490 1303 et
509 1275 693 1311 productum3
715 1276 784 1304 nihil
804 1276 877 1305 enim
898 1276 1027 1313 producit
1051 1284 1080 1305 se
1101 1277 1231 1313 ipsum³;

382 1324 411 1350 et
424 1321 497 1355 ideo,
512 1330 576 1350 cum
597 1322 686 1351 forma
706 1323 883 1359 producitur,
898 1326 1022 1360 oportet,
1037 1324 1111 1361 quod
1126 1324 1161 1352 ab
1178 1324 1232 1352 alia

1065 1469 1328 1509 QUAESTIO
1358 1469 1438 1504 VJI.

821 1575 926 1604 Utrum
943 1575 1037 1613 possit
1056 1578 1135 1604 stare
1155 1575 1276 1604 trinitas
1297 1585 1365 1605 eum
1385 1585 1503 1605 summa
1523 1576 1697 1605 necessitate.

447 1721 653 1758 Consequenter
664 1720 819 1758 quaeritur,
831 1723 927 1749 utrum
938 1720 1024 1757 possit
1035 1723 1109 1749 stare
1120 1720 1229 1749 trinitas

379 1775 443 1797 611111
457 1776 566 1797 3111111116
580 1767 748 1796 necessitate.
765 1767 796 1795 Et
811 1767 885 1796 circa
899 1767 951 1796 hoc
965 1770 1142 1804 quaeruntur
1162 1767 1226 1796 duo.

460 1815 582 1843 Primum
604 1817 660 1849 est,
689 1817 786 1843 utrum
816 1822 875 1845 esse
901 1814 1026 1843 divinum
1054 1814 1089 1843 sit
1120 1822 1229 1844 summe

1156 1948 1337 1978 ARTICULUS
1359 1949 1375 1977 1.

875 2048 979 2077 Utrum
1000 2052 1060 2077 esse
1081 2047 1215 2076 divinum
1235 2048 1273 2077 sit
1293 2056 1406 2076 suntme
1425 2048 1631 2076 necessarium.

459 2182 609 2219 Quaeritur
630 2190 712 2220 ergo,
734 2185 831 2211 utrum
852 2191 911 2211 esse
930 2182 1055 2211 divinum
1069 2182 1104 2211 sit
1119 2189 1226 2211 summe

381 2230 576 2259 necessarium.
598 2230 630 2258 Et
651 2230 724 2267 quod
745 2230 800 2265 sic,
821 2230 940 2259 videtur.

461 2278 485 2305 1.
507 2276 595 2305 Omne
615 2276 786 2306 immutabile
816 2279 844 2306 et
873 2279 1019 2306 aeternum
1049 2279 1091 2305 est
1118 2283 1226 2305 summe

238 2323 569 2353 Fundamenta-necessarium
584 2323 614 2358 ⁵3
650 2323 697 2352 sed
730 2323 855 2353 divinum
886 2332 945 2352 esse
974 2326 1016 2352 est
1047 2312 1224 2352 huiusmodi:

379 2378 446 2408 ergo
465 2372 516 2399 etc.

457 2418 483 2446 Ξ.
506 2417 588 2451 Item,
610 2423 722 2445 necesse
742 2419 799 2451 est,
820 2425 917 2451 omne,
931 2416 1006 2454 quod
1020 2419 1062 2446 est
1076 2416 1225 2445 nobilitatis

379 2466 406 2493 et
426 2463 617 2501 perfectionis,
638 2463 702 2500 poni
724 2463 751 2491 in
773 2463 830 2492 Deo
849 2464 877 2492 in
896 2472 1006 2492 summo
1013 2475 1020 2498 ;
1035 2463 1082 2492 sed
1097 2466 1225 2492 constans

379 2513 433 2545 est,
445 2510 519 2548 quod
531 2510 541 2527 ⁷
553 2510 700 2539 necessitas
711 2512 752 2539 est
762 2510 849 2547 magis
860 2518 943 2548 quam
955 2510 1083 2539 scientia:
1095 2518 1162 2547 ergo
1172 2512 1223 2539 etc.

440 2666 448 2679 ¹
466 2668 485 2690 D
502 2667 566 2697 quod
582 2667 669 2690 dicitur
686 2668 708 2690 et
724 2666 786 2696 quod
802 2666 917 2697 accipitur
934 2669 960 2691 ut
978 2667 1057 2697 [11662]
1075 2669 1159 2691 actus..

439 2705 448 2718 ⁵
467 2706 633 2734 supplevimus
649 2712 673 2729 α.

439 2744 449 2757 ⁵
466 2746 525 2767 Vide
542 2751 614 2774 supra
630 2752 686 2774 pag.
703 2745 745 2772 46,
762 2746 816 2767 11016
832 2745 855 2767 7.
866 2757 897 2762 -
908 2745 1006 2773 Aristot„
1017 2746 1042 2768 11.
1053 2746 1140 2768 Poster.
1152 2752 1172 2768 6.
1185 2745 1222 2768 17.

378 2783 408 2812 (c.
426 2784 485 2813 ⁴4.):
503 2783 577 2807 Causa
595 2784 656 2806 enim
674 2784 739 2812 prius
755 2786 790 2805 est
806 2789 833 2805 eo
851 2783 916 2805 cuius
932 2786 967 2806 est
983 2790 1059 2807 causa.

439 2821 449 2834 ⁴
465 2822 511 2845 (111.
528 2824 543 2845 l.
556 2823 653 2846 Sent.-d.
666 2823 703 2845 19.
714 2829 738 2851 p.
750 2823 775 2845 ll.
786 2828 809 2851 q.
822 2822 843 2844 1.
854 2834 885 2838 -
896 2822 929 2844 De
940 2824 986 2846 loto
998 2825 1021 2845 et
1028 2825 1099 2853 parte
1110 2823 1164 2846 vide
1175 2823 1222 2846 Ari-

378 2863 438 2889 stot„
447 2862 475 2884 V.
484 2862 582 2890 Metaph.
592 2865 644 2885 16111,
657 2862 694 2885 30.
705 2867 755 2890 seq.
764 2860 812 2890 (lv.
824 2867 844 2883 c.
855 2862 893 2884 25.
905 2861 972 2890 seq).
980 2874 1011 2879 -
1019 2863 1072 2885 Post
1080 2861 1219 2890 dicendum,

376 2899 440 2930 quod
456 2900 560 2923 additum
575 2907 588 2923 a
605 2901 624 2924 D
641 2906 683 2924 mc
700 2900 887 2929 suppressimus,
898 2902 953 2930 quia
964 2902 1107 2929 superfluere
1121 2901 1222 2924 videtur.

1296 199 1385 227 forma
1406 199 1594 236 producatur,
1615 209 1703 237 quae,
1719 197 1790 231 'cum
1811 203 1846 231 sit
1866 203 1920 232 alia
1940 203 1975 232 ab
1995 203 2070 240 ipsa,
2091 203 2145 232 erit

1296 253 1361 273 vere
1382 253 1465 274 causa
1486 245 1642 282 producens
1662 249 1689 275 et
1710 247 1787 283 prior
1809 249 1989 284 naturaliter,
2011 257 2095 286 quam
2110 249 2145 278 sit

1295 291 1355 328 ipsa
1374 291 1464 320 forma
1484 292 1631 331 producta3
1653 295 1680 322 et
1700 293 1760 322 ideo
1781 293 1809 322 in
1829 295 1876 323 illa
1896 295 2076 332 productione
2096 304 2144 325 ne-

1295 345 1371 366 cesse
1392 341 1434 367 est
1455 339 1558 367 includi
1580 335 1771 368 mutationem.
1793 340 1851 368 Non
1873 341 1912 375 sic
1939 345 2032 371 autem
2053 346 2095 372 est
2116 343 2143 371 in

1294 384 1476 421 productione
1504 386 1639 423 suppositi
1670 386 1714 416 vel
1741 394 1894 423 personae,
1925 395 1977 424 pro
2007 397 2039 417 eo
2069 389 2144 426 quod

1295 439 1351 459 una
1371 434 1413 460 est
1433 423 1534 460 natura
1554 435 1581 461 et
1602 433 1720 462 essentia
1741 433 1768 461 in
1790 433 1931 470 utrisque,
1946 436 1973 462 et
1986 434 2047 464 ideo
2061 435 2144 464 simul

1295 480 1375 512 sunt,
1397 486 1447 507 1166
1468 481 1510 507 631
1530 478 1567 507 ibi
1589 479 1707 508 mutatio
1734 476 1798 508 seu'
1814 482 1922 514 motus,
1944 478 2010 517 quia
2030 480 2067 509 ibi
2088 489 2143 510 non

1293 527 1335 553 est
1355 524 1435 562 prius
1455 533 1505 554 1166
1526 526 1665 562 posterius
1686 534 1736 555 nec
1756 526 1861 564 aliquid
1881 535 1994 556 novum.

1376 573 1419 600 12.
1442 572 1480 601 Ad
1500 573 1568 602 illud
1589 573 1663 610 quod
1684 573 1830 608 obiicitur,
1851 574 1926 611 quod
1951 574 2023 603 sicut
2044 582 2073 603 se
2094 574 2143 603 ha-

1293 618 1339 647 bet
1360 626 1425 655 pars
1446 619 1480 648 ad
1500 622 1624 656 partem,
1645 620 1684 648 ita
1704 622 1793 648 totum
1814 620 1848 649 ad
1863 623 1967 656 totum;
1983 621 2143 656 dicendum,

1292 665 1367 702 quod
1388 665 1416 694 in
1437 665 1537 695 divinis
1557 667 1669 704 proprie
1696 674 1747 695 1166
1767 669 1809 695 631
1830 674 1895 704 pars
1922 666 2013 705 neque
2038 670 2142 701 totum,
2156 675 2176 694 ln
2192 675 2233 695 noo
2249 672 2280 695 ns

1292 712 1445 741 secundum
1478 714 1552 750 quod
1578 717 1668 742 totum
1694 713 1796 742 dicitur
1824 714 1899 751 quod
1930 715 2051 744 continet
2078 723 2141 752 par·
2162 704 2249 741 &3⁸⁰²
2267 708 2278 732 '¹

1292 762 1347 788 tem
1368 762 1395 789 et
1416 763 1523 797 partem
1534 761 1554 789 ⁴².
1577 761 1630 790 Nec
1651 761 1738 795 valet,
1760 760 1858 798 quodsi
1887 769 1932 791 res
1952 762 2088 798 producta
2108 762 2142 791 de

1290 809 1370 843 parte
1391 806 1468 843 ponit
1489 807 1670 836 mutationem
1692 808 1718 836 in
1740 810 1835 844 parte,
1854 808 1928 845 quod
1949 808 2075 837 similiter
2096 816 2142 837 res

1290 853 1427 890 producta
1453 853 1487 882 de
1515 857 1571 882 tota
1599 855 1753 883 substantia
1779 857 1862 892 ponat
1889 855 2070 884 mutationem
2099 862 2141 884 se-

1291 900 1414 930 cundum
1442 903 1547 929 totum:
1568 901 1649 938 quia,
1671 905 1703 930 ut
1729 902 1809 939 prius
1834 904 1937 931 tactum
1959 905 2015 936 est,
2037 902 2141 939 produ-

1290 948 1344 976 ctio
1365 947 1393 976 in
1417 950 1496 984 parte
1516 948 1593 985 ponit
1613 947 1793 983 decisionem,
1817 949 1895 986 ponit
1918 949 2036 978 alicuius
2059 949 2142 978 amis-

1291 995 1396 1024 sionem
1417 998 1444 1024 et
1465 995 1581 1024 alicuius
1596 996 1821 1033 acquisitionem,
1836 1004 1908 1033 quae
1928 996 1962 1025 de
1980 996 2141 1025 necessitate

1291 1042 1473 1070 mutationem
1488 1042 1645 1077 includunt;
1668 1043 1814 1079 productio
1828 1046 1922 1072 autem
1942 1043 1975 1072 de
1997 1046 2053 1072 tota
2074 1043 2139 1072 sub-

1290 1088 1390 1117 stantia
1410 1088 1479 1117 nihil
1500 1089 1596 1117 talium
1617 1089 1698 1123 dicit,
1714 1090 1781 1126 quin
1800 1090 1892 1126 potius
1913 1090 2037 1119 excludit
2057 1097 2137 1118 omne

1289 1135 1370 1169 illud,
1392 1136 1426 1164 ad
1447 1136 1521 1173 quod
1542 1136 1724 1173 consequitur
1739 1139 1840 1170 motus,
1855 1136 1927 1165 sicut
1941 1144 1977 1165 ex
1992 1136 2136 1173 principali

1289 1182 1425 1212 solutione
1446 1183 1498 1212 fuit
1528 1186 1679 1212 ostensum.
1708 1183 1775 1211 Nam
1796 1191 1847 1212 nec
1868 1183 1895 1211 in
1916 1183 2052 1220 principio
2073 1191 2137 1220 pro-

1288 1230 1406 1259 ducente
1426 1234 1468 1259 est
1488 1230 1604 1264 decisio,
1626 1238 1676 1259 nec
1697 1230 1857 1267 compositio
1872 1230 1899 1259 in
1914 1230 2064 1267 producto,
2086 1237 2137 1259 nec

1288 1277 1315 1305 in
1337 1278 1520 1314 productione
1540 1278 1695 1312 innovatio,
1717 1285 1767 1306 nec
1792 1277 1908 1306 variatio
1939 1277 2035 1314 aliqua
2063 1276 2137 1306 circa

1288 1324 1400 1360 aliquod
1422 1324 1636 1360 praedictorum.

1285 1722 1480 1750 necessarium.

1364 1767 1521 1796 Secundum
1551 1770 1608 1802 est,
1630 1770 1726 1796 utrum
1754 1771 1826 1797 stent
1857 1768 1939 1797 simul
1970 1769 2079 1797 trinitas
2106 1772 2133 1797 et

1285 1822 1393 1843 summa
1414 1814 1562 1843 necessitas
1573 1814 1592 1842 ⁵.

1362 2182 1388 2210 3.
1412 2182 1493 2216 ltem,
1515 2190 1611 2216 omne,
1633 2181 1707 2219 quod
1726 2181 1764 2210 ita
1784 2184 1841 2215 est,
1863 2181 1936 2218 quod
1960 2190 2019 2215 non
2040 2184 2130 2218 potest

1282 2237 1336 2257 non
1358 2237 1418 2258 esse
1439 2237 1489 2258 nec
1510 2229 1624 2267 cogitari
1652 2237 1705 2257 non
1725 2236 1800 2262 esse,
1821 2230 1863 2256 est
1883 2228 2071 2257 necessarium
2101 2228 2129 2256 in

1282 2283 1407 2310 3111111110;
1428 2276 1476 2304 sed
1496 2276 1622 2304 divinum
1643 2284 1702 2304 esse
1721 2277 1762 2304 est
1783 2274 1942 2303 hujusmodi
1954 2274 1981 2303 ³:
1996 2283 2063 2312 ergo
2076 2277 2127 2304 etc.

1360 2322 1386 2350 [ι.
1409 2322 1491 2357 Item,
1513 2330 1609 2357 omne,
1631 2321 1705 2360 quod
1725 2321 1808 2350 habet
1829 2329 1887 2349 esse
1908 2330 1924 2350 a
1944 2329 1973 2350 se
1994 2324 2021 2350 et
2035 2329 2085 2358 per
2099 2329 2128 2350 se

1281 2372 1308 2398 et
1329 2370 1481 2399 secundum
1497 2378 1538 2404 se,
1553 2373 1596 2399 est
1615 2369 1727 2398 omnino
1740 2368 1942 2403 necessarium;
1958 2368 2006 2397 sed
2019 2368 2073 2397 tale
2086 2371 2141 2398 estv

1280 2422 1339 2445 esse
1359 2417 1500 2451 divinum,
1522 2424 1587 2445 cum
1607 2416 1643 2445 sit
1663 2415 1799 2452 primum:
1821 2422 1888 2452 ergo
1908 2418 1958 2444 616.

1360 2464 1385 2491 5.
1410 2463 1493 2497 116111,
1514 2462 1683 2499 impossibile
1713 2464 1770 2495 est,
1791 2461 1981 2490 necessitatem
2011 2469 2070 2490 esse
2098 2461 2126 2489 in

1281 2510 1381 2539 effectu
1403 2510 1454 2539 nisi
1476 2518 1526 2547 per
1546 2517 1673 2538 causam:
1694 2516 1760 2545 ergo
1781 2508 1803 2537 si
1825 2508 1852 2536 in
1873 2508 1930 2537 Deo
1943 2516 1998 2536 non
2013 2511 2053 2537 est
2078 2516 2126 2537 ne-

1341 2666 1351 2679 ⁶
1368 2668 1432 2690 llaec
1456 2667 1558 2690 secunda
1575 2673 1643 2696 pars:
1667 2665 1803 2690 Secundum
1824 2666 1882 2688 est...
1906 2665 2046 2694 necessitas,
2070 2665 2126 2688 defl-

1279 2706 1342 2728 616113
1360 2706 1382 2728 111
1399 2707 1430 2733 D,
1448 2712 1460 2728 a
1478 2706 1546 2729 nobis
1563 2712 1606 2734 pro
1623 2711 1689 2728 more
1705 2704 1804 2727 auctoris
1820 2704 1926 2732 suppleta
1943 2707 1984 2726 est.

1340 2743 1350 2756 ⁶
1367 2745 1427 2767 Vide
1446 2751 1517 2773 supra
1534 2751 1558 2774 q.
1575 2745 1597 2767 5.
1614 2751 1635 2767 a.
1653 2745 1673 2767 1.
1690 2746 1712 2766 61
1728 2749 1752 2771 q.
1769 2743 1791 2765 6.
1808 2748 1828 2764 a.
1847 2742 1868 2764 1.

1340 2782 1349 2795 ⁷
1367 2783 1424 2806 Cod.
1441 2783 1505 2813 quia.
1521 2796 1554 2801 —
1569 2784 1676 2806 Defectus
1693 2787 1743 2804 esse
1759 2781 1851 2803 videtur
1868 2781 1889 2803 in
1908 2781 1960 2803 cod.

1340 2821 1349 2835 ¹³
1367 2823 1395 2845 Ut
1411 2825 1530 2845 ostensum
1547 2825 1581 2845 est
1597 2827 1667 2850 supra
1692 2827 1715 2850 q.
1741 2820 1762 2842 1.
1778 2826 1799 2842 a.
1818 2820 1841 2847 1,
1858 2819 1899 2842 ubi
1916 2820 1991 2851 etiam,
2011 2820 2123 2848 principia

1277 2867 1343 2890 seqq.
1360 2868 1427 2890 argg.
1444 2862 1595 2885 insinuantur.
