2285 3398
343 217 399 245 384

343 295 379 324 ibi
400 293 516 331 formae
542 293 625 331 fixio,
646 294 694 323 sed
723 293 800 323 vario
828 294 909 323 modo
937 294 1020 324 habet
1039 295 1190 332 perierat-i,

342 345 373 370 ut
394 344 472 379 patet
489 341 518 370 iu
538 340 658 378 speculis
678 341 756 370 vario
776 341 858 370 modo
878 341 1027 376 ordinatis;
1049 345 1076 371 et
1100 342 1191 370 diver-

343 388 445 417 simode
467 388 550 417 babet
570 390 806 424 repraesentare,
828 396 930 425 prope,
953 388 995 417 vel
1017 389 1104 425 longe.

422 436 468 464 24.
491 435 573 469 ltem;
588 438 630 463 est
645 435 787 472 generatio
807 443 856 472 per
876 435 1085 472 expressionem
1106 438 1138 463 ut
1157 434 1191 469 fi*-

201 490 331 537 memma}
341 491 437 521 purae
456 491 473 511 a
493 482 599 519 sigillo,
612 484 640 511 et
660 482 705 511 hic
725 485 767 511 est
780 480 896 519 formae
908 482 993 519 siwia,
1005 482 1080 519 quod
1100 481 1192 510 deficit

201 542 235 561 ner
255 542 332 561 expres·
343 539 370 559 m
392 529 578 567 praecedenti,
593 529 686 558 deficit
701 532 791 558 tamen
805 529 881 558 vitae
894 529 986 567 viyor.
1003 545 1039 550 -
1055 529 1136 562 ltem,
1151 531 1192 556 est

201 561 279 580 sionem.

212 2623 335 2642 Introductio·
350 2616 424 2645 mini
435 2616 614 2654 speculantes
629 2616 639 2632 ³
654 2619 703 2644 etc.
716 2616 824 2645 Dictum
841 2621 882 2646 est
895 2618 928 2646 de
943 2617 1095 2646 altitudine
1108 2616 1191 2653 fidei,

342 576 490 614 yeneratio
517 576 697 610 sermonisa
717 576 841 611 dicente,
862 576 910 605 ubi
931 579 973 605 est
993 576 1070 604 vitae
1097 576 1191 613 viyor,

342 624 407 661 quia
428 631 519 652 sermo
540 623 679 661 quandam
700 623 757 652 vim
773 623 843 652 vitae
865 631 959 652 secum
976 622 1070 656 habet;
1092 625 1124 650 ut
1145 630 1192 658 pa-

343 674 395 704 tet,
418 670 492 707 quod
506 670 616 699 duobus
636 670 792 699 dicentibus
806 670 920 699 eandem
940 669 1098 702 veritatem,
1119 677 1192 697 unus

342 717 441 747 melius
462 717 515 746 alio
545 717 684 755 exprimit
713 720 741 746 et
772 717 925 754 imprimit.
954 716 1030 745 Unde
1061 716 1191 752 Hierony—

341 766 442 794 musl:
469 776 482 790 «
497 764 582 793 Habet
613 764 705 794 nescio
726 764 793 802 quid
825 763 934 792 latentis
961 763 1089 800 energiae
1114 763 1192 792 vivae

342 812 416 841 vocis
437 815 544 841 actus»
569 815 620 841 etc.
646 812 722 841 Unde
744 811 829 840 verba
849 810 968 845 Christi,
996 818 1051 839 non
1072 813 1114 839 est
1141 810 1192 839 du-

341 859 435 893 bium,
457 859 541 897 quin,
562 859 670 896 prolata
690 861 718 887 et
738 858 832 887 audita
851 858 885 887 de
906 866 955 887 ore
975 858 1051 892 eius,
1079 857 1193 886 maioris

342 906 453 935 virtutis
473 908 501 935 et
521 905 664 943 potestatis
685 908 764 934 erant
792 913 876 943 quam
897 905 1008 942 scripta.
1034 905 1080 933 llic
1101 908 1192 933 tamen

341 953 433 982 deficit
455 953 529 982 m'tae
553 953 685 986 mansio,
713 952 780 990 quia
799 960 892 982 sermo
913 952 1020 981 transit.
1047 968 1084 972 —
1110 952 1192 986 ltem,

342 1003 384 1029 est
402 1000 551 1038 qeneratio
578 1003 730 1037 conceptus
757 1008 777 1029 a
797 1003 905 1033 mente;
926 1002 954 1028 et
981 999 1017 1028 ibi
1046 1002 1087 1028 est
1117 999 1193 1028 vitae

341 1048 473 1082 mansio,
494 1046 560 1085 quia
573 1047 664 1076 omnis
684 1046 819 1084 cogitatus
828 1042 861 1075 vin
875 1046 1009 1076 memoria
1023 1049 1131 1081 manet;
1145 1046 1193 1076 sed

343 1095 387 1124 hic
418 1094 510 1124 deficit
538 1093 728 1132 fecunditatis
748 1086 952 1123 substantialis
982 1094 1096 1128 virtus,
1127 1093 1193 1131 quia

343 1142 388 1171 ille
409 1142 544 1179 cogitatus
574 1149 629 1170 non
660 1143 702 1170 est
722 1140 911 1170 substantialis
936 1141 1033 1170 virtus.
1061 1157 1097 1162 -—
1124 1141 1192 1170 Haec

343 1192 464 1226 quatuor
492 1188 652 1225 iungantur,
674 1188 778 1217 scilicet
804 1187 919 1225 formae
946 1187 1049 1222 decor,
1076 1186 1192 1225 formae

342 1235 431 1272 fixio,
452 1235 528 1264 vitae
554 1235 651 1273 νέμον,
672 1234 747 1263 vitae
766 1235 902 1269 mansio,
930 1237 957 1263 et
978 1234 1064 1264 habes
1090 1243 1192 1263 secun-

343 1282 414 1311 dam
434 1284 541 1319 partem
562 1281 674 1318 speculi.

956 216 988 245 lN
1012 209 1231 245 HEXAEMERON
1252 214 1415 244 commo
1437 216 1489 244 xu.

1327 295 1373 322 ⁹25.
1397 293 1480 327 ltem,
1500 295 1542 321 est
1567 293 1708 330 generatio
1735 301 1785 330 per
1803 295 2046 332 propayationem
2067 300 2099 326 ut
2111 303 2181 325 Tertio,
2196 308 2229 330 per

1246 339 1389 378 yermizzis
1410 348 1429 367 a
1450 339 1574 373 semine,-
1595 342 1623 368 et
1644 339 1689 368 hic
1710 343 1751 368 est
1770 340 1861 369 virtus
1880 329 2229 377 subscaoztiatie,3{?1'1’f⁸⁸²‘¹⁰'

1248 387 1275 415 in
1297 394 1353 423 qua
1366 385 1505 414 ,ultimum
1525 385 1634 421 deficit,
1655 386 1760 415 scilicet
1783 386 1875 415 deficit
1896 388 1971 416 vitae
1999 388 2098 417 robur.

1249 450 1285 455 —
1301 434 1381 467 Item,
1403 436 1444 462 est
1472 433 1612 470 generatio
1636 437 1666 462 ut
1685 434 1802 462 surculi
1822 442 1842 462 a
1862 435 1981 468 radice,·
2001 438 2029 464 et
2057 436 2101 465 liic

1248 482 1290 509 est
1310 480 1387 508 vitae
1409 478 1510 514 robur,
1533 479 1579 509 sed
1594 480 1686 509 deficit
1707 480 1797 508 vium:
1811 489 1930 514 sensus;
1952 490 2006 511 non
2027 481 2101 511 euim

1249 526 1332 555 sentit
1346 526 1389 555 vel
1404 526 1560 563 producens
1580 527 1766 564 productum,
1782 528 1825 556 vel
1840 528 2007 564 productum
2022 536 2101 557 suam

1249 573 1392 610 originem.
1408 589 1447 594 —
1461 573 1542 608 Item,
1564 577 1606 603 est
1626 575 1768 612 generatio
1794 577 1825 603 ut
1852 574 1930 612 fetus
1958 584 1978 604 a
2005 579 2101 604 ventre

1250 620 1294 649 vel
1314 623 1409 654 utero;
1430 623 1457 649 et
1479 620 1524 649 hic
1544 624 1585 649 est
1606 621 1695 650 vivax
1716 630 1834 656 sensus,
1856 621 1904 650 sed
1928 622 2020 651 deficit
2039 623 2100 651 vir—

1250 671 1297 696 tus
1318 667 1433 701 activa,
1455 668 1521 705 quia
1542 671 1638 698 venter
1659 672 1701 698 est
1721 669 1801 706 quasi
1824 669 2030 706 receptaculum
2052 678 2101 707 po-

1250 715 1305 744 tius
1326 723 1409 752 quam
1431 715 1561 744 activum.
1577 733 1614 737 —
1630 716 1709 750 Item,
1731 719 1773 745 est
1793 716 1935 753 generatio
1956 719 1988 745 ut
2007 716 2063 754 filii
2081 725 2101 745 α

1246 766 1350 801 patre,·
1371 766 1399 791 et
1419 762 1457 791 ibi
1478 766 1544 791 sunt
1569 771 1663 792 omnes
1684 763 1772 793 dictae
1798 763 1968 793 conditiones
1989 767 2099 801 praeter

1250 819 1360 844 unam,
1382 809 1485 839 scilicet
1506 809 1590 844 lucis,
1615 818 1686 848 quae
1708 814 1749 840 est
1770 810 1932 845 coaevitas,
1961 819 2032 848 quae
2053 819 2101 848 po-

1250 857 1340 886 nenda
1360 860 1402 886 est
1423 857 1450 886 in
1471 857 1647 894 generatione
1668 858 1725 887 Filii
1748 858 1811 892 Dei;
1834 861 1861 887 et
1875 858 1910 887 ab
1931 858 1983 887 ista
2003 859 2101 887 ultima

1250 904 1442 942 generatione,
1464 904 1568 933 scilicet
1588 904 1636 933 filii
1658 913 1673 934 a
1694 908 1788 943 patre,
1810 905 2005 934 denominatur
2018 914 2101 943 yene-

1251 951 1328 980 ratio
1349 954 1476 980 aeterna.
1500 951 1531 980 Et
1559 951 1611 980 hoc
1632 952 1778 981 ratificavit
1803 952 1946 986 Christus,
1968 960 2032 981 cum
2059 953 2101 981 di-

1250 998 1331 1027 xit2:
1352 998 1408 1032 Ite,
1430 998 1522 1027 docete
1543 1007 1640 1027 omnes
1659 1003 1773 1036 pentes,
1795 998 1980 1036 baptizantes
2000 1008 2047 1028 eos
2069 1000 2100 1029 in

1250 1045 1364 1074 nomine
1378 1045 1481 1074 Patris
1502 1049 1528 1075 et
1549 1046 1619 1075 Filii
1632 1050 1657 1075 et
1678 1046 1808 1084 Spiritus
1821 1046 1932 1080 sancti;
1947 1055 2005 1086 non*
2015 1046 2099 1076 dixit:

1249 1093 1277 1122 in
1299 1093 1409 1122 nomine
1430 1093 1505 1122 lucis
1525 1097 1552 1123 et
1573 1094 1742 1131 spteruloris.

1328 1141 1382 1170 Hae
1402 1144 1468 1170 sunt
1488 1141 1622 1170 undecim
1643 1141 1740 1170 stellae
1759 1141 1906 1170 adorantes
1928 1141 2037 1178 loseph,
2059 1141 2100 1170 Fi-
2112 1147 2206 1172 Epilogus-

1249 1187 1317 1216 lium
1338 1188 1577 1225 pulcherrimum,
1599 1188 1703 1218 scilicet
1718 1188 1845 1217 undecim
1867 1188 2038 1218 conditiones
2051 1197 2100 1217 no-

1248 1234 1317 1264 biles
1338 1235 1392 1263 iam
1413 1235 1517 1269 dictae,
1540 1235 1587 1264 sed
1608 1235 1787 1270 duodecima,
1815 1235 1919 1264 scilicet
1938 1236 2099 1271 coaevitas,

1247 1285 1290 1311 est
1310 1282 1337 1311 in
1359 1282 1425 1310 Filio
1445 1282 1502 1311 Dei.

1018 1446 1284 1495 COLLATIO
1318 1447 1419 1495 XII.

404 1575 448 1609 De
474 1575 589 1609 visione
616 1574 751 1608 secunda
776 1574 914 1608 tractatio
939 1574 1061 1620 quinta,
1089 1586 1168 1620 quae
1194 1581 1239 1608 est
1264 1575 1351 1609 tertia
1376 1576 1414 1609 de
1441 1576 1630 1621 speciositate
1657 1576 1724 1610 fidei
1752 1583 1781 1610 et
1805 1577 1865 1622 agit
1891 1577 1929 1611 de
1955 1578 2038 1620 Deo⁷

927 1639 959 1667 ut
985 1639 1029 1667 est
1055 1634 1211 1679 exemplar
1237 1634 1373 1668 omnium
1400 1646 1513 1668 rerum.

347 1770 522 1799 Summamuii.
544 1787 583 1791 —
604 1770 806 1803 Introductio,·
827 1769 971 1807 repetitio,
998 1771 1020 1798 l.
1043 1785 1080 1790 —
1109 1770 1175 1798 Pars
1197 1770 1213 1798 l.
1236 1770 1323 1798 Deum
1350 1777 1409 1799 esse
1431 1770 1575 1807 exemplar
1596 1771 1720 1801 omnium
1743 1779 1855 1806 rerum,
1877 1772 2040 1810 intelligitur
2061 1780 2097 1801 ex

424 1824 545 1859 quatuor
566 1821 629 1850 fidei
651 1821 895 1859 suppositionibus.
920 1822 970 1850 Est
991 1824 1106 1850 creator
1127 1829 1245 1855 rerum,
1265 1820 1446 1858 quem-nator
1474 1825 1613 1856 actuum,
1639 1822 1739 1851 doctor
1767 1822 1977 1857 intellectuum,
2007 1823 2095 1852 mdest-

423 1871 613 1907 meritoru'm,
636 1874 662 1901 Ξ).
682 1884 723 1893 ·-
745 1872 865 1906 Primo,
887 1872 921 1901 cle
942 1872 999 1901 Deo
1020 1876 1166 1906 creatore,
1189 1872 1215 1901 3.
1237 1888 1276 1893 --
1298 1872 1446 1907 Secumlo,
1475 1872 1509 1901 de
1537 1873 1594 1902 Deo
1622 1877 1824 1902 conservatore
1851 1878 1877 1903 et
1902 1874 2096 1912 yubernatore

425 1928 564 1959 actuum,
585 1924 611 1953 lt.
635 1940 672 1945 —
701 1924 812 1958 Tertio,
834 1923 868 1952 (Ie
891 1923 946 1952 Deo
967 1924 1081 1952 doctore
1102 1923 1312 1958 intellectuum,
1335 1925 1360 1952 5
1383 1941 1422 1944 ——
1444 1925 1574 1960 Quarto,
1596 1925 1630 1953 cle
1654 1925 1709 1953 Deo
1730 1925 1890 1954 secumlum
1910 1925 1982 1963 leqes
1997 1925 2095 1954 iustis-

424 1975 517 2004 sima-5
538 1975 687 2004 iudicante
707 1978 733 2003 ct
749 1974 951 2012 praemiante,
974 1975 999 2002 6.
1016 1991 1054 1996 —-
1069 1974 1147 2003 Haec
1165 1974 1333 2012 probantur
1351 1983 1405 2012 per
1426 1974 1632 2013 Scripturam,
1655 1977 1681 2004 7.
1697 1977 1723 2004 8.
1741 1992 1778 1996 -
1794 1976 1859 2005 Pars
1873 1976 1901 2004 ll.
1917 1976 1956 2005 De
1970 1976 2095 2013 specula-

426 2026 499 2055 tione
519 2026 722 2063 contemplante
743 2026 887 2062 exemplar
907 2025 1040 2054 divinum.
1064 2026 1115 2054 Est
1135 2034 1188 2054 ars
1209 2034 1272 2054 una
1292 2029 1316 2054 et
1341 2025 1513 2063 multipleac,·
1540 2034 1634 2055 causa
1663 2026 1850 2061 immediata,
1876 2027 2093 2064 potentissima,

426 2076 651 2109 actualissima,·
672 2077 724 2106 lux
745 2076 953 2106 inaccessibilis
974 2080 999 2105 et
1017 2076 1175 2114 proxima,
1198 2076 1388 2114 inalliyabilis
1402 2080 1434 2116 vet
1455 2077 1577 2111 intima,
1601 2078 1678 2106 9-111.
1701 2093 1739 2097 —
1761 2078 1966 2115 Repraesentat
1986 2078 2095 2107 eontin-

424 2128 522 2165 9entia
556 2127 764 2166 infallibiliter,
800 2128 956 2157 mutabilia
990 2127 1227 2162 immutabiliter,
1263 2127 1433 2157 materialia
1461 2128 1712 2163 immaterialiter,
1737 2128 1891 2166 possibilia
1923 2128 2095 2164 actualiter,

422 2179 576 2216 partibilia
598 2180 764 2217 impartite,
784 2179 947 2209 accidentia
967 2179 1215 2213 substantialiter,
1238 2179 1407 2217 corporalia
1428 2179 1641 2216 spiritualiter,
1657 2180 1831 2217 temporalia
1849 2180 2035 2217 sempiterne,
2050 2181 2094 2209 ‹li-

425 2230 536 2259 stantia
557 2231 746 2266 indistanter,
768 2231 953 2261 dissonantia
974 2231 1208 2265 indissonanter,
1239 2230 1402 2268 deficientia
1430 2230 1641 2268 imleficienter,
1667 2232 1710 2260 12.
1735 2231 1778 2260 13.
1801 2248 1840 2252 —
1868 2231 1985 2269 Triplex
2007 2232 2095 2260 adiu-

427 2281 536 2310 torium
556 2282 596 2310 acl
616 2282 869 2320 contemplandum
889 2282 1023 2311 divinum
1055 2282 1224 2319 exemplar,¹
1249 2283 1383 2319 primum
1409 2286 1450 2310 est
1476 2282 1607 2311 mundus
1634 2282 1794 2317 sensibilis,
1823 2282 1875 2320 qui
1901 2286 1941 2311 est
1968 2283 2091 2317 umbra,

429 2333 494 2367 uia,
515 2333 684 2370 vestigium,
707 2334 777 2362 liber
797 2334 926 2371 scriptus
947 2333 1038 2371 foris,
1064 2334 1106 2362 14.
1133 2335 1176 2362 15.
1200 2350 1236 2354 -
1259 2333 1441 2368 Secundum,
1463 2334 1631 2371 spiritualis
1652 2337 1810 2368 creatura,
1832 2342 1906 2372 quae
1926 2337 1966 2361 est
1980 2333 2093 2368 litinen,

428 2383 594 2420 speculum,
617 2384 730 2421 imayo,
752 2384 822 2413 liber
842 2382 971 2422 scriptus
992 2385 1088 2419 intus,
1114 2386 1156 2413 16.
1181 2401 1216 2404 —
1245 2385 1390 2418 Tertium,
1419 2384 1577 2422 Scriptura
1604 2384 1846 2418 sacramentalis,
1875 2393 1950 2422 quae
1977 2389 2017 2412 est
2044 2385 2096 2413 Dei

428 2443 495 2468 eor,
517 2443 564 2468 0-5,
587 2434 705 2472 linqua,
728 2435 861 2464 calamus
882 2440 907 2464 et
928 2435 998 2464 liber
1019 2436 1147 2473 scriptus
1167 2435 1243 2473 foris
1264 2439 1290 2463 et
1310 2436 1406 2469 intus,
1432 2437 1474 2464 17.

430 2572 452 2598 l.
478 2569 534 2598 Nos
551 2578 615 2597 vero
629 2578 734 2603 omnes,
751 2571 876 2599 revelata
889 2570 966 2608 facie
985 2571 1114 2609 yloriam
1137 2571 1190 2599 Do—

1246 2618 1345 2646 mitale
1366 2617 1425 2646 eius
1445 2617 1586 2654 designata
1606 2625 1655 2653 per
1676 2616 1821 2645 duodecim
1841 2615 2036 2653 fundamenta
2054 2617 2093 2646 ci—

348 2664 413 2702 quia
443 2663 552 2693 excedit
581 2662 815 2699 investigationem
846 2664 975 2697 rationis,
1006 2667 1038 2692 ut
1061 2667 1136 2700 patet
1163 2664 1190 2692 in

348 2711 493 2740 duodecim
512 2710 636 2738 articulis
656 2710 803 2746 designatis
820 2718 869 2746 per
890 2710 1033 2739 duodecim
1054 2710 1150 2739 stellas
1164 2714 1191 2739 et

1247 2664 1354 2693 vitatis.
1371 2681 1407 2685 —
1423 2665 1502 2698 Item,
1517 2664 1551 2693 de
1564 2664 1744 2701 speciositate
1763 2664 1904 2700 designata
1922 2672 1971 2701 per
1991 2664 2093 2693 duode-

1247 2711 1299 2739 cim
1319 2716 1422 2748 portas
1443 2711 1569 2739 civitatis
1596 2714 1623 2739 et
1652 2719 1701 2747 per
1725 2710 1868 2739 duodecim
1897 2711 2091 2748 mar-paruae,

413 2899 420 2912 ¹
438 2900 508 2928 Epist.
526 2899 563 2922 53.
581 2899 647 2927 (alias
665 2898 724 2927 1-03.)
742 2898 771 2920 ad
789 2897 920 2924 Paulinum,
937 2904 959 2920 n.
977 2900 1002 2920 2:
1021 2899 1093 2922 llabet
1113 2901 1190 2923 nescio

350 2939 406 2967 quid
424 2939 513 2961 latentis
528 2938 635 2966 energiae
652 2938 706 2959 wiva
723 2942 780 2963 vox,
798 2939 820 2958 et
836 2936 857 2958 in
875 2942 942 2958 aures
957 2937 1061 2965 discipuli
1075 2939 1104 2961 de
1115 2943 1190 2961 auctor

350 2978 381 2999 ris
397 2983 436 2999 ore
454 2978 567 2999 wanssusa
584 2976 665 2999 lortius
680 2978 754 2998 sonat.
771 2975 840 3003 (Haec
857 2975 922 3002 epist.
945 2978 969 3008 ut,
990 2977 1100 3005 prologus
1118 2978 1139 2999 in
1158 2978 1190 2999 Bi-

352 3016 394 3037 blia
419 3015 549 3042 rxtdbetum
570 3015 669 3043 ideoque
691 3015 708 3036 G
731 3014 807 3042 ponit:
825 3013 983 3044 Hieronmnus
1000 3015 1023 3037 in
1039 3016 1139 3044 proto-qo
1156 3016 1190 3039 Bi-

1248 2900 1324 2929 bliae).
1342 2900 1386 2923 Cl'r.
1404 2901 1454 2922 eins
1470 2900 1600 2922 Comment.
1613 2900 1634 2921 in
1647 2900 1695 2921 Gal.
1709 2899 1732 2926 l,
1745 2900 1783 2922 20.
1795 2900 1854 2922 Vide
1866 2904 1920 2922 mm.
1934 2900 1956 2921 ll.
1969 2904 2022 2926 pag.
2034 2899 2090 2925 266,

1249 2943 1300 2962 ncta
1319 2940 1339 2962 5.

1311 2977 1319 2990 ²
1337 2980 1412 3001 Mattli.
1431 2979 1473 3005 28,
1492 2979 1532 3000 ⁴9:
1550 2979 1634 3000 Enntes
1650 2983 1707 3005 ergo
1723 2978 1805 3000 docete
1822 2980 1864 3000 etc.

1309 3016 1318 3029 ⁸
1337 3018 1405 3045 Epist..
1418 3018 1443 3040 ll.
1453 3017 1506 3039 Cor.
1518 3017 1543 3044 3,
1556 3017 1593 3039 18.
1604 3029 1635 3034 -
1647 3017 1669 3039 ln
1681 3022 1747 3045 seqq.
1758 3016 1826 3039 datur
1838 3021 1929 3039 summa
1941 3016 2014 3045 colla-t.
2027 3015 2062 3036 8-1
2071 3015 2077 3036 1
2085 3032 2090 3037 .

1247 2579 1297 2608 per
1318 2570 1461 2600 duodecim
1483 2571 1549 2599 alas
1570 2569 1733 2607 Seraphim.
1750 2586 1786 2590 —
1802 2569 1910 2598 Dictum
1932 2574 1973 2599 est
1987 2570 2020 2599 de
2040 2570 2093 2608 (ir-
2105 2574 2207 2598 Repetitio-
