2285 3398
261 296 330 315 Tertia..

348 194 406 239 ’5511

348 288 516 318 sufficienter
537 287 638 325 poterit
652 287 842 324 respondere?
856 303 893 308 —
908 287 1020 316 Ratione
1040 287 1121 315 etiam
1140 288 1189 316 Re-

346 334 497 372 demptoris
516 334 682 363 revertentis
705 334 740 363 ad
767 333 901 363 iudicium
927 333 1063 370 accipitur
1084 333 1130 362 illa
1156 334 1189 363 de

346 382 441 411 decem
461 381 629 418 virginibus,
643 373 778 409 ¹Matthaei
797 380 930 418 vigesimo
944 380 1041 418 quinto
1053 380 1072 414 ¹,
1087 380 1135 409 ubi
1149 380 1189 409 di-

346 428 436 457 citur:
472 428 552 456 Tunc
571 427 664 456 simite
694 427 750 456 erit
776 435 899 465 reqnum
920 426 1069 455 caetorum
1096 427 1190 455 decem

346 474 526 512 virqinibus;
547 477 574 503 et
588 474 728 511 sequitur:
749 474 845 503 Media
865 477 944 503 nocte
958 473 1070 502 clamor
1090 472 1190 510 faetus

346 525 402 550 est:
417 529 491 555 ecce,
505 529 630 558 sponsus
652 521 742 555 uenit,
764 520 791 549 id
811 524 854 550 est
873 520 1015 554 Christus,
1037 522 1064 549 et
1087 520 1189 548 dicitur

345 568 398 597 ibi:
425 568 540 597 Moram
567 571 664 597 autem
691 566 814 605 faciente
837 576 959 605 sponso,
988 567 1188 596 interlinearis:

350 615 509 644 «iudicium
540 615 692 644 differente
714 618 872 644 extremum
887 626 914 649 »3
946 614 989 643 vel
1016 622 1122 643 moram
1150 614 1188 642 fa-

345 663 445 697 ciente,
467 663 544 700 quia,
560 663 631 691 sicut
651 662 716 691 dicit
738 662 936 695 interlinearis,
958 669 1012 690 non
1033 664 1074 690 est
1090 668 1188 697 parum

345 709 476 746 temporis
489 710 561 738 inter
576 709 698 746 primum
710 711 737 738 et
751 708 903 738 secundum
916 708 1065 737 adventum
1077 707 1187 736 Christi.

345 756 470 793 Virgines
490 759 583 784 autem
602 756 655 784 sub
675 763 793 784 numero
814 755 937 784 denario
958 754 1112 792 significant
1126 754 1188 783 uni-

344 802 502 831 versitatem
522 802 646 830 omnium
667 802 819 830 hominum.
841 801 977 830 Denarius
997 801 1069 830 enim
1092 809 1188 829 nume-

344 857 393 878 rus
413 848 552 886 perfectus
572 852 628 883 est,
650 849 716 885 quia
736 856 831 878 omnes
852 856 982 877 numeros
1007 848 1188 885 comprehen-

342 897 396 931 dit,
418 900 445 925 et
465 896 540 924 ultra
569 896 660 933 ipsum
682 904 737 924 non
764 898 806 924 est
826 903 976 929 1111010105,
1005 895 1052 924 sed
1081 898 1188 924 tantum

342 943 450 972 numeri
473 943 663 980 recapitulatio
674 943 693 971 2.
719 943 822 971 Omnes
842 943 932 976 enim,
947 943 1019 971 sicut
1040 942 1187 979 (1101111110-

343 989 445 1024 stolus,
465 989 609 1018 stabimus
629 994 696 1018 unte
716 989 848 1018 tribunal
870 988 980 1018 Christi
999 993 1050 1018 etc.
1151 989 1152 992 ’

421 1036 467 1065 39.
489 1037 557 1065 Tres
586 1037 766 1065 nihilominus
796 1037 942 1074 parabolae
972 1040 1123 1065 sumuntur
1150 1044 1186 1065 ex

197 1092 243 1112 Tres
259 1093 332 1120 ration-0
342 1087 420 1120 parte
451 1084 521 1112 doni
549 1083 695 1122 gratuiti,
717 1087 744 1112 et
765 1084 817 1112 hoc
838 1086 975 1121 quantum
1006 1083 1040 1112 ad
1070 1083 1186 1121 gratiam

197 1116 242 1136 doni
248 1117 331 1140 gratuiti.

254 1187 324 1205 Prima.

230 1889 322 1908 Secunda.

338 1130 569 1167 praevenientem
583 1130 610 1159 in
625 1131 778 1164 voluntate,
794 1131 1031 1159 concomitantem
1046 1131 1073 1159 111
1088 1130 1186 1159 iustifi-

342 1178 447 1206 catione
460 1181 487 1206 et
501 1177 715 1216 subsequentem
730 1178 757 1206 in
773 1178 1017 1207 consummatione.
1028 1178 1185 1206 ——Ratione

341 1224 425 1262 igitur
446 1225 508 1253 doni
530 1225 642 1261 gratuiti
657 1228 793 1262 quantum
815 1224 848 1253 ad
862 1225 978 1261 gratiam
998 1225 1185 1262 praevenien—

342 1276 396 1300 tem
416 1272 444 1300 in
465 1272 606 1300 voluntate
636 1272 757 1300 sumitur
789 1272 834 1300 illa
864 1271 898 1300 de
919 1279 1019 1308 sagena
1046 1272 1129 1300 missa
1157 1271 1185 1299 in

342 1326 433 1352 mare,
454 1318 580 1347 Matthaei
608 1318 713 1347 decimo
740 1318 821 1347 tertio
832 1318 853 1352 ⁸,
874 1318 921 1347 ubi
947 1318 1064 1346 dicitur:
1087 1317 1185 1346 Simile

342 1369 382 1393 est
402 1374 524 1403 regnum
544 1365 692 1394 caetorum
712 1365 839 1402 saqenae‘
869 1366 976 1394 missae
997 1365 1029 1393 in
1050 1373 1133 1393 mure
1160 1369 1186 1393 et

341 1421 375 1441 er
396 1412 475 1441 omni
493 1421 595 1449 yenere
621 1412 749 1449 piscium
778 1413 974 1449 congreganti.
1008 1413 1087 1441 Sicut
1111 1413 1183 1441 enim

340 1462 484 1496 exponunt
505 1459 611 1493 Sancti,
632 1468 715 1487 mare
735 1461 777 1487 est
790 1459 924 1492 mundus,
946 1467 1056 1495 sayenu
1077 1459 1184 1495 praedi-

340 1506 410 1534 catio
424 1505 580 1542 evangelica
601 1506 643 1534 vel
658 1505 838 1542 praeveniens
858 1505 959 1542 gratia,
981 1514 1052 1542 quae
1070 1514 1184 1543 congre-

339 1555 385 1590 gat
405 1560 441 1581 ex
462 1553 535 1581 omni
557 1560 657 1589 genere
678 1552 809 1589 piscium:
832 1552 897 1589 quia
923 1563 936 1577 «
951 1552 984 1580 ad
1010 1552 1116 1580 veniam
1137 1561 1184 1581 vo-

339 1603 382 1629 cat
402 1600 491 1629 omnis
511 1599 619 1637 generis
635 1599 759 1628 homines
773 1611 800 1633 ι»,
822 1599 872 1628 etsi
894 1607 948 1627 non
962 1606 1057 1627 omues
1079 1599 1184 1636 eligun-

340 1651 402 1681 tur3
424 1647 513 1676 unde:
542 1646 627 1675 Multi
645 1650 714 1675 sunt
744 1646 852 1680 vocati,
876 1646 969 1683 pauci
987 1654 1055 1674 vero
1076 1646 1154 1674 electi
1163 1648 1182 1674 4.

339 1694 445 1727 LittuS,
461 1693 524 1722 finis
538 1693 654 1726 saeculi,
676 1693 703 1721 in
719 1701 774 1730 quo
795 1692 858 1721 boni
874 1692 907 1720 ad
928 1693 1050 1725 caelum,
1072 1693 1135 1721 mali
1150 1693 1185 1721 ad

340 1741 467 1770 tenebras
482 1741 639 1769 mittuntur.
656 1740 683 1768 111
702 1740 839 1778 praesenti
854 1739 927 1768 enim
946 1743 1024 1768 eraut
1037 1740 1183 1776 permixti:

340 1787 413 1816 unde
440 1787 586 1824 sequitur:
615 1786 759 1824 elegerunt
785 1786 871 1815 bonos
897 1786 929 1814 in
956 1794 1030 1814 vasa
1054 1794 1128 1819 suu,
1158 1786 1184 1814 id

340 1838 381 1863 est
406 1846 419 1859 <1
430 1834 457 1862 in
479 1837 591 1862 aeterna
605 1833 782 1862 tabernacula
793 1844 824 1867 »3
847 1833 883 1861 ita
897 1833 1011 1869 exponit
1032 1833 1133 1861 Glossa.
1148 1849 1183 1853 —

340 1881 452 1910 Ratione
472 1888 538 1909 vero
559 1880 621 1908 doni
636 1880 749 1916 gratuiti
771 1882 905 1916 quantum
924 1879 957 1907 ad
978 1879 1093 1916 gratiam
1119 1888 1184 1908 eon-

341 1927 522 1955 comitantem
543 1926 571 1954 in
592 1926 784 1954 iustificatione
804 1925 938 1962 accipitur
959 1926 1005 1954 illa
1025 1926 1059 1954 de
1074 1926 1184 1954 homine

341 1973 455 2001 iaciente
476 1980 568 2001 semen
593 1972 621 2000 in
642 1975 758 2005 terram,
784 1972 866 2000 Marci
888 1975 988 2008 quarto
999 1972 1019 2005 ⁵,
1050 1972 1097 2000 ubi
1118 1971 1184 1999 dici—

342 2023 403 2048 tur:
426 2019 474 2047 Sic
494 2022 533 2047 est
555 2027 674 2054 reginum
700 2018 762 2051 Dei,
785 2018 1028 2055 quemadmodum
1046 2017 1073 2045 si
1094 2018 1185 2046 iaciat

342 2065 424 2094 homo
439 2074 532 2093 semen
546 2065 577 2093 in
593 2068 719 2098 terrum,
731 2068 757 2092 et
770 2064 899 2092 dormiat
912 2067 936 2092 et
950 2068 1091 2101 ersuryat
1105 2068 1184 2092 nocte

343 2117 367 2141 et
388 2112 446 2146 (lie,
468 2115 493 2140 et
519 2120 612 2140 semen
631 2111 773 2149 germinet
800 2114 824 2138 et
851 2114 974 2144 creseat,
997 2110 1067 2138 dum
1094 2111 1184 2139 nescit

1141 209 1250 238 SERMO
1271 209 1299 238 11.

1245 287 1297 316 ille.
1319 287 1396 315 Ultro
1416 287 1489 315 enim
1510 291 1584 316 terra
1604 288 1740 324 germinat
1753 291 1780 316 et
1800 287 1948 316 fructificat
1963 289 2083 325 primum

1245 334 1375 368 herbam,
1400 333 1496 363 deinde
1517 334 1628 371 spicam.
1655 335 1730 363 Sicut
1749 335 1822 363 enim
1843 340 1935 364 semen
1955 335 2083 365 iactatum

1245 381 1272 410 in
1294 383 1397 409 terram
1417 372 1671 417 imperceptibiliter
1692 381 1791 410 crescit
1812 383 1866 409 tam
1888 381 1921 410 de
1941 381 1984 410 die
2002 390 2084 419 quam

1244 428 1278 456 de
1299 430 1392 461 nocte;
1414 426 1453 455 sic
1473 422 1561 463 gratia
1581 427 1683 462 infusa,
1704 428 1733 457 in
1754 428 1835 457 corde
1850 428 1969 457 hominis
1989 437 2085 465 coope-

1245 482 1310 503 rans
1330 474 1394 502 tacit
1414 481 1478 502 eum
1499 478 1639 509 crescere,
1662 475 1723 504 licet
1744 483 1798 503 non
1819 475 2052 504 animadvertatur
2064 477 2084 509 ⁶,

1245 523 1300 549 tam
1321 520 1348 549 in
1368 520 1412 549 die
1433 519 1624 557 prosperitatis
1644 529 1726 558 quam
1749 521 1776 549 in
1797 525 1877 550 nocte
1897 521 2084 555 adversitatis,

1244 567 1310 604 quia
1329 567 1423 596 electis
1444 567 1544 595 omnia
1564 571 1759 604 cooperantur
1779 569 1810 597 in
1832 568 1946 596 bonum.
1969 569 2000 597 Et
2020 569 2085 597 dicit

1244 614 1430 651 Gregorius⁷:
1456 614 1551 642 «Cum
1573 614 1706 643 desideria
1732 615 1804 644 bona
1831 615 2015 652 concipimus,
2044 624 2085 645 sc-

1244 668 1307 689 men
1328 661 1473 690 interram
1494 660 1644 695 mittimus;
1659 669 1723 690 cum
1744 670 1811 691 vero
1831 665 1907 691 recta
1921 662 2028 698 operari
2044 663 2085 691 111-

1244 708 1377 744 cipimus,
1403 708 1490 736 herba
1520 716 1633 742 sumus;
1661 716 1724 737 cum
1749 712 1841 738 autem
1868 709 1902 737 ad
1930 709 2083 745 profectum

1244 754 1307 782 boni
1327 754 1419 791 operis
1440 754 1605 788 crescimus,
1627 754 1661 783 ad
1676 755 1778 791 spicam
1793 756 1985 792 pervenimus;
2008 764 2084 785 cum-

1244 808 1298 837 que
1319 801 1345 829 in
1370 800 1492 829 eiusdem
1518 801 1685 838 perfectione
1705 802 1862 836 solidamur,
1890 802 1944 831 iam
1971 803 2082 840 plenum

1244 846 1415 876 frumentum
1436 847 1463 875 in
1485 847 1560 884 spica
1580 847 1745 884 proferimus
1759 846 1786 876 3).
1802 865 1838 870 —-
1860 849 1971 878 Ratione
1991 852 2083 878 autem

1243 893 1306 922 doni
1327 894 1439 931 gratuiti
1461 897 1597 931 quantum
1618 894 1652 923 ad
1679 895 1793 932 gratiam
1813 896 2028 934 subsequentem
2056 897 2082 925 111

1243 941 1478 970 consummatione
1504 941 1639 978 accipitur
1661 942 1706 971 illa
1725 942 1758 971 de
1778 943 1928 977 fermento,
1957 943 2082 972 Matthaei

1243 987 1348 1016 decimo
1370 988 1450 1017 tertio
1462 988 1482 1022 ³,
1504 988 1551 1016 ubi
1566 988 1683 1017 dicitur:
1706 989 1804 1018 Simile
1824 993 1865 1018 est
1878 998 2001 1027 regnum
2022 999 2084 1019 cae-

1244 1035 1338 1063 lorum
1360 1034 1516 1072 fermento,
1538 1035 1616 1073 quoti
1636 1039 1783 1073 acceptum
1809 1036 1918 1066 mulier,
1933 1036 2083 1066 abscondit

1243 1082 1300 1110 sive
1320 1082 1394 1110 misit
1415 1082 1446 1110 in
1466 1080 1587 1119 farinae
1607 1087 1678 1111 satu>
1695 1083 1767 1117 tria,
1789 1083 1876 1112 donee
1896 1082 2084 1120 fermentare—

1243 1132 1293 1157 tur
1313 1132 1403 1157 totum
1414 1139 1424 1161 ,²
1445 1128 1517 1157 idem
1546 1130 1633 1158 Lucae
1653 1129 1758 1159 (10011110
1784 1131 1871 1159 tertio.
1902 1129 2005 1159 Mulier
2032 1131 2083 1159 ista

1241 1175 1332 1204 divina
1354 1175 1486 1212 sapientia
1506 1179 1558 1209 est,
1580 1175 1753 1213 fermentum
1775 1185 1840 1206 vero
1862 1177 1960 1206 caritas
1979 1177 2083 1206 rationo

1241 1222 1347 1251 caloris.
1374 1222 1449 1251 Sicut
1476 1223 1549 1251 enim
1570 1223 1706 1252 mediante
1734 1224 1823 1253 calore
1851 1224 1978 1252 fermenti
2007 1227 2080 1261 pastu

1241 1268 1396 1305 disponitur
1411 1272 1437 1298 et
1458 1269 1489 1297 fit
1503 1270 1616 1303 esibilis,
1639 1270 1677 1299 sic
1692 1270 1827 1300 mediante
1848 1271 1961 1300 caritate
1975 1271 2083 1300 Christo

1241 1316 1452 1352 incorporamur
1473 1319 1500 1345 et
1521 1316 1548 1344 in
1569 1316 1641 1345 bono
1662 1321 1902 1351 consummamur3
1925 1318 2029 1354 primae
2050 1318 2082 1346 ad

1241 1363 1415 1392 Timotheum
1437 1363 1526 1399 primo
1539 1364 1564 1391 ⁹:
1581 1364 1664 1392 Finis
1682 1364 1831 1400 praecepti
1843 1367 1884 1392 est
1904 1364 2016 1393 caritas
2031 1367 2080 1393 etc.

1248 1410 1319 1438 Tria
1339 1413 1406 1438 satu
1435 1413 1550 1446 possunt
1576 1410 1628 1439 dici
1650 1410 1746 1443 activi,
1775 1410 1977 1447 contemplativi
1998 1414 2025 1439 et
2046 1419 2079 1439 ex

1240 1456 1367 1493 utrisque
1388 1456 1534 1493 permixti,
1556 1457 1658 1486 scilicet
1679 1457 1808 1493 111-«101οῑ1,
1830 1458 1857 1485 111
1886 1458 1988 1494 quibus
2015 1458 2080 1487 illud

1230 1503 1406 1532 *termentum
1428 1504 1612 1532 absconditur.
1637 1520 1672 1524 —-
1696 1504 1743 1532 Vel
1764 1504 1915 1533 secundum
1942 1504 2081 1539 Glossam,

1239 1548 1360 1587 farinae
1373 1551 1446 1578 satie
1461 1550 1570 1584 tribu-3,
1586 1553 1617 1579 ut
1631 1550 1759 1587 spiritus,
1775 1552 1865 1579 anima
1885 1554 1912 1580 et
1932 1559 2033 1588 corpus
2054 1553 2080 1580 111

1240 1605 1327 1625 unum
1349 1597 1473 1631 redacta,
1495 1605 1529 1626 110
1550 1597 1706 1634 discrepent
1727 1598 1798 1626 inter
1820 1605 1863 1631 se,
1885 1598 1928 1626 vel
1949 1600 2005 1626 tres
2026 1599 2081 1627 vir-

1241 1646 1313 1672 tutes
1334 1644 1440 1672 animae
1461 1644 1488 1672 in
1510 1652 1596 1673 unum
1624 1644 1794 1681 redigantur,
1816 1648 1847 1672 ut
1874 1644 1902 1672 in
1927 1645 2079 1673 rationabili

1240 1690 1428 1726 possideamus
1455 1691 1645 1727 prudentiam,
1668 1691 1695 1719 in
1722 1691 1851 1719 irascibili
1882 1691 1975 1719 odium
2003 1692 2081 1720 vitio-

1241 1745 1317 1771 rum,
1346 1737 1373 1765 in
1394 1738 1597 1774 concupiscibili
1625 1737 1791 1766 desiderium
1815 1738 1958 1766 virtutum.
1988 1739 2081 1767 Donec

1240 1782 1466 1820 fermentaretur
1487 1787 1595 1818 totum,
1618 1784 1725 1813 Glossa:
1753 1796 1766 1809 κ
1785 1785 1899 1813 Tamdiu
1927 1786 2026 1814 caritas
2053 1786 2080 1814 in

1240 1834 1333 1859 mente
1354 1838 1477 1859 crescere
1498 1831 1594 1864 debet,
1622 1831 1707 1860 donec
1728 1835 1847 1860 mentem
1877 1835 1960 1860 totam
1982 1833 2009 1860 in
2037 1833 2078 1861 sui

1240 1878 1434 1913 perfectionem
1456 1871 1620 1911 commutet,
1642 1880 1674 1905 ut
1692 1878 1760 1905 nihil
1781 1880 1890 1914 praeter
1912 1878 1999 1907 Deum
2020 1878 2081 1906 dili-

1227 1927 1285 1961 ¹gat
1299 1936 1325 1951 n.
1354 1936 1367 1949 «
1381 1924 1499 1958 Satum,
1521 1925 1592 1952 sicut
1612 1924 1677 1953 dicit
1698 1924 1803 1958 Glossa‚
1825 1928 1866 1953 est
1889 1933 2055 1953 mensura».

1319 1971 1364 1999 to.
1386 1971 1453 2000 Tres
1473 1970 1591 2007 denique
1609 1971 1753 2007 parabolae
1774 1974 1924 2009 sumuntur
1945 1979 1980 2000 ex
2002 1974 2080 2008 parte

1242 2017 1323 2045 liberi
1337 2017 1457 2045 arbitrii
1468 2017 1500 2051 ¹⁰,
1515 2017 1542 2045 in
1557 2025 1613 2054 quo
1627 2017 1708 2046 debet
1724 2025 1783 2046 esse
1797 2017 1969 2055 simplicitas
1991 2018 2080 2047 inten—

1241 2063 1339 2097 tionis,
1355 2064 1524 2092 studiositas
1538 2063 1755 2099 sollicitudinis,
1770 2065 1928 2093 strenuitas
1943 2065 2081 2102 operatio-

1239 2111 1286 2138 nis
1302 2111 1380 2139 iuxta
1395 2112 1459 2146 tria,
1474 2119 1545 2148 quae
1559 2115 1623 2140 sunt
1638 2111 1665 2140 in
1680 2112 1766 2140 libero
1786 2112 1908 2141 arbitrio.
1922 2129 1957 2132 —
1970 2113 2080 2142 Ratione

405 2292 412 2305 ²
431 2293 496 2315 Vers.
517 2293 535 2314 1.
551 2298 642 2321 seq.-—
656 2291 758 2314 Subinde
776 2291 908 2314 auctoritate
925 2290 968 2313 AC
985 2292 1145 2319 supplevimus
1163 2290 1186 2313 id

341 2334 376 2356 est
387 2326 510 2359 Clo—istusj
518 2333 550 2360 et,
562 2334 583 2354 et
595 2331 701 2360 superius
718 2331 839 2359 posuimus
852 2330 947 2353 natione
958 2329 1029 2353 etiam
1040 2336 1082 2358 pro
1094 2329 1185 2353 ratione

341 2373 432 2400 (tutem,
450 2372 544 2394 interius
560 2373 636 2393 autem
655 2371 736 2393 iterum
749 2369 908 2393 niterlz‘nearts
921 2369 993 2399 [apud
1005 2368 1129 2399 Lyranum]
1143 2376 1184 2397 pro

341 2410 455 2440 intellige,
472 2411 573 2440 denique
589 2410 644 2433 dicit
656 2409 815 2433 incer-linearis
833 2415 875 2437 pro
893 2408 988 2432 dicitur.
1000 2409 1044 2431 Sed
1062 2409 1124 2436 apud
1142 2409 1185 2436 Ly-

340 2456 422 2473 ranum
440 2452 496 2473 haec
513 2450 592 2472 ultima
608 2450 687 2472 Glossa
705 2452 739 2471 est
756 2448 889 2471 ordinaria.

402 2488 411 2501 ²
429 2491 446 2511 Α
464 2492 486 2512 et
503 2490 554 2512 cod.
571 2489 690 2513 Assisiens.
706 2487 841 2518 replicatio,
859 2487 875 2510 C
893 2490 1001 2514 corrupte
1024 2487 1129 2516 repletio.
1153 2488 1184 2510 De

342 2529 480 2556 perfectione
497 2529 588 2552 numeri
605 2528 692 2550 denarii
709 2529 751 2550 cfr.
767 2527 804 2550 IV.
822 2528 884 2549 sent.
901 2526 924 2548 d.
943 2526 963 2548 ’1.
981 2532 1003 2554 p.
1021 2527 1044 2548 ll.
1060 2533 1079 2549 a⁴
1097 2528 1115 2549 1.
1127 2533 1150 2556 q.
1162 2528 1184 2550 3.

342 2568 363 2589 in
380 2573 444 2595 corp.
461 2570 483 2589 et
499 2567 595 2595 passim.
610 2579 642 2583 —
658 2567 733 2589 Locus
749 2567 881 2594 scripturae
898 2567 932 2587 est
948 2566 1015 2587 Rom.
1033 2565 1061 2587 14
1072 2583 1077 2587 .
1095 2567 1132 2589 10.

404 2603 413 2616 ³
430 2605 496 2627 Vers.
510 2605 546 2627 47.
557 2613 588 2622 -·-
599 2605 652 2627 Post
663 2604 724 2628 sicut
740 2605 887 2627 adiunximus
904 2603 965 2626 enim
983 2605 1115 2627 auctoritate
1132 2605 1183 2628 AC.

341 2656 372 2660 —
389 2644 446 2666 Tota
464 2645 520 2665 haee
536 2646 559 2665 et
575 2649 625 2672 seq.
641 2643 751 2671 expositio
769 2636 845 2665 sumta
862 2644 896 2665 cst
912 2648 939 2664 ex
955 2642 1040 2665 Glossis
1052 2643 1183 2667 interlinea-

341 2682 419 2710 ribus,
436 2684 459 2704 et
474 2682 589 2710 quaedam
601 2687 627 2704 ex
639 2681 770 2709 ordinaria,
789 2678 852 2710 apud
863 2682 978 2709 Lyranum
994 2681 1015 2703 in
1028 2682 1088 2705 hunc
1099 2683 1183 2706 locum.

404 2720 414 2733 ⁴
431 2721 507 2743 Mattu.
525 2721 566 2746 20,
586 2720 623 2742 16.
638 2732 669 2737 --
687 2721 797 2748 Superius
808 2720 854 2743 111-10
870 2721 888 2742 Α
898 2719 940 2743 BC
957 2720 1118 2744 substituimus
1129 2716 1183 2750 qra-

342 2761 382 2789 tia,
397 2766 457 2790 quae
468 2760 598 2789 conyreqat
608 2765 650 2787 pro
662 2758 750 2788 qratia.
762 2758 926 2788 congregavit.
944 2771 974 2776 —
991 2760 1085 2783 interius
1102 2761 1183 2789 allega-

335 2804 378 2822 .tur
390 2800 465 2822 Matth.
478 2799 519 2826 13,
533 2798 570 2820 48.

402 2837 413 2858 .⁵
430 2839 496 2861 Vei-s.
513 2837 551 2860 26.
567 2837 681 2865 Vulgata:
698 2835 768 2859 homo
782 2837 907 2860 sementem
920 2843 961 2865 pro
978 2836 1047 2861 homo
1058 2844 1149 2867 semen,
1161 2842 1183 2862 et

342 2877 459 2901 increscat
470 2883 513 2905 pro
524 2877 622 2899 crescat.

403 2914 414 2927 ⁶
430 2916 460 2937 lta
478 2914 533 2942 AC,
550 2914 635 2936 Bonelli
652 2912 772 2944 advertat,
790 2913 830 2942 qui
841 2913 925 2936 deinde
937 2917 1013 2937 contra
1031 2915 1101 2938 ΑΒΕ
1118 2916 1184 2943 ponit.

342 2953 378 2977 die
390 2952 539 2977 adversitatis
552 2958 593 2981 pro
610 2953 676 2975 nocte
691 2951 848 2975 adversitate.
865 2964 896 2969 -
912 2953 985 2975 Locus
1002 2954 1133 2981 scripturae
1149 2957 1183 2976 est

342 2993 408 3015 Rom.
420 2993 432 3015 8
441 3011 446 3020 ‚
459 2993 500 3015 28:
512 2992 565 3021 quia
577 2991 725 3020 diligentibus
736 2991 812 3013 omnia
824 2993 867 3013 etc.

1304 2288 1312 2301 ⁷
1331 2291 1352 2312 111
1370 2291 1479 2313 Ezechiel.
1496 2291 1520 2313 ll.
1538 2291 1614 2313 homil.
1632 2292 1652 2313 3.
1671 2298 1691 2313 11.
1710 2292 1739 2318 5,
1765 2291 1803 2314 ubi
1829 2292 1896 2314 etiam
1922 2292 2079 2320 praecedentia

1242 2329 1314 2351 fusius
1331 2329 1450 2352 habentur.
1468 2329 1540 2352 Codd.
1557 2331 1612 2352 falso
1629 2330 1698 2353 citant
1710 2330 1883 2360 Auyustinum,
1898 2331 1978 2353 utiam
1991 2331 2080 2353 monuit

1241 2368 1333 2390 Bonelli.

1303 2406 1313 2419 Β
1330 2408 1395 2430 Vers.
1413 2408 1449 2430 33.
1467 2408 1564 2436 Vulgata
1582 2409 1626 2430 hoc
1642 2409 1692 2430 loco
1708 2408 1766 2431 satis
1789 2408 1876 2436 tribus,
1894 2409 1935 2431 sed
1952 2409 2033 2431 eadem
2057 2409 2079 2431 in

1201 2447 1204 2451 ⁴
1241 2454 1290 2476 seq.
1306 2448 1368 2474 loco,
1386 2447 1440 2469 Luc.
1458 2447 1497 2474 Ἰ13,
1514 2448 1550 2475 21,
1562 2448 1613 2470 satu
1626 2447 1685 2474 tria,
1700 2450 1722 2470 et
1733 2448 1800 2470 etiam
1812 2447 2003 2477 fermentaretur,
2022 2448 2078 2470 dum

1241 2487 1262 2509 in
1281 2487 1391 2509 Matthaeo
1408 2486 1463 2514 legit
1478 2485 1645 2515 femnentatum
1657 2488 1698 2509 est.

1303 2524 1313 2538 ⁹
1330 2527 1395 2549 Vcrs.
1407 2525 1429 2548 5.
1438 2538 1468 2542 —
1477 2525 1546 2554 Seqq.
1555 2525 1647 2548 Glossae
1658 2528 1710 2548 sunt
1721 2525 1858 2549 ordinariae
1869 2526 1890 2548 in
1904 2526 1980 2548 lilattli.
1993 2527 2000 2547 l
2008 2526 2029 2553 3,
2041 2526 2078 2553 33,

1240 2565 1303 2593 apud
1312 2555 1435 2592 [γι-01111111.
1447 2564 1532 2586 Similia
1545 2563 1613 2586 habet
1624 2565 1711 2586 Bonav.
1724 2564 1745 2586 in
1757 2563 1884 2587 Commeat.
1897 2565 1919 2586 111
1931 2565 1984 2586 Luc.
1998 2565 2031 2591 13,
2041 2565 2079 2587 2l.

1240 2616 1270 2620 —
1286 2603 1341 2626 Fide
1357 2603 1400 2626 AC
1418 2603 1537 2625 omisimus
1559 2601 1613 2625 bom·
1634 2606 1685 2625 ante
1704 2602 1820 2632 praelati,
1839 2606 1861 2625 et
1877 2609 1930 2625 cum
1948 2602 1976 2630 C,
1994 2603 2078 2625 omisso

1240 2641 1314 2670 debet,
1334 2642 1454 2670 posuimus
1470 2641 1622 2664 absconditur
1634 2648 1675 2669 pro
1687 2641 1805 2664 abscondi.

1303 2680 1322 2693 ¹⁰
1339 2680 1514 2708 Retragantihus
1530 2680 1598 2702 codd.
1610 2681 1627 2702 Α
1637 2680 1653 2702 Β
1662 2680 1690 2708 C,
1708 2680 1792 2702 30110111
1809 2681 1845 2702 liic
1857 2686 1883 2702 ex
1894 2680 1946 2703 cod.
1958 2681 2078 2703 Assisiens.

1240 2720 1303 2743 addit
1319 2726 1368 2749 seq.
1385 2720 1513 2748 glossema:
1531 2718 1636 2747 (arbitrii)
1654 2719 1833 2746 cooperationis,
1845 2725 1905 2747 quac
1916 2719 1984 2740 etiam
1997 2721 2078 2742 estne-

1240 2759 1338 2781 cessaria
1354 2758 1384 2780 ad
1407 2760 1507 2780 nostram
1529 2757 1726 2785 insufflationem:
1743 2757 1810 2785 quia,
1827 2757 1886 2779 sicut
1902 2757 1957 2779 dicit
1973 2757 2077 2785 Augusti-

1239 2805 1294 2825 nus,
1311 2798 1351 2827 qui
1368 2797 1453 2820 creavit
1477 2800 1499 2818 te
1520 2796 1568 2818 sine
1585 2801 1606 2819 te
1622 2803 1667 2819 11011
1685 2796 1813 2819 iustificabit
1830 2799 1851 2818 te
1867 2796 1916 2818 sine
1933 2799 1961 2819 te.
1978 2797 2004 2819 Et
2026 2796 2077 2819 ideo

1239 2837 1294 2860 dicit
1310 2836 1444 2865 Apostolus:
1462 2834 1661 2865 Contemplantes,
1681 2835 1703 2858 id
1721 2837 1754 2858 est
1771 2836 1887 2863 videntes,
1903 2841 1932 2858 ne
1948 2835 2000 2864 quis
2020 2834 2079 2859 desit

1239 2875 1338 2906 gratiae.
1355 2875 1424 2903 igitur
1442 2874 1579 2903 (debet).—
1591 2875 1651 2898 llaec
1668 2875 1742 2898 minus
1759 2875 1898 2897 conveniunt
1915 2873 2078 2897 111-(1101011501-

1238 2919 1292 2938 vato
1304 2916 1325 2938 in
1337 2914 1485 2943 explicatione
1501 2914 1687 2942 praecedentium
1705 2913 1942 2942 parabolarumsubi,
1954 2916 2075 2942 postquam

1238 2954 1351 2977 indicatae
1372 2955 1424 2976 sunt
1447 2956 1491 2975 tres
1513 2953 1647 2981 parabolae,
1669 2953 1777 2976 continuo
1799 2953 1891 2981 ponitur
1908 2952 1991 2975 divisio
2007 2957 2077 2974 mem-

1240 2992 1345 3015 brorum.

2100 853 2172 871 Tertia.

2099 1506 2164 1527 Aliter.

2097 1976 2143 1995 Tres
2153 1975 2227 1994 ratione

2108 1999 2163 2026 1111011
2176 1999 2226 2017 arbi-

2109 2025 2147 2041 eru.
