2285 3398
53 487 110 505 Amor
123 487 155 505 tri-

78 510 126 534 plex.

32 811 155 831 Conditiones

67 1373 152 1392 Monitio.

37 1468 154 1487 Admiranda

33 1935 140 1954 inseruntur

22 1964 45 1977 ex
59 1959 151 1978 bonitate.

747 214 919 243 thNEnantt
941 214 1060 243 MENTlS
1083 214 1113 242 ΙΝ
1136 214 1226 242 DEUM
1248 215 1275 243 C:
1300 215 1340 243 Vl.
1861 216 1912 244 811

168 291 232 319 tiam
254 293 282 319 et
302 294 439 319 naturam.
462 291 525 320 Non¹
543 290 627 328 igitur
648 299 788 321 summum
809 293 912 320 bonum
927 295 1014 326 essct,

166 337 188 365 si
211 346 256 371 re,
278 337 318 366 vel
342 338 482 366 intellectu
503 337 551 366 illa
572 345 667 366 carere
688 342 788 374 posset.

245 385 270 412 si
294 385 378 421 igitur
399 387 476 421 potes
497 384 598 413 mentis
618 385 698 413 oculo
719 385 843 413 contueri
867 385 1015 422 puritatem

168 432 311 465 bonitati&
333 439 404 468 quae
425 434 466 460 est
487 434 566 459 actus
595 439 684 471 purus
716 431 841 469 principii
874 431 1015 460 caritative

167 479 304 515 diligentis
325 486 418 507 amore
438 476 573 515 (Ji-acuite*
592 481 618 505 et
646 478 737 506 ‹lebito
768 482 795 507 et
826 487 861 507 ex
893 482 1015 516 utroque

164 525 308 562 permis-co
321 526 347 559 ²,
367 533 438 562 quae
459 528 500 553 est
520 524 632 553 diffusio
653 525 810 561 plenissima
831 532 880 562 per
901 524 1014 553 modum

166 576 293 600 ‘naturae
313 575 340 600 et
361 572 527 605 voluntatis,
546 579 619 608 quae
640 574 681 599 est
702 571 811 599 diffusio
832 579 881 608 per
903 570 1014 599 modum

174 618 271 651 Verbi,
288 618 313 646 in
336 626 392 655 quo
406 618 496 646 omnia
511 618 653 651 dicuntur,
669 621 696 646 et
718 626 766 654 per
788 618 899 646 modum
923 617 1013 650 Doni,

166 664 192 692 in
214 673 270 701 quo
292 667 383 693 cetera
403 664 474 693 dona
488 664 641 698 donantur;
659 667 735 700 potes
751 664 858 698 videre,
875 672 924 701 per
938 672 1014 692 sum-

166 719 238 739 mam
261 712 323 739 boni
346 711 651 740 communicabilitatem
675 719 785 739 necesse
810 720 870 739 esse
897 711 1014 739 Trinita—

167 761 228 791 tem
245 759 330 787 l'atris
351 762 378 787 et
400 758 455 786 Filii
478 761 505 787 et
526 758 645 795 Spiritus
666 758 760 787 sancti.
784 759 811 786 ln
840 759 943 795 quibus
968 767 1014 786 ne-

167 813 242 833 cesse
264 808 304 833 est
327 808 439 842 propter
461 813 597 834 summam
620 805 769 833 bonitatem
791 814 850 834 esse
878 813 1014 834 summam

167 852 507 885 com›21amicabilitatem,
529 855 556 880 et
577 860 612 880 ex
641 860 751 880 sumnia
780 852 1014 881 conunnnicabili-

167 900 221 926 tate
252 907 388 927 summam
422 898 767 930 consubstantialitatcm.
790 902 873 927 etex
906 907 1014 927 summa

166 945 449 974 coiisrbstantialitate
480 954 616 974 summam
649 945 959 983 confiyurrttbilitatcm,
988 948 1015 974 et

166 1000 202 1019 ex
228 991 271 1019 liis
298 1000 434 1020 summam
463 992 718 1030 coaequalitatem,
741 1001 772 1021 ac
794 1001 843 1029 per
865 993 917 1021 hoc
938 1000 1014 1021 suin-

167 1045 238 1066 mam
262 1039 509 1073 coaeternitatem,
531 1041 615 1076 atque
646 1047 681 1067 ex
711 1039 839 1067 omnibus
867 1039 1015 1076 praedictis

166 1093 304 1114 summam
326 1086 560 1120 cointimitatem,
576 1094 632 1123 qua
653 1094 727 1115 unus
748 1090 789 1115 est
811 1086 837 1114 in
859 1086 947 1114 altero
968 1094 1015 1114 ne-

166 1132 284 1160 cessario
300 1141 349 1169 per
364 1141 499 1161 summam
515 1133 802 1161 circumincessionem
817 1135 844 1161 et
862 1140 936 1161 unus
950 1140 1014 1168 ope-

166 1182 245 1207 ratur
266 1188 329 1207 cum
351 1179 404 1207 alio
432 1187 482 1217 per
509 1180 715 1208 omnimodan12
738 1179 927 1208 indivisionem
947 1179 1014 1209 sub-

165 1226 290 1254 stantiae
304 1229 331 1254 et
348 1226 467 1254 virtutis
488 1230 515 1255 et
536 1226 713 1263 operationis
734 1226 821 1263 ipsius
842 1226 1015 1254 beatissimae

165 1272 314 1301 Trinitatis.

244 1319 270 1347 3.
293 1320 344 1349 Sed
366 1328 430 1349 cum
452 1321 519 1358 haec
541 1320 751 1357 contemplaris,
768 1320 844 1353 vide,
860 1328 893 1348 ne
914 1323 940 1348 te
955 1320 1014 1348 exi-

166 1366 261 1395 stimes
300 1367 535 1404 comprehendere
572 1367 888 1404 incomprehensibilem.
928 1367 1015 1395 Habes

164 1413 237 1441 enim
268 1413 359 1442 adhuc
391 1414 419 1442 in
450 1414 493 1448 his
524 1422 574 1443 sex
606 1414 809 1456 conditionibus
839 1413 1014 1442 considerare

165 1460 238 1497 quod
261 1461 440 1490 vehementer
461 1461 488 1489 in
520 1464 663 1498 stuporem
693 1460 882 1489 admirationis
910 1460 1015 1489 inducit

164 1508 276 1536 oculum
299 1508 398 1536 mentis
418 1511 528 1536 nostrae
540 1508 559 1536 ⁸.
582 1507 649 1536 Nam
670 1508 707 1536 ibi
734 1511 775 1536 est
803 1516 912 1536 summa
939 1506 1014 1536 coin-

165 1554 384 1583 municabilitas
405 1562 468 1583 cum
490 1562 674 1595 personarum
699 1555 884 1592 proprietate,
907 1561 1020 1583 summa

165 1601 453 1630 consubstantialitas
463 1606 527 1630 cum
540 1602 719 1638 hypostasum
731 1602 898 1638 pluralitate,
907 1609 1015 1630 summa

165 1647 417 1685 confiyarabilitas
438 1656 501 1677 cum
527 1648 647 1680 discreta
674 1648 884 1685 personalitate,
907 1656 1015 1676 summa

165 1695 362 1733 coaequalitas
383 1703 447 1723 cum
468 1695 580 1729 ordine,
603 1703 713 1724 summa
740 1695 930 1723 coaeternitas
951 1703 1014 1723 cum

165 1742 353 1776 emanatione,
369 1750 479 1771 summa
500 1742 678 1771 cointimitas
699 1750 763 1771 cum
778 1742 931 1771 emissione.
948 1741 1015 1778 Quis

164 1788 198 1816 ad
220 1791 361 1817 tantorum
383 1788 551 1817 mirabilium
572 1792 715 1825 aspectum
737 1797 791 1817 non
817 1787 967 1825 consurgat
988 1788 1015 1816 in
1042 1815 1044 1819 ,

164 1834 396 1863 admirationem?
418 1851 455 1855 —
477 1835 529 1863 Sed
550 1835 618 1864 haec
638 1835 730 1863 omnia
757 1835 911 1863 certissime
936 1835 1015 1863 intel-

165 1881 276 1917 ligimus
297 1889 356 1910 esse
376 1881 404 1910 in
425 1881 583 1910 beatissima
603 1882 752 1916 Trinitate,
768 1882 790 1910 si
813 1882 936 1910 levamus
949 1889 1015 1911 ocu-

165 1927 205 1956 los
225 1928 259 1956 ad
281 1929 627 1965 superexcellentissimam
651 1928 812 1957 bonitatem.
835 1929 860 1957 Si
883 1929 956 1957 enim
978 1929 1014 1957 ibi

164 1978 205 2004 est
227 1983 336 2003 summa
356 1975 581 2003 communicatio
603 1978 630 2004 et
651 1983 717 2004 vera
740 1975 865 2010 diffusio,
888 1984 954 2004 vera
974 1979 1016 2005 est

164 2021 201 2050 ibi
223 2021 301 2057 origo
322 2024 349 2049 et
370 2029 436 2050 vera
456 2021 610 2055 distinctim
632 2025 659 2050 et
680 2021 746 2058 quia
773 2025 863 2051 totum
891 2030 1015 2051 commu-

164 2068 290 2101 nicatur,
306 2076 360 2096 non
375 2075 455 2104 pars3
471 2067 531 2096 ideo
542 2068 554 2084 4
568 2067 660 2104 ipsum
674 2068 771 2102 datur,
786 2069 859 2105 quod
881 2069 1014 2103 habetur,

164 2118 191 2144 et
206 2118 311 2143 totum:
327 2115 412 2152 igitur
427 2122 557 2143 emanans
571 2118 598 2143 et
612 2114 768 2151 producens
789 2118 817 2144 et
839 2115 1014 2153 distinguun-

165 2165 212 2190 tur
233 2161 450 2198 proprietatibus
471 2164 498 2189 et
518 2164 584 2189 sunt
611 2161 792 2190 essentialiter
819 2170 916 2190 unum.
945 2162 1015 2198 Quia

165 2208 250 2245 igitur
271 2208 497 2245 (listinquuntur
511 2205 743 2244 proprietatibus,
759 2208 819 2237 ideo
834 2208 937 2237 habent
951 2216 1015 2245 per-

165 2255 272 2284 sonales
303 2255 487 2292 proprietates
512 2257 539 2283 et
566 2252 745 2291 hypostasum
773 2255 959 2291 pluralitatem
987 2258 1014 2283 et

138 2337 143 2340 .
165 2302 279 2339 originis
300 2302 500 2331 emanationem
520 2304 548 2330 et
568 2301 693 2330 ordinem
714 2310 769 2330 non
790 2302 1013 2339 posterioritatis,

165 2350 213 2378 sed
227 2349 354 2386 originis,
370 2352 398 2378 et
411 2348 585 2377 emissionem
600 2356 654 2377 non
669 2348 763 2378 localis
776 2349 952 2384 mutationis,
967 2349 1014 2378 sed

165 2396 302 2433 gratuitae
317 2396 519 2432 inspirationis,
535 2403 585 2432 per
603 2395 737 2424 rationem
758 2395 930 2424 auctoritatis
950 2404 1014 2433 pro-

164 2442 306 2477 ducentis,
321 2450 405 2479 quam
421 2441 505 2470 habet
518 2441 630 2470 mittens
651 2438 779 2479 respectu
792 2441 877 2471 missi.
894 2459 930 2463 —
945 2442 1015 2479 Quia

165 2497 232 2518 vero
253 2493 318 2518 sunt
340 2497 434 2517 unum
456 2488 689 2522 substantialiter,
710 2488 772 2518 ideo
795 2492 918 2526 oportet,
940 2489 1014 2527 quod

166 2536 201 2565 sit
221 2536 313 2565 unitas
335 2536 361 2564 in
383 2535 502 2564 essentia
522 2538 550 2570 et
570 2535 659 2563 forma
679 2538 706 2564 et
726 2535 858 2575 dignitate
878 2540 905 2565 et
919 2540 1014 2566 aeter-

1073 292 1157 320 nitate
1178 295 1205 320 ct
1225 293 1371 322 existentia
1391 287 1777 330 et'incircumscriptihilitate.
1793 310 1829 315 —
1846 294 1916 321 bum
1931 299 2062 341 qgfflefaffin-

1072 347 1138 376 ergo
1160 339 1226 367 haec
1248 347 1297 375 per
1312 348 1341 368 se
1354 340 1526 377 sinqillatim
1545 341 1729 373 considera-s,
1747 341 1830 369 habes
1845 340 1918 368 unde
1983 328 1993 346 p
2043 337 2046 340 '

1063 386 1220 414 ‘veritatem
1242 385 1450 423 contempleris;
1473 387 1538 415 dum
1561 387 1627 415 haec
1649 388 1689 416 cul
1710 388 1832 416 invicem
1852 396 1918 415 ccm-

1071 431 1149 469 ferS,
1172 432 1257 461 habes
1277 433 1350 462 unde
1372 433 1398 461 in
1430 433 1656 462 ‹ulniiratimicm
1684 434 1844 463 altissimam
1872 441 1918 462 su-

1072 479 1230 517 spendaris:
1245 483 1271 508 et
1287 480 1361 514 idco,
1384 483 1415 508 ut
1435 488 1513 509 mens
1535 484 1582 509 tua
1603 489 1652 517 per
1666 481 1875 510 admirationem
1891 480 1917 509 in

1071 526 1260 555 admirabilem
1276 527 1416 555 'ascendat
1444 528 1718 564 contemplationem,
1742 528 1808 556 haec
1835 527 1918 556 simul

1071 576 1136 602 sunt
1157 573 1361 602 consideranda.

1150 619 1176 647 A.
1199 620 1264 648 Nam
1296 623 1323 648 et
1353 620 1502 648 Cherubim
1535 621 1585 648 lior·
1616 621 1774 657 designant,
1796 629 1867 658 quae
1888 628 1917 649 se
1930 625 2048 668 ffiigtaiffi

1072 670 1169 694 mutuo
1194 666 1370 703 aspiciebant.
1394 667 1445 695 Nec
1468 667 1518 695 hoc
1541 670 1617 695 vacat
1638 676 1654 695 a
1676 668 1820 704 mysterio,
1843 668 1917 705 quod
1930 672 2039 691 Cherubim·

1073 713 1255 749 respiciebant
1275 722 1304 741 sc
1325 713 1416 741 versi-s·
1437 713 1563 741 vultibus
1586 714 1613 741 in
1634 714 1898 751 propitiatorium⁶

1072 762 1103 787 ut
1125 759 1284 788 verificetur
1306 760 1373 788 illud
1395 760 1468 797 quod
1493 760 1559 789 dicit
1588 761 1720 789 Dominus
1748 761 1773 789 in
1803 761 1916 789 loanne:

1072 807 1150 834 Hace
1172 811 1211 834 cst
1232 806 1293 834 vita
1314 810 1446 840 aeterna,
1469 810 1501 835 ut
1521 811 1694 844 cognoscant
1715 811 1739 835 te
1759 808 1852 836 solum
1876 816 1917 836 vc-

1071 862 1139 881 rum
1157 854 1264 887 Deum,
1280 857 1305 882 et
1323 862 1405 892 quem
1426 854 1535 882 misisti
1556 855 1650 882 lesam
1673 854 1829 883 Christum.
1852 855 1990 901 Namsffflff³
2000 859 2062 902 ffl-

1071 900 1201 928 admirari
1223 900 1357 928 debemus
1378 908 1432 928 non
1453 901 1543 929 solum
1565 901 1733 930 conditiones
1754 901 1801 929 Dei
1827 909 1919 930 essen-
1932 907 1989 925 natio·

1072 947 1149 975 tiales
1170 950 1197 975 et
1217 947 1376 984 personales
1397 948 1428 976 in
1448 956 1493 981 sc,
1510 956 1607 976 verum
1629 948 1710 977 etiam
1730 957 1783 985 per
1804 957 1919 985 compa-

1071 993 1215 1021 rationem
1236 993 1269 1021 ad
1291 994 1532 1030 supermirabileni
1552 994 1681 1023 unionem
1698 995 1744 1023 Dei
1760 998 1787 1023 ct
1802 995 1920 1023 hominis

1072 1040 1098 1068 in
1122 1040 1225 1068 unitate
1247 1048 1380 1077 personae
1401 1040 1510 1069 Christi.

1152 1088 1177 1115 5.
1200 1087 1225 1115 Si
1248 1088 1321 1116 enim
1342 1087 1454 1116 Cherub
1485 1096 1514 1116 es
1542 1088 1707 1116 essentialia
1730 1089 1776 1117 Dei
1799 1092 1920 1117 contem-
1934 1094 2035 1136 Dghffiffo

1072 1133 1187 1169 plaudo,
1203 1137 1229 1162 et
1244 1134 1369 1168 miraris,
1385 1134 1451 1171 quia
1469 1134 1551 1163 simul
1573 1137 1614 1163 est
1634 1135 1757 1163 divinum
1779 1144 1838 1163 csse
1855 1135 1920 1172 pri·
2021 1131 2026 1136 “

1072 1188 1153 1208 mum
1174 1183 1201 1209 et
1216 1180 1412 1215 novissimum,
1428 1184 1578 1209 aeternum
1600 1185 1627 1209 et
1648 1182 1920 1218 praesentissimum,

1057 1227 1322 1264 ‘simplicissimum
1344 1230 1371 1256 et
1392 1228 1546 1256 maximum
1568 1236 1616 1257 seu
1633 1228 1920 1265 incircumscriptum,

1072 1277 1162 1301 totum
1186 1273 1289 1311 ubique
1309 1277 1336 1302 et
1357 1282 1494 1311 nusquam
1516 1275 1763 1311 comprehensum,
1783 1275 1922 1303 actualis-

1071 1320 1181 1348 simum
1202 1323 1229 1348 et
1251 1328 1395 1357 nunquam
1416 1324 1539 1355 motum,
1551 1320 1797 1358 pcrfcctissimzmz
1812 1324 1839 1350 et
1853 1322 1922 1350 nihil

1056 1366 1177 1403 ‘hahens
1198 1367 1373 1403 superfluum
1395 1375 1445 1396 nec
1466 1367 1643 1402 diminutum,
1658 1371 1685 1396 et
1700 1371 1791 1397 tamen
1806 1368 1922 1397 immen-

1072 1420 1134 1441 sum
1155 1416 1183 1441 et
1214 1413 1272 1442 sine
1303 1413 1422 1443 termino
1452 1414 1608 1449 inlinitum,
1630 1424 1743 1443 summe
1763 1424 1874 1450 unum,
1896 1418 1923 1444 et

1055 1488 1059 1490 ,
1072 1463 1163 1488 tamen
1179 1460 1385 1495 omnimodum,
1400 1464 1432 1489 ut
1446 1461 1538 1489 omnia
1552 1461 1579 1490 in
1602 1470 1630 1490 se
1653 1462 1773 1496 habens,
1788 1465 1819 1490 ut
1834 1462 1923 1491 omnis

1072 1507 1178 1541 virtus,
1193 1508 1282 1536 omnis
1300 1508 1418 1543 veritas,
1434 1517 1516 1537 omne
1537 1509 1657 1543 bonum;
1673 1509 1778 1546 respice
1799 1509 1833 1538 ad
1851 1518 1922 1546 pro·
1954 1514 2065 1539 Respicien-

1069 1555 1257 1591 pitiutorium
1272 1558 1299 1584 et
1317 1555 1435 1589 mirare,
1451 1556 1525 1593 quod
1547 1556 1574 1584 in
1597 1556 1656 1593 ipso
1676 1556 1845 1593 principium
1865 1556 1922 1593 pri·
1934 1537 2065 1603 ‘rissffilncffi

1072 1608 1149 1629 mum
1170 1601 1296 1629 iunctum
1318 1604 1360 1630 est
1380 1594 1443 1630 cum
1464 1605 1619 1639 postremo,
1638 1603 1714 1631 Deus
1732 1611 1795 1631 cum
1812 1603 1922 1631 homine
1935 1590 2018 1603 ‘mmm'

1072 1651 1152 1676 sexto
1173 1647 1216 1676 die
1237 1647 1392 1681 sormato⁶‚
1414 1652 1565 1677 aeternum
1586 1649 1713 1677 iunctum
1734 1652 1775 1677 est
1794 1657 1857 1677 cum
1873 1649 1922 1677 lio-

1072 1694 1145 1722 mine
1161 1694 1319 1731 temporali,
1335 1694 1363 1723 in
1384 1695 1554 1731 plenitudine
1576 1699 1733 1733 temporum
1755 1696 1789 1725 de
1810 1696 1922 1733 Virgine

1072 1744 1149 1774 nato,
1164 1741 1415 1778 simplicissimam
1437 1749 1501 1770 cum
1515 1750 1623 1771 summe
1638 1743 1805 1781 composito,
1821 1746 1923 1771 actua—

1073 1787 1216 1816 lissimum
1239 1794 1303 1817 cum
1325 1796 1433 1818 summe
1454 1797 1534 1826 passo
1555 1792 1582 1818 et
1602 1792 1729 1824 mortuo,
1745 1789 1923 1828 perfectissi-

1072 1844 1154 1863 mum
1175 1839 1201 1864 et
1222 1836 1390 1864 immensum
1412 1844 1476 1865 cum
1498 1837 1622 1871 modico,
1643 1846 1756 1866 summe
1780 1846 1875 1866 unum
1896 1841 1923 1866 et

1072 1882 1271 1911 omnimodum
1302 1890 1367 1911 cum
1398 1883 1540 1912 individuo
1567 1885 1719 1921 composito
1740 1888 1767 1914 et
1787 1894 1803 1914 a
1824 1885 1923 1914 ceteris

1072 1929 1216 1963 distincto,
1239 1929 1349 1959 homine
1371 1930 1474 1959 scilicet
1495 1930 1555 1959 lesu
1576 1931 1694 1960 Christo.

1153 1977 1177 2004 6.
1200 1976 1226 2004 Si
1247 1979 1341 2005 autem
1362 1977 1432 2006 alter
1453 1977 1566 2006 Cherub
1583 1986 1613 2006 es
1630 1987 1829 2015 personarum
1852 1987 1922 2016 pro·
1936 1984 1970 2026 1³5j
1972 1983 2060 2026 §efficio

1071 2023 1141 2060 pria
1162 2023 1388 2060 contemplando,
1403 2027 1430 2053 et
1452 2024 1578 2059 miraris,
1598 2025 1923 2054 communicabilitatem
1985 2012 1995 2027 ⁰
2035 2021 2039 2026 ’

1071 2076 1134 2098 esse
1152 2077 1216 2098 cum
1237 2070 1423 2107 proprietate,
1438 2071 1766 2100 consubstantialitatem
1783 2080 1847 2101 eum
1861 2072 1924 2109 plu-

1072 2116 1195 2150 ralitate,
1211 2116 1505 2154 consiyurabilitatem
1527 2126 1590 2147 cum
1612 2119 1824 2155 personalitate,
1843 2127 1924 2147 coac-

1071 2162 1241 2200 qaulitateiiz
1262 2171 1325 2191 cum
1347 2164 1459 2198 ordine,
1480 2165 1711 2193 coaeternitatem
1735 2174 1799 2194 cnm
1820 2165 1931 2202 produ—v

1070 2209 1175 2243 ctione,
1202 2210 1422 2238 cointimitatem
1455 2219 1519 2240 cum
1551 2212 1712 2246 emissione,
1745 2212 1811 2249 quia
1840 2212 1924 2241 Filius

1070 2256 1172 2285 missus
1193 2259 1234 2285 est
1254 2265 1271 2285 a
1291 2257 1383 2292 Patre,
1405 2261 1433 2286 et
1453 2258 1574 2295 Spiritus
1595 2262 1708 2288 sanctus
1729 2259 1764 2288 ab
1785 2262 1922 2296 utroque,

1071 2303 1119 2340 qui
1141 2306 1233 2332 tamen
1254 2311 1363 2341 semper
1384 2307 1426 2333 est
1447 2312 1511 2334 cum
1540 2305 1580 2334 eis
1605 2308 1632 2334 et
1653 2314 1797 2343 nunquam
1819 2306 1922 2335 recedit

1071 2349 1105 2378 ab
1127 2350 1181 2385 eis;
1204 2350 1310 2387 respice
1331 2351 1360 2382 in
1380 2351 1605 2389 propitiatorium
1626 2356 1653 2381 et
1673 2352 1792 2387 mirare,
1807 2353 1874 2390 quia
1894 2353 1921 2381 in
1935 2358 2067 2385 nemaflah‘a

1071 2396 1181 2426 Christo
1202 2400 1256 2426 stat
1273 2394 1441 2434 peisonalis
1461 2399 1532 2427 unio
1553 2407 1617 2428 cum
1643 2399 1766 2428 trinitate
1794 2400 1922 2428 substan·
1947 2386 2068 2425 Rama.

1072 2444 1175 2473 tiarum
1187 2445 1197 2461 ⁷
1219 2448 1247 2474 et
1261 2448 1427 2474 naturarum
1442 2445 1590 2481 dualitate,
1606 2449 1659 2475 stat
1674 2447 1842 2475 omnimoda
1856 2455 1923 2475 con-

1070 2491 1164 2519 sensio
1190 2499 1255 2520 cum
1281 2491 1441 2528 pluralitate
1468 2493 1659 2526 voluntatum,
1681 2495 1735 2521 stat
1755 2492 1803 2521 Dei
1825 2496 1852 2521 et
1873 2493 1923 2521 ho-

1070 2537 1152 2566 minis
1173 2538 1419 2575 compi-acclicatio
1434 2547 1504 2579 ‘cum
1526 2539 1684 2576 pluralitate
1703 2539 1921 2577 proprietatum,

229 2723 236 2736 ¹
254 2725 318 2747 llanc
340 2724 478 2747 divisionem
500 2730 586 2746 amotis
602 2724 712 2752 proponit
734 2725 842 2748 Richard.
863 2732 877 2749 a
895 2727 916 2749 S.
939 2727 1012 2754 Vict,

165 2763 193 2785 V.
211 2763 241 2786 de
253 2764 317 2786 Trin.
329 2770 348 2786 c.
363 2764 399 2785 16.
411 2769 476 2791 seqq.
489 2762 534 2785 Csr.
547 2765 603 2785 tom.
615 2763 631 2785 l.
643 2769 699 2791 pag.
709 2763 747 2791 57,
758 2767 812 2786 nota
824 2764 845 2786 7.
858 2767 881 2787 et
892 2770 946 2793 pag.
959 2766 1011 2793 ¹¹99,

165 2806 218 2824 nota
237 2803 258 2825 t.
267 2815 298 2819 —
310 2803 342 2825 De
359 2808 408 2831 seq.
420 2808 515 2830 propos.
527 2803 567 2824 ctr.
580 2808 650 2830 supra
662 2809 715 2831 pag.
734 2803 775 2831 87,
786 2807 840 2826 nota
853 2805 862 2826 l
873 2813 879 2832 ;
892 2811 947 2833 pag.
959 2804 1012 2833 2li,

165 2844 219 2863 nota
237 2842 260 2864 3.
276 2844 298 2864 et
315 2842 329 2864 l.
348 2842 410 2864 Sent.
427 2841 457 2863 lit.
476 2841 589 2869 Magistri,
607 2841 631 2864 d.
647 2842 724 2868 XVlll.
741 2848 761 2864 c.
780 2843 801 2865 i.

227 2880 237 2893 ²
255 2881 414 2903 BDHKMN
431 2886 561 2903 summam.

229 2918 238 2931 ³
255 2921 273 2942 Α
290 2922 353 2943 &isse-

227 2957 238 2970 ⁴
255 2959 285 2980 lta
303 2959 373 2981 DFH
384 2959 401 2981 K
413 2958 468 2985 LN,
486 2958 522 2980 alii
540 2958 608 2980 codd.
627 2961 649 2981 et
665 2959 719 2982 edd.
736 2959 805 2983 idem.

228 2995 238 3008 ⁵
255 2997 326 3020 Exod.
343 2997 385 3024 25,
402 2998 444 3019 20:
462 2997 641 3026 Respicianmue
657 3003 682 3020 se
699 3000 780 3021 mutuo
796 3000 870 3022 versis
887 3003 929 3023 etc.
948 3000 1011 3030 (Non

1069 2727 1137 2755 pauci
1155 2727 1223 2750 codd.
1242 2727 1266 2750 in
1280 2727 1468 2758 propitiatorio).
1487 2740 1519 2745 -—
1539 2729 1592 2757 Seq.
1610 2729 1674 2751 locus
1697 2731 1731 2751 est
1753 2729 1814 2751 loan.
1841 2729 1874 2756 ¹7,
1894 2730 1920 2751 3:

1069 2767 1131 2788 Haec
1148 2769 1182 2788 est
1199 2770 1276 2789 autem
1295 2770 1338 2790 etc.

1131 2804 1141 2817 ⁶
1158 2806 1215 2828 Gen.
1234 2806 1254 2833 i,
1272 2806 1310 2828 26.
1326 2818 1358 2823 —
1376 2807 1491 2834 Expositio
1509 2808 1566 2832 haec
1583 2810 1616 2829 est
1634 2807 1763 2829 secundum
1785 2808 1919 2833 1renaeum;

1069 2846 1110 2866 css.
1127 2851 1197 2872 snpra
1215 2851 1270 2872 pag.
1287 2845 1340 2872 24¹,
1359 2848 1412 2867 notu
1430 2846 1450 2868 6.
1463 2858 1494 2863 —
1510 2846 1544 2868 De
1560 2846 1717 2868 incarnatione
1734 2846 1788 2878 vide
1804 2846 1920 2873 Erexitoq.

1069 2890 1091 2911 p.
1110 2884 1147 2906 lV.
1163 2890 1183 2905 e.
1205 2884 1222 2906 l.
1239 2890 1305 2913 seqq.
1316 2896 1348 2901 —
1359 2885 1402 2907 Pro
1417 2886 1538 2914 postremo
1556 2886 1575 2907 M
1593 2885 1708 2909 ρπβ-ωηο.

1131 2920 1140 2934 ⁷
1157 2921 1203 2944 Ct'r.
1220 2928 1291 2950 supra
1309 2929 1329 2945 c.
1348 2923 1369 2946 l.
1386 2930 1410 2946 n.
1427 2924 1449 2946 3.
1472 2926 1495 2946 et
1519 2929 1573 2952 pag.
1599 2924 1641 2951 64,
1667 2926 1720 2945 nota
1749 2923 1783 2945 l0.
1800 2934 1831 2939 —
1849 2918 1919 2945 {tiator

1068 2967 1122 2989 pars
1140 2961 1207 2984 codd.
1226 2962 1309 2984 omittit
1325 2962 1415 2992 respice
1431 2962 1455 2985 in
1470 2962 1666 2992 propitiatorium
1685 2963 1714 2985 et.
