2285 3398
297 186 353 215 398

375 265 421 293 29.
444 264 472 292 In
490 263 622 300 mysterio
642 263 833 291 reserationis
847 263 1021 300 Scripturae
1041 264 1145 301 signifi-

197 317 284 359 122133otn
297 314 377 340 catur
392 319 441 348 per
456 310 567 339 modum
578 310 783 347 praesidentis,
799 313 830 338 ut
842 313 916 347 patet
927 319 976 348 per
987 311 1083 348 filium
1097 307 1145 339 lio—

296 357 387 386 minis
400 358 432 386 in
446 357 540 385 medio
555 356 802 385 candelabrorum
811 357 831 391 ¹,
843 357 891 394 qui
907 357 1026 386 habebat
1040 360 1145 394 septem

911 186 942 214 ut
964 180 1185 214 ΗΕΧΑΕΜΕΒΟΝ
1206 182 1369 213 commo
1390 185 1444 212 κν.

1202 263 1305 292 56111661
1327 261 1503 298 scripturae,
1518 270 1589 299 quae
1611 262 1707 299 incipit
1727 263 1762 291 ab
1782 265 1944 294 aeternitate
1958 269 1985 295 et
2000 270 2054 295 ter-
2068 274 2163 297 Epilogus.

1203 310 1307 337 minata
1327 311 1368 337 est
1382 309 1417 337 ad
1431 309 1632 338 aeternitatem.
1648 309 1739 338 Unde:
1760 310 1795 338 ln
1810 311 1958 348 principio
1973 321 2054 342 crea-

1201 356 1243 384 vit
1264 356 1342 383 Deus
1363 355 1474 383 caeluni
1497 359 1523 383 et
1543 359 1673 389 terram;
1687 359 1714 385 et
1733 357 1761 385 in
1776 356 1845 385 fine:
1864 357 1929 385 Vidi
1942 359 2055 388 caelu-m

296 404 404 440 stellas,
420 404 446 433 id
460 407 502 433 est
516 406 621 441 septem
636 403 787 437 Ecclesias3
804 411 853 440 per
872 404 985 433 modum
997 404 1145 441 proelian-
1173 393 1175 440 1
1202 411 1311 431 novam
1331 405 1357 430 et
1377 405 1487 430 terrani
1510 411 1626 431 novam.
1650 403 1703 432 Hae
1718 407 1783 432 sunt
1797 405 1980 442 quadraginta
1994 409 2055 434 octo

296 451 343 486 tis,
359 454 390 479 ut
406 458 494 488 agnus
509 458 573 479 cum
588 450 691 483 bestia,
706 457 770 478 cum
791 450 927 484 dracone,
949 450 977 479 in
999 450 1098 487 phialis
1118 452 1146 478 et
1173 442 1175 479 l

297 498 388 531 tubis;
411 506 460 534 per
480 497 593 526 modum
617 496 839 534 triumphantis,
861 497 927 534 quia
949 497 1068 526 habebat
1089 497 1145 533 gla-
1173 495 1175 540 ξ

295 545 371 573 dium
392 547 509 583 acutum
534 547 561 573 et
581 544 680 573 falcem
701 547 830 578 acutam3
852 544 1035 587 pervmodum
1058 544 1145 572 beati-

294 591 421 628 ficantis,
437 591 503 628 quia
524 591 592 619 vidit
612 591 720 619 caelum
742 599 845 619 novum
867 594 894 620 et
916 594 1019 620 terram
1036 598 1143 619 novam.

375 637 420 666 30.
442 637 512 666 Haec
531 640 597 666 sunt
613 646 680 671 ergo
699 638 830 674 mysteria
844 638 917 667 circa
932 637 1044 675 lignum
1061 637 1144 670 uitae,

1203 449 1313 478 tabulae
1335 448 1538 478 tabernaculi:
1562 450 1657 487 viginti
1680 450 1707 478 in
1730 459 1786 479 uno
1801 451 1903 485 latere,
1918 454 1945 480 et
1959 452 2054 489 viginti

1204 496 1229 524 in
1251 495 1321 529 alin,
1344 495 1370 523 in
1393 496 1539 532 posteriori
1568 499 1648 530 octo3
1678 496 1706 524 iu
1734 505 1790 533 quo
1817 498 1930 534 ponitur
1958 506 2023 527 arca
2034 499 2054 532 2,

1203 543 1306 571 scilicet
1327 542 1471 576 Christus,
1493 543 1637 572 continens
1665 543 1692 572 in
1721 551 1749 572 se
1777 552 1874 572 omnes
1902 544 2055 573 tliesauros

1202 589 1364 626 sapientiae
1377 592 1401 617 et
1416 589 1568 623 scientiae,
1584 589 1612 618 in
1627 597 1711 626 quem
1725 589 1877 618 Cherubim
1893 590 2053 627 respiciunt.

1204 636 1234 664 Et
1256 636 1323 664 haec
1345 638 1411 664 sunt
1430 635 1574 664 duodecim
1598 636 1670 673 ligna
1691 636 1765 665 circa
1786 636 1900 674 leynam
1921 637 2004 665 vitae.

980 777 1247 826 COLLATIO
1282 777 1373 824 XV.

293 895 339 928 De
364 894 452 928 tertia
482 894 597 928 visione
628 894 765 927 tractatio
800 893 904 935 tertia,
932 904 1029 939 quae⁷
1057 892 1243 926 continuans
1276 891 1529 937 praecedentem,
1556 893 1653 937 primo
1680 893 1870 936 manifestat,
1897 894 2065 939 quomodo

389 953 419 986 in
445 953 606 987 duodecim
634 952 785 998 mysteriis
810 951 1031 997 principalibus
1057 950 1237 984 ostendatur
1269 951 1358 984 etiam
1389 951 1607 993 antichristus;
1634 952 1745 986 deinde
1771 952 1876 997 incipit
1900 964 1989 997 agere
2015 953 2053 987 de

389 1012 514 1045 infinitis
540 1011 722 1046 caelestibus
747 1011 872 1045 theoriis
897 1009 1141 1055 germinantibus
1166 1021 1205 1043 ex
1230 1009 1399 1043 seminibus
1425 1015 1455 1043 et
1479 1009 1630 1044 fructibus
1656 1011 1845 1056 Scripturae.

296 1131 473 1159 Summarum.
497 1147 533 1151 -—
555 1129 745 1159 Introductio.
769 1130 834 1157 Pars
853 1129 871 1157 1.
892 1129 941 1157 Ρ61
963 1128 1122 1165 oppositum
1144 1128 1226 1156 etiam
1247 1128 1428 1156 antichristus
1449 1129 1604 1157 ostenditur
1626 1129 1653 1157 in
1675 1130 1728 1158 illis
1748 1130 1894 1159 duodecim
1915 1131 2055 1167 mysteriis

375 1181 582 1218 principalibus.
607 1181 746 1208 Primum
767 1180 955 1217 mysterium,
981 1181 1003 1207 1.
1022 1196 1057 1199 -—
1074 1179 1256 1212 Secundum,
1279 1179 1304 1207 2.
1322 1195 1358 1199 —
1380 1179 1524 1213 Tertium,
1540 1179 1565 1208 3.
1582 1197 1620 1200 —
1636 1181 1798 1216 Quartum,
1814 1181 1840 1209 li.
1857 1198 1895 1202 —
1911 1182 2054 1218 Quintum

376 1236 402 1260 et
421 1235 552 1265 sextum,
576 1232 601 1259 5.
625 1230 847 1267 -·Septinium
874 1234 899 1258 et
924 1233 1076 1263 octavum,
1100 1230 1125 1257 6.
1148 1246 1187 1249 —
1209 1228 1326 1257 Nonum
1347 1233 1373 1257 et
1393 1229 1554 1263 decimam,
1577 1232 1602 1258 7.
1626 1248 1664 1251 —
1691 1231 1881 1260 Undecimum
1901 1236 1927 1260 et
1947 1233 2054 1261 ‹luode—

375 1282 495 1315 cimum,
517 1282 544 1309 8.
561 1298 597 1302 -
615 1281 752 1318 Epilogus
770 1280 870 1317 partis
886 1280 909 1314 Ι,
926 1281 951 1308 9.
974 1296 1014 1300 —-
1035 1280 1099 1308 Pars
1121 1280 1149 1307 ll.
1173 1279 1268 1316 Incipit
1289 1287 1370 1316 agere
1392 1279 1425 1308 de
1448 1280 1528 1308 tertia
1549 1284 1627 1316 parte
1648 1281 1782 1317 primaria
1807 1282 1919 1311 visionis
1942 1283 2053 1317 tertiae,

376 1333 480 1362 scilicet
500 1332 533 1361 de
555 1332 720 1361 caelestibus
741 1331 856 1360 theoriis
883 1338 919 1359 ex
948 1331 1092 1367 Scriptura
1117 1330 1346 1367 germinantibus.
1368 1331 1563 1364 Incroauen'o,
1589 1332 1631 1359 10.
1655 1348 1693 1352 -
1715 1331 1851 1368 Infinitae
1873 1332 1999 1362 theoriae
2019 1343 2054 1362 eat·

378 1383 609 1413 consideratione
632 1382 732 1411 veteris
753 1385 779 1411 et
798 1382 867 1410 novi
888 1382 1063 1416 testamenti,
1079 1390 1153 1419 quae
1167 1382 1225 1410 duo
1244 1381 1387 1419 refulgent
1403 1382 1433 1409 in
1453 1382 1583 1415 invicem,
1606 1386 1631 1410 ct
1650 1383 1811 1410 secundum
1833 1383 1966 1411 diversas
1987 1387 2054 1412 tem-

375 1443 483 1471 porum
503 1433 710 1470 coaptationes,
732 1434 774 1461 11.
791 1449 829 1453 -
845 1432 948 1461 Primo
970 1425 1099 1461 absolate
1120 1433 1346 1461 considerantur
1369 1431 1438 1460 llaec
1458 1433 1630 1461 sentinaria.
1654 1433 1766 1470 Septem
1782 1433 1925 1462 Ecclesiae
1946 1438 2054 1462 aetates

377 1485 576 1522 respondentes
597 1488 702 1521 septem
723 1483 823 1512 diebus
844 1483 1019 1517 creationis;
1037 1484 1140 1521 prima
1161 1488 1253 1518 aetas,
1278 1485 1320 1512 12.
1344 1501 1382 1504 —
1404 1484 1539 1512 Secunda
1560 1488 1651 1518 aetas,
1677 1484 1720 1513 13.
1743 1501 1781 1504 —
1810 1484 1924 1519 Tertia,
1950 1485 1992 1513 14.
2017 1502 2053 1506 —

378 1536 511 1572 Quarta,
537 1537 580 1564 15.
604 1552 640 1556 —
664 1535 791 1571 Quinta,
817 1535 860 1563 16.
883 1551 921 1555 -—
943 1534 1048 1569 Sexta,
1074 1536 1116 1563 17.
1140 1552 1178 1555 —
1200 1535 1330 1572 Septima
1361 1535 1458 1563 currit
1489 1544 1556 1563 cum
1577 1539 1678 1567 sexta:
1700 1535 1734 1564 tle
1758 1539 1876 1570 octava,
1894 1537 1937 1564 18.
1954 1553 1992 1556 ——
2007 1537 2054 1565 Se-

374 1587 505 1616 cundum
526 1587 601 1616 alios
622 1586 849 1623 ‹listinfflluntur
870 1590 1002 1623 tempora
1022 1586 1183 1614 secundum
1204 1587 1330 1624 quinque
1352 1586 1523 1620 vocationes,
1542 1587 1585 1614 19.
1602 1604 1641 1607 -
1656 1587 1889 1624 Distinyuttntur
1903 1588 1991 1616 etiam
2012 1597 2055 1616 se-

376 1638 507 1667 cundum
535 1638 595 1666 tria
624 1642 773 1675 tempora‚·
795 1636 1052 1674 appropriationes
1081 1637 1204 1674 triplicis
1232 1636 1332 1665 liuiusv
1347 1637 1552 1670 distinctionis,
1575 1639 1620 1665 20.
1644 1654 1681 1658 —
1704 1638 1744 1666 De
1772 1638 1910 1676 mysterio
1937 1640 2055 1667 numeri

374 1689 532 1727 quindecim
554 1698 588 1718 ecc
610 1689 758 1718 additione
779 1688 901 1717 illarum
923 1688 1104 1722 resultantis,
1120 1689 1166 1716 21,
1182 1705 1221 1708 —
1236 1688 1383 1722 Secundo,
1404 1687 1632 1716 considerantur
1647 1689 1678 1716 in
1692 1689 1911 1725 comparatione
1932 1690 1972 1718 acl
1992 1699 2054 1718 evo-

375 1741 529 1774 lutionem;
551 1740 734 1777 comparatio
755 1739 910 1777 utriusque
932 1739 1095 1768 testamenti
1114 1739 1148 1777 fit
1167 1748 1217 1768 seJe
1239 1739 1343 1773 modis,
1366 1740 1411 1767 22.
1429 1755 1465 1759 —
1484 1738 1599 1772 Primo,
1615 1739 1797 1775 comparatio
1812 1730 1948 1768 ‘duorum
1970 1744 2054 1769 testa-

374 1796 539 1821 mentorum
569 1792 731 1820 seeundum
759 1791 904 1819 rationem
932 1791 1067 1825 unitatis,
1089 1791 1134 1819 23.
1157 1807 1196 1812 —
1218 1791 1373 1824 Secundo,-
1392 1789 1552 1818 secundum
1583 1789 1727 1825 rationem
1756 1790 1921 1825 dualitatis,
1948 1792 1993 1820 24.
2018 1809 2055 1813 —

376 1843 529 1873 Conversio
556 1843 657 1880 finalis
683 1843 777 1880 gyentis
798 1842 996 1876 Iudaeorum,
1019 1843 1064 1870 25.
1089 1858 1125 1862 -—
1154 1842 1262 1876 Tertio,
1284 1842 1446 1870 secundum
1469 1841 1612 1869 rationem
1634 1841 1775 1875 ternarii,
1798 1842 1843 1869 26.
1867 1858 1903 1862 —
1928 1843 2054 1878 Quarto,

373 1884 534 1924 secundum
555 1894 699 1922 rationem
720 1893 924 1932 quaternarii,
946 1894 992 1921 27.
1016 1909 1052 1913 —
1076 1893 1196 1928 Quinto,
1218 1893 1378 1921 secundum
1401 1892 1545 1921 rationem
1567 1891 1718 1930 quinarii,
1740 1892 1786 1920 28.

378 2006 401 2033 1.
425 2004 553 2033 Protulit
567 2008 648 2034 terra
663 2003 783 2033 herbam
799 2004 936 2032 virentem
950 2007 976 2032 et
989 2002 1142 2041 facientem

159 2057 281 2077 Introductio-
294 2060 390 2080 semen
410 2052 496 2080 iuxta
519 2060 611 2088 yenus
638 2051 759 2079 suun2⁸.
789 2051 898 2079 Dictum
927 2053 984 2084 est,
1014 2049 1089 2087 quod
1117 2049 1144 2078 in

294 2098 439 2137 duodecim
455 2098 600 2134 mysteriis
614 2098 814 2135 principalibus
827 2098 984 2127 ostenditur
998 2097 1144 2131 Christus;

295 2148 323 2174 et
346 2153 396 2182 per
417 2145 574 2182 oppositum
602 2145 757 2175 ostenditur
785 2145 982 2179 antichristus,
1004 2145 1079 2182 quod
1107 2146 1145 2175 sic

154 2200 203 2226 Pm-
213 2200 227 2219 1.
245 2191 494 2227 iix-manifestatur.
518 2207 554 2212 —
577 2191 699 2220 Primum
720 2195 761 2221 est
782 2192 945 2229 mysterium
971 2191 1146 2229 conditionis

158 2225 418 2281 ffifflmfflreruw
439 2242 466 2267 et
487 2239 524 2267 ibi
545 2238 700 2267 ostenditur
721 2247 770 2275 per
792 2238 955 2273 Lanieclt4,
974 2239 1021 2277 qui
1037 2238 1146 2276 primus

295 2285 452 2315 introduxit
474 2285 620 2322 bigamiam
641 2288 668 2313 et
688 2285 740 2314 11111
761 2290 950 2323 transgressor
977 2285 1045 2323 legis
1064 2288 1145 2314 natu-

296 2341 344 2363 rae
364 2337 392 2362 et
412 2333 464 2362 suit
486 2332 742 2366 luxuriosissimus;
762 2336 789 2361 et
802 2334 1011 2362 tuncvtdentes
1024 2332 1080 2370 filii
1093 2333 1148 2361 Dei

294 2380 375 2418 filias
395 2379 564 2414 hominum,
586 2379 663 2417 quod
690 2384 781 2408 essent
803 2380 942 2417 pulcrae,
972 2384 1145 2418 aeceperunt

295 2427 353 2456 sibi
372 2436 479 2456 umores
504 2435 539 2455 ea:
567 2426 719 2460 omnibus,
747 2435 821 2464 qaas
849 2427 1000 2464 eleyerant.
1030 2427 1145 2464 Propter

1202 2003 1276 2040 quod
1298 2003 1443 2032 inductum
1465 2003 1517 2032 fuit
1531 2002 1676 2031 diluvium.
1695 2002 1725 2030 Et
1740 2002 1801 2030 inde
1816 2002 1970 2040 colligitur,
1985 2012 2054 2041 qua-

1203 2049 1235 2078 lis
1256 2050 1309 2078 erit
1337 2050 1534 2084 antichristus,
1557 2049 1622 2086 quia
1645 2049 1923 2083 immumlissimus,·
1943 2053 1970 2079 et
1991 2050 2054 2080 inde

1202 2096 1357 2124 ostenditur
1379 2096 1439 2125 eius
1459 2095 1652 2133 siqnifieatio,
1668 2095 1734 2132 quia
1748 2095 1895 2124 interficiet
1916 2096 2010 2130 illum,
2026 2096 2053 2124 in

1202 2151 1259 2180 quo
1277 2143 1406 2180 positam
1426 2148 1468 2172 est
1487 2144 1623 2181 siquam,
1653 2143 1756 2172 scilicet
1777 2142 1905 2176 ludaeos,
1927 2143 1975 2179 qui
2004 2151 2054 2180 per

1205 2191 1278 2220 Cain
1301 2191 1501 2227 significantur.
1525 2191 1556 2219 Et
1578 2191 1638 2219 ideo
1659 2191 1693 2219 (Ie
1708 2189 1831 2218 Lamech
1847 2190 1918 2218 ultio
1932 2189 2053 2218 dabitur

1203 2238 1367 2275 septuayies
1388 2239 1506 2275 septies,
1528 2238 1594 2275 quia
1622 2238 1713 2267 maius
1740 2237 1794 2266 erit
1821 2240 1966 2275 peccatum
1993 2237 2053 2266 eius

1203 2293 1287 2323 quam
1309 2288 1453 2322 peccatum
1475 2285 1648 2314 Iudaeorum.

1283 2334 1308 2361 2.
1332 2332 1360 2360 In
1382 2332 1503 2361 secundo
1524 2333 1672 2369 mysterio,
1695 2332 1798 2361 scilicet
1808 2329 1975 2370 punitionis
1994 2340 2053 2360 see·
2066 2339 2180 2358 Secundum.

1203 2380 1314 2413 lerum,
1336 2379 1462 2416 signatur
1484 2387 1533 2416 per
1556 2379 1722 2413 Nemrod5,
1744 2379 1792 2416 qui
1814 2379 1922 2416 primus
1943 2386 1972 2407 56
1990 2378 2054 2407 16611

1202 2426 1415 2463 imperatorem,
1438 2425 1517 2454 cuius
1538 2426 1620 2454 etiam
1649 2425 1814 2454 auctoritate
1842 2425 1984 2454 aedificata
2011 2427 2053 2454 est

359 2547 367 2560 ¹
385 2549 458 2576 Apoc.
476 2549 497 2575 1,
515 2548 564 2570 132*
574 2548 600 2570 Et
617 2554 638 2569 in
656 2547 734 2569 medio
751 2550 840 2575 septem
857 2548 1050 2571 candelabrorum
1065 2555 1145 2571 aureo·

296 2593 349 2610 rum
366 2587 464 2610 similem
481 2587 528 2609 11110
545 2586 646 2609 hominis
663 2588 706 2608 etc.
723 2585 780 2608 ibid.
797 2593 819 2608 v.
839 2586 876 2608 16:
895 2588 920 2609 Et
937 2587 1037 2609 habebat
1054 2587 1075 2609 in
1093 2588 1145 2610 dex-

296 2629 345 2649 tera
361 2632 403 2649 sua
420 2626 496 2648 stellas
512 2628 615 2653 septem3
633 2631 656 2647 v.
674 2625 752 2647 aizel
769 2625 831 2647 mitte
849 2628 937 2653 septem
955 2626 1072 2653 Ecclesiis,
1084 2633 1145 2655 quae

296 2668 349 2688 sunt
366 2665 390 2687 in
407 2664 472 2691 Asia,
489 2664 580 2692 Epheso
597 2666 641 2686 ew.
659 2675 690 2680 —
707 2663 740 2685 De
761 2663 821 2686 bello
844 2664 901 2691 Agrii
925 2670 978 2686 cum
1000 2665 1101 2687 dracone
1123 2668 1145 2688 et

296 2704 369 2727 bestia
385 2703 440 2726 vide
457 2702 514 2725 ibid.
530 2709 551 2725 c.
569 2703 606 2725 12.
622 2705 645 2725 et
657 2703 698 2729 13;
710 2702 740 2724 de
753 2702 835 2730 phialis
847 2708 866 2724 c.
883 2702 922 2729 15,
933 2703 955 2725 7.
967 2706 989 2725 et
1002 2704 1043 2731 16,
1059 2710 1086 2726 ac
1104 2704 1144 2731 18,

296 2744 327 2766 de
343 2743 405 2766 tubis
422 2749 443 2765 c.
460 2743 481 2764 8.
498 2744 520 2764 et
531 2742 553 2764 9.
564 2753 596 2758 —
607 2742 640 2764 De
656 2741 733 2769 gladio
751 2743 817 2763 acuto
836 2740 891 2763 ibid.
910 2742 930 2768 l,
949 2742 985 2764 16.
1002 2745 1025 2764 et
1041 2742 1071 2765 de
1088 2743 1144 2765 falce

297 2785 363 2806 acuta
375 2782 431 2805 ibid.
444 2781 485 2808 14,
499 2781 536 2804 14.
547 2793 578 2797 —
589 2781 622 2803 De
639 2781 702 2802 caelo
720 2786 782 2802 novo
800 2782 822 2802 et
839 2783 897 2802 terra
915 2786 976 2802 nova
994 2780 1049 2803 ibid.
1066 2782 1104 2808 21,
1123 2782 1144 2804 1.

358 2820 368 2834 ²
386 2821 432 2844 Csr.
449 2820 521 2843 Exod.
532 2820 575 2847 26,
589 2820 627 2842 18.
637 2825 704 2848 seqq.
715 2831 746 2836 —
758 2818 867 2841 Subinde
879 2819 990 2846 allegatur
1006 2819 1055 2842 Col.
1072 2821 1097 2848 2,
1107 2821 1143 2843 ·3:

297 2862 321 2883 ln
338 2867 386 2890 quo
403 2863 458 2883 sunt
474 2865 556 2882 omnes
574 2858 673 2882 thesauri
691 2858 818 2886 sapientiae
834 2860 889 2884 etc.;
907 2861 928 2880 et
940 2858 1061 2886 respicitur
1073 2859 1143 2882 Exod.

298 2900 339 2927 25,
359 2901 395 2922 18.
411 2905 478 2929 seqq.
496 2899 535 2928 (de
551 2897 696 2926 Cherubim).

358 2937 368 2950 ⁸
385 2939 442 2961 Gen.
455 2939 476 2966 1,
489 2939 527 2961 12.
536 2949 569 2955 —
580 2937 605 2962 ln
615 2943 665 2966 seq.
677 2936 835 2965 propositione
852 2936 973 2964 respicitur
990 2937 1065 2966 collat.
1077 2943 1142 2964 prae-

298 2977 383 3001 cedens
400 2984 423 3000 11.
441 2977 479 3000 17.
495 2983 560 3006 seqq.

1265 2548 1274 2560 ⁴
1292 2550 1349 2570 tien.
1367 2547 1393 2574 4,
1415 2547 1449 2569 19.
1460 2558 1492 2563 ·-—
1504 2547 1557 2575 Seq.
1570 2547 1634 2569 locus
1651 2550 1686 2569 est
1704 2546 1759 2568 ibid.
1776 2546 1803 2573 6,
1821 2546 1843 2568 2.
1861 2545 1965 2568 Subinde
1981 2546 2052 2574 respi-

1202 2588 1260 2610 citur
1277 2589 1325 2609 tien
1344 2587 1369 2613 li,
1392 2586 1430 2608 15:
1447 2586 1572 2614 Posuitque
1589 2586 1702 2608 Dominus
1719 2585 1775 2608 Cain
1799 2585 1892 2613 signum
1910 2588 1966 2612 etc.;
1984 2588 2007 2608 et
2023 2586 2052 2607 al-

1202 2628 1291 2655 legatur
1309 2633 1332 2648 v.
1349 2626 1392 2648 24:
1410 2625 1547 2653 Septuplum
1571 2625 1626 2647 ultio
1649 2624 1741 2646 dabitur
1763 2623 1793 2646 de
1814 2623 1883 2651 Cain,
1901 2624 1931 2646 de
1951 2624 2051 2646 Lamech

1203 2672 1258 2688 vero
1276 2665 1409 2693 septuagies
1426 2664 1520 2692 septies.

1264 2703 1274 2716 ⁶
1291 2706 1348 2727 Gen.
1363 2704 1401 2731 ¹0,
1414 2704 1439 2725 8:
1456 2711 1466 2723 ι
1476 2703 1526 2731 lpse
1539 2701 1666 2732 [Nemrod]
1680 2701 1756 2730 coepit
1766 2707 1817 2724 esse
1829 2705 1912 2730 potens
1925 2702 1946 2724 in
1961 2705 2051 2724 terran.

1202 2744 1225 2766 lu
1242 2750 1313 2773 quem
1331 2744 1407 2766 locum
1425 2743 1505 2765 Glossa
1522 2740 1648 2766 ordinaria
1669 2741 1733 2769 apud
1756 2740 1877 2763 Strabum:
1902 2740 2002 2763 Nemrod
2018 2746 2051 2762 56-

1202 2783 1305 2805 cundum
1331 2783 1455 2810 losephum
1473 2780 1504 2811 [1.
1522 2780 1632 2809 Antiquit.
1650 2786 1670 2802 c.
1687 2779 1725 2809 9.]
1746 2786 1807 2802 nova
1833 2780 1899 2808 regni
1925 2779 2051 2807 cupiditate

1201 2822 1348 2849 tyrannidem
1374 2821 1470 2849 arripuit
1492 2823 1515 2842 et
1540 2820 1581 2842 suit
1605 2822 1685 2842 auctor
1710 2819 1867 2841 aedificandae
1892 2818 1972 2845 turris,
1990 2824 2050 2846 quae

1202 2863 1306 2888 tangeret
1322 2861 1421 2882 caelum.
1438 2859 1483 2882 Cir.
1501 2859 1606 2886 Hierom.
1623 2857 1729 2880 Hebraic.
1746 2858 1838 2886 Quaest.
1857 2857 1880 2879 in
1896 2857 1953 2879 Gen.
1968 2857 2010 2884 10,
2028 2857 2049 2884 8,

1201 2902 1223 2921 et
1239 2899 1326 2926 lsidor.,
1343 2898 1473 2921 Comment.
1484 2899 1534 2921 sive
1551 2899 1644 2927 Quaest.
1661 2897 1683 2919 in
1700 2897 1758 2919 Gen.
1775 2902 1794 2919 c.
1813 2896 1835 2919 9.
1851 2908 1882 2913 —
1900 2895 2004 2918 Subinde
2020 2896 2050 2917 al-

1201 2938 1290 2965 legatur
1308 2939 1332 2960 11.
1349 2939 1431 2960 Thess.
1448 2939 1474 2965 2,
1493 2937 1514 2960 4.
