2285 3398
307 166 344 193 74
955 168 1178 204 QUAESTIONES
1200 168 1280 195 ntsrl
1287 168 1399 195 ῘΤᾹΤᾸΕ

305 243 387 272 trium
410 251 589 279 personarum
611 244 723 280 propria
736 244 863 273 distincta
884 247 910 273 et
931 245 1145 274 incommunica-

306 291 367 318 bilia
381 291 407 317 ¹:
430 298 495 325 ergo
517 290 682 326 impossihile
702 294 743 319 est
764 299 866 328 ponere
887 292 1052 325 trinitatem,
1078 292 1145 328 quin

304 338 328 365 in
351 346 379 365 ea
405 340 521 373 ponatur
542 337 642 374 aliquis
662 346 787 367 recessus
801 347 817 367 a
835 347 943 368 summa
963 339 1144 375 simplicitate.

381 384 405 412 lt.
430 384 508 417 Itoni,
531 392 610 413 omne
638 385 795 414 absolutum
816 390 857 415 est
878 386 1028 422 simplicius
1054 393 1145 421 respe-

303 431 389 464 clivo,
411 431 490 467 quia,
514 434 543 459 ut
564 431 629 460 dicit
651 432 856 469 Augustinus2',
877 445 889 458 «
904 441 984 461 omne
999 432 1145 460 relativum

301 481 341 505 cst
362 477 480 514 aliquid,
502 481 618 514 excepto
639 486 671 507 eo
691 479 765 516 quod
780 480 893 507 relative
907 479 1008 507 dicitur
1023 489 1050 511 »;
1072 478 1145 507 unde

302 524 485 560 respectivum
498 524 612 553 includit
622 525 791 559 absolutum;
804 526 851 554 sed
862 534 915 554 non
926 528 1016 562 potest
1026 533 1085 554 esse
1096 525 1144 553 tri-

301 571 370 599 nitas
385 579 566 607 personarum
579 572 636 600 sine
648 573 804 609 pluralitate
816 576 1004 609 respectuum:
1016 580 1082 609 ergo
1093 575 1144 601 etc.

380 619 404 645 55.
428 618 509 651 ltem,
531 627 611 647 omne
632 619 764 648 deliniens
785 619 935 655 simplicius
956 622 997 647 est
1017 619 1144 653 definito;

302 665 348 693 sed
370 668 469 693 natura
490 666 561 693 cadit
582 666 608 693 in
631 666 736 695 ratione
758 666 930 703 personaess:
953 674 1018 703 ergo
1042 666 1153 703 simpli-7

301 712 358 739 rior
379 715 420 740 est
441 720 549 748 semper
571 716 670 741 natura
690 721 772 750 quain
795 720 929 749 persona:
949 721 1015 749 ergo
1029 721 1083 741 non
1097 721 1145 750 po-

302 761 354 786 test
375 758 444 786 ratio
466 759 667 795 personalitatis
696 763 768 788 stare
796 767 859 787 cum
888 768 996 788 summa
1017 760 1145 797 simplici-

301 809 363 833 tate.
391 806 440 834 Sed
471 806 577 834 trinitas
599 814 651 834 non
674 807 762 842 potest
789 814 848 835 esse
876 807 925 835 nisi
952 807 978 835 in
1001 807 1143 843 personis:

300 860 365 888 ergo
388 852 495 880 trinitas
518 855 652 889 repugnat
673 861 796 881 summae
817 853 992 890 simplicitati.
1132 888 1140 893 .

380 900 404 926 (ἰ.
429 899 509 933 ltcm,
532 907 596 935 pars
617 908 725 936 semper
753 900 902 936 simplicior
929 903 970 929 est
998 903 1072 935 tot0;
1099 900 1145 929 sed

302 945 430 974 trinitatis
451 954 516 982 pars
537 948 577 974 est
600 946 704 981 unitas,
727 949 753 975 et
774 947 858 975 trium
880 955 1062 984 personarum
1090 955 1146 976 una

301 1000 435 1028 persona.-
461 1001 526 1029 ergo
548 993 568 1021 si
593 993 700 1022 trinitas
721 994 796 1030 ponit
821 1002 914 1023 veram
943 994 1144 1031 pluralitatem,

300 1042 326 1067 ct
347 1047 409 1067 vera
433 1040 576 1076 pluralitas
598 1041 672 1077 ponit
701 1049 793 1069 veram
821 1041 997 1075 totalitatem,
1025 1044 1052 1070 et
1079 1049 1145 1070 vera

301 1086 419 1115 totalitas
446 1087 568 1115 excludit
596 1089 753 1116 summam‘¹
784 1089 1003 1125 simplicitatem:
1032 1097 1097 1126 ergo
1125 1097 1144 1116 a

299 1133 413 1169 primo,
443 1134 550 1162 trinitas
579 1143 631 1162 non
658 1138 746 1171 potest
771 1138 843 1163 stare
864 1144 926 1164 cum
949 1144 1056 1165 summa
1080 1137 1143 1164 sim-

302 1180 428 1216 plicitate.

380 1228 405 1254 7.
430 1228 509 1260 lteni,
532 1230 650 1263 punctus
665 1236 772 1264 semper
787 1232 827 1256 est
842 1228 989 1265 simplicior
1005 1230 1143 1264 continuo,

302 1281 367 1311 ergo
388 1277 414 1302 et
435 1274 525 1302 unitas
547 1282 678 1302 numero:
700 1282 766 1311 ergo
787 1275 934 1311 simplicior
956 1278 997 1304 est
1011 1284 1144 1312 personae

302 1320 392 1349 unitas
417 1328 499 1357 quam
528 1328 708 1357 personarum
737 1321 859 1355 trinitas;
882 1322 929 1350 sed
956 1322 1030 1359 quod
1062 1323 1144 1351 habet

304 1367 406 1404 aliquid
428 1367 578 1403 simplicius
599 1375 628 1395 se
649 1376 702 1395 non
724 1371 765 1396 est
786 1376 892 1397 summe
923 1368 1056 1405 simplex:
1078 1377 1144 1406 ergo

303 1414 468 1450 impossibile
488 1417 544 1447 est,
568 1408 715 1443 trinitatem
738 1415 854 1451 compati
881 1423 1016 1444 summam
1042 1415 1145 1452 simpli·

302 1460 418 1489 citatem.
685 1471 687 1474 ¹

378 1508 404 1535 8.
429 1507 509 1542 ltem,
531 1511 579 1536 aut
600 1516 718 1545 persona
738 1512 777 1536 est
804 1516 891 1545 aeque
918 1509 1051 1546 simplex,
1074 1509 1144 1539 sicut

302 1553 434 1587 essentia,
463 1558 510 1582 aut
540 1563 603 1582 non.
626 1555 651 1582 Si
673 1563 748 1583 iton.-
770 1563 836 1591 ergo
866 1558 914 1583 aut
944 1563 1062 1592 persona
1090 1564 1144 1584 non

302 1603 342 1629 cst
363 1600 390 1629 in
412 1601 525 1634 divinis,
547 1604 595 1629 aut
616 1601 740 1630 divinum
761 1610 819 1630 esse
838 1610 892 1630 non
914 1605 955 1631 est
975 1602 1143 1639 simplicissi-

302 1655 393 1681 mum;
410 1647 431 1676 si
446 1650 537 1676 autem
553 1656 640 1686 aeque
654 1648 789 1685 simplex,
810 1649 880 1677 sicut
895 1649 1023 1683 essentia3
1040 1649 1087 1678 sed
1101 1657 1143 1678 es-

301 1694 388 1722 sentia
408 1697 521 1731 propter
543 1702 679 1723 summam
694 1695 893 1731 simplicitatem
908 1704 961 1724 non
978 1696 1143 1732 compatitur

302 1741 396 1777 plures
417 1741 547 1770 essentias
577 1741 720 1770 divinas-⁵³:
743 1750 808 1779 ergo
837 1742 895 1779 pari
928 1742 1033 1771 ratione
1054 1750 1143 1779 neque

302 1796 425 1824 persona.

379 1835 404 1862 9.
430 1835 509 1868 ltem,
531 1838 579 1863 aut
600 1843 718 1871 persona
738 1835 812 1864 addit
833 1836 935 1872 aliquid
957 1844 1042 1873 supra
1063 1839 1143 1865 natu-

305 1889 363 1909 ram
385 1881 535 1909 secundum
566 1890 624 1909 esse
654 1885 678 1909 et
710 1881 896 1916 intellectum,
917 1886 965 1911 aut
990 1883 1143 1912 secundum

303 1926 471 1955 intellectum
492 1927 602 1961 solum,
624 1930 672 1956 aut
687 1928 837 1956 secundum
852 1932 997 1957 neutram.
1013 1929 1038 1958 Si
1054 1929 1143 1966 primo

305 1973 399 2002 niodo:
421 1982 486 2009 ergo
514 1974 585 2002 cadit
610 1975 694 2003 cums
717 1975 888 2011 simplicitate
914 1984 1033 2010 summa3
1059 1976 1080 2004 si
1102 1984 1143 2005 se-

303 2020 392 2048 cundo
414 2021 507 2048 modo:
529 2029 595 2058 ergo
626 2021 780 2049 intellectus
811 2030 897 2050 vanus
927 2025 954 2050 et
981 2022 1065 2051 falsus
1086 2026 1142 2057 est,

302 2066 345 2094 cui
368 2066 435 2094 nihil
457 2067 602 2104 respondet
623 2067 649 2095 in
672 2076 716 2101 re;
738 2068 759 2096 si
782 2068 862 2096 tertio
882 2069 976 2096 modo:
992 2077 1058 2106 ergo
1072 2069 1143 2097 sicut

304 2116 403 2141 natura
424 2122 476 2142 non
499 2114 688 2150 plurificatur,
710 2115 747 2143 ita
767 2123 817 2143 nec
838 2123 962 2151 persona.

384 2162 426 2188 10.
449 2161 529 2194 Item,
551 2165 598 2189 aut
619 2162 753 2199 quidquid
773 2162 899 2190 convenit
921 2170 1053 2199 personae
1078 2172 1143 2191 con—

302 2207 376 2235 venit
398 2210 527 2241 naturae,
549 2211 576 2236 et
596 2216 610 2236 e
632 2217 779 2242 converso,
800 2212 848 2237 aut
869 2218 934 2237 non.
957 2209 983 2237 Si
1004 2210 1062 2238 stc:
1078 2218 1143 2247 ergo

304 2262 367 2282 cum
389 2262 502 2291 persona
525 2254 725 2291 distinguatur,
745 2256 962 2293 distingueretur
983 2259 1009 2285 et
1031 2260 1142 2290 natura,

303 2304 330 2330 et
350 2301 388 2329 ita
408 2301 536 2329 non-erit
558 2301 593 2329 ibi
616 2310 722 2330 summe
743 2303 876 2339 simplex3
898 2303 918 2331 si
941 2312 1016 2337 now,-
1037 2303 1083 2332 sed
1104 2304 1143 2331 af-

307 2347 425 2376 firmatio
445 2350 472 2376 et
494 2348 600 2384 negatio
622 2357 673 2376 non
696 2352 760 2377 sunt
781 2357 861 2378 verae
881 2349 914 2378 de
936 2350 1030 2378 eodem
1051 2353 1077 2378 et
1101 2358 1143 2379 se-

1203 245 1324 273 cundum
1346 245 1456 273 idem7:
1478 254 1543 283 ergo
1565 248 1716 276 secundum
1737 249 1810 277 aliud
1825 253 1852 278 et
1866 251 1954 285 aliud;
1971 252 2043 288 quod

1202 294 1294 319 autem
1316 292 1398 320 habet
1420 293 1486 327 hoc,
1508 297 1549 322 est
1570 295 1767 331 compositum:
1789 304 1855 333 ergo
1876 300 1926 325 etc.

1284 339 1326 366 ll.
1350 339 1430 373 Item,
1452 344 1499 368 aut
1527 348 1583 368 una
1613 348 1731 377 persona
1760 342 1871 371 omnino
1891 343 1985 380 differt
2009 345 2043 373 al)

1202 385 1268 418 alia,
1290 388 1338 413 aut
1359 385 1475 414 omnim)
1496 387 1641 421 convenit,
1663 391 1711 416 aut
1728 389 1841 425 partim
1866 390 1994 418 convenit
2018 394 2044 418 et

1200 432 1311 468 partim.
1333 432 1436 470 differt.
1459 433 1484 461 Si
1507 434 1623 462 omnino
1638 435 1782 463 convenit:
1798 443 1864 473 ergo
1880 436 1948 464 nihil
1963 437 2043 465 habet

1202 479 1361 515 proprium,
1383 487 1448 516 ergo
1469 489 1523 508 non
1544 481 1738 518 ‹listinguitur3
1761 482 1782 511 si
1808 486 1900 512 autern
1928 483 2044 512 omnino

1201 524 1313 563 differt:
1335 534 1401 562 ergo
1422 526 1442 554 si
1465 535 1519 555 una
1541 531 1581 556 est
1602 528 1675 557 Deus
1684 524 1695 562 ,’
1712 529 1798 558 altera
1818 538 1872 558 non
1894 533 1934 558 est
1956 530 2042 564 Deus;

1202 572 1223 600 si
1242 573 1355 609 partim
1376 574 1506 601 convenit
1526 578 1552 602 et
1570 575 1683 611 partim
1704 574 1816 613 differt:
1838 584 1901 604 cum
1923 577 1975 605 hoc
1990 583 2043 605 non

1202 619 1236 646 sit
1258 619 1411 647 secundum
1434 619 1520 654 idem,
1542 621 1595 649 erit
1616 622 1796 658 compositum
1809 622 1828 650 Β.

1284 667 1326 694 1⁹2.
1350 667 1431 700 Item,
1453 674 1516 695 cum
1548 676 1603 696 una
1633 676 1751 704 persona
1779 669 1962 698 communicat
1983 670 2043 704 alii,

1201 715 1249 740 aut
1270 713 1455 741 communicat
1476 714 1499 742 ei
1514 715 1656 753 quidquid
1671 714 1768 749 habet,
1784 719 1831 743 aut
1845 724 1910 744 non.
1927 716 1953 744 Si
1969 724 2043 744 non:

1202 767 1268 796 ergo
1299 759 1402 796 aliquid
1430 760 1471 788 sui
1501 760 1547 789 dat
1577 765 1604 790 et
1631 762 1735 799 aliquid
1763 762 1875 796 retinet,
1906 771 1972 800 ergo
2002 766 2043 791 est

1202 806 1351 842 composita
1371 809 1400 835 et
1417 815 1508 835 avara.
1538 808 1562 836 Si
1595 809 1737 846 quidquid
1768 808 1866 838 habet:
1888 818 1953 847 ergo
1974 810 2046 838 sicut

1201 853 1385 881 communicat
1406 853 1429 882 ei
1452 861 1529 882 suam
1550 855 1745 891 quidditatem,
1767 855 1804 884 ita
1825 858 1852 884 et
1866 857 2044 892 personalita-

1203 902 1264 927 tem.
1288 916 1324 920 -
1347 900 1380 928 Si
1399 900 1497 934 dicas,
1520 901 1593 937 quod
1623 902 1802 938 personalitas
1830 911 1884 931 non
1905 906 1946 932 est
1971 911 2045 931 com-

1201 946 1388 979 municahilis;
1411 950 1514 975 contra
1535 951 1590 977 est:
1612 949 1678 986 quia
1698 949 1736 977 ita
1756 951 1798 978 est
1819 949 1952 986 simplex,
1974 950 2045 978 sicut

1201 996 1315 1028 natura,
1338 997 1368 1022 ut
1388 994 1471 1023 dicis:
1493 1003 1558 1032 ergo
1583 996 1654 1024 siout
1684 999 1784 1025 natura
1809 997 2044 1025 communicabilis

1201 1043 1257 1074 est,
1279 1041 1316 1069 ita
1338 1041 1462 1075 videtur,
1484 1042 1558 1079 quod
1578 1050 1696 1079 persona
1706 1044 1726 1071 ⁹.

1282 1088 1325 1116 13.
1349 1089 1428 1123 item,
1450 1089 1604 1126 proprietas
1628 1097 1761 1126 personae
1783 1093 1831 1119 aut
1852 1094 1893 1119 est
1914 1091 2043 1129 aliquid,

1200 1139 1248 1164 aut
1268 1135 1349 1164 m'ltz'l.
1379 1136 1404 1164 Si
1426 1135 1516 1164 nihil.-
1538 1144 1604 1174 ergo
1634 1137 1702 1165 nihil
1730 1137 1808 1171 facit,
1830 1145 1897 1174 ergo
1928 1146 1981 1166 non
2002 1138 2043 1166 di-

1200 1182 1314 1219 stinguit
1345 1183 1428 1217 illud,
1451 1183 1477 1211 in
1509 1191 1565 1221 quo
1586 1187 1641 1218 est;
1664 1184 1686 1212 si
1712 1183 1840 1222 aliquid,
1863 1187 1910 1213 aut
1940 1188 1981 1212 est
2011 1185 2043 1213 in

1200 1229 1334 1263 essentia,
1350 1233 1397 1258 aut
1414 1239 1478 1258 non.
1501 1231 1526 1259 Si
1548 1235 1589 1259 est
1610 1231 1640 1259 z'n
1661 1231 1783 1259 essentia
1790 1241 1800 1264 ;
1822 1231 1868 1260 sed
1889 1231 2044 1268 proprietas

1200 1276 1342 1312 distinguit
1363 1277 1446 1311 illud,
1468 1278 1495 1305 in
1517 1286 1573 1315 quo
1593 1281 1649 1306 est:
1671 1285 1737 1315 ergo
1758 1281 1858 1306 natura
1879 1280 1905 1306 et
1926 1278 2044 1306 essentia

1201 1326 1400 1357 numerantur;
1422 1324 1495 1360 quod
1516 1328 1557 1353 est
1578 1327 1673 1353 eontra
1694 1324 1852 1353 trinitatem.
1875 1325 1901 1353 Si
1922 1333 1981 1352 non
2004 1327 2044 1352 est

1201 1368 1232 1396 in
1253 1370 1387 1403 essentia,
1410 1371 1456 1398 sed
1478 1371 1504 1399 in
1526 1379 1658 1407 persona:
1680 1379 1746 1408 ergo
1766 1371 1869 1408 aliquid
1891 1371 2044 1400 secundum

1201 1423 1259 1443 rem
1281 1418 1321 1444 est
1342 1416 1368 1444 in
1390 1424 1522 1453 persona,
1545 1418 1618 1454 quod
1639 1426 1693 1446 non
1714 1421 1755 1447 est
1776 1418 1803 1446 in
1825 1418 1957 1447 essentia:
1979 1425 2044 1454 ergo

1201 1470 1311 1491 necesse
1332 1465 1388 1496 est,
1410 1463 1483 1499 quod
1509 1456 1663 1500 proprietas
1683 1464 1763 1493 faciat
1795 1473 1938 1502 personam
1971 1472 2044 1493 com-

1202 1509 1325 1545 positam.

1284 1557 1326 1584 14.
1352 1557 1430 1590 ltem,
1454 1557 1607 1593 proprietas
1638 1565 1771 1593 personae
1802 1561 1843 1586 est
1864 1558 1975 1591 relatio;
1997 1560 2045 1585 aut

1201 1611 1267 1639 ergo
1288 1603 1395 1631 transit
1411 1603 1437 1631 in
1453 1603 1650 1637 substantiam,
1673 1603 1744 1632 sicut
1758 1604 1810 1632 aliav
1831 1612 1932 1641 genera
1944 1604 1975 1638 ¹⁰,
1997 1607 2045 1632 aut

1200 1658 1259 1677 non
1280 1650 1394 1678 trimisia.
1424 1650 1449 1678 Si
1472 1651 1596 1678 transit:
1618 1657 1684 1687 ergo
1715 1650 1786 1679 sicut
1817 1651 1969 1679 substantia
1990 1659 2044 1680 non

1200 1696 1379 1733 distinguitur
1402 1704 1451 1725 nec
1472 1697 1630 1734 distinguit,
1652 1697 1689 1726 ita
1716 1705 1766 1726 nee
1787 1698 1956 1734 proprietas:
1978 1705 2044 1735 ergo

1201 1751 1255 1771 non
1275 1746 1316 1771 est
1338 1743 1453 1772 trinitas.
1477 1743 1501 1771 δί
1524 1752 1582 1772 ozon
1603 1744 1726 1772 tramit:
1749 1752 1815 1781 ergo
1840 1744 1943 1781 aliquid
1970 1745 2044 1773 ultra

1201 1789 1381 1817 substantiam
1403 1790 1484 1824 dicit,
1506 1798 1571 1827 ergo
1593 1790 1720 1819 diminuit
1741 1791 1774 1819 de
1795 1791 1899 1819 ratione
1915 1790 2044 1827 simplici—

1201 1835 1277 1864 tatis:
1301 1836 1322 1864 si
1338 1844 1404 1873 ergo
1418 1845 1472 1864 non
1488 1840 1577 1873 potest
1591 1845 1650 1866 esse
1664 1837 1723 1866 sine
1737 1837 1964 1874 proprietatibus,
1979 1845 2044 1873 ergo

1200 1882 1367 1919 impossihile
1388 1886 1444 1917 est,
1468 1884 1542 1920 quod
1563 1887 1615 1912 stet
1642 1892 1705 1912 cum
1731 1891 1839 1912 summa
1864 1883 2043 1920 simplicitate.

1281 1931 1323 1958 155.
1349 1930 1429 1963 ltem,
1453 1933 1587 1967 punctus,
1609 1931 1680 1959 sicut
1701 1930 1758 1959 suis
1791 1930 1970 1958 relationibus
1990 1938 2044 1958 non

1200 1977 1391 2013 coinponitur,
1413 1977 1450 2005 ita
1471 1985 1520 2005 nec
1536 1977 1645 2005 realiter
1660 1979 1839 2005 numeratur:
1855 1976 1875 2004 si
1892 1984 1957 2013 ergo
1972 1976 2044 2004 Deus

1200 2026 1301 2060 puncto
1322 2027 1363 2051 est
1384 2023 1549 2060 simplicior,
1570 2031 1636 2060 ergo
1667 2023 1742 2051 nullo
1772 2023 1852 2051 modo
1879 2026 1920 2051 est
1952 2023 1978 2051 in
2011 2030 2044 2051 eo

1199 2070 1289 2106 aliqua
1313 2070 1394 2098 realis
1415 2070 1560 2098 distinctio.

1281 2118 1323 2144 16.
1348 2117 1425 2150 ltem,
1441 2117 1519 2153 prius
1533 2120 1574 2145 est
1588 2117 1745 2145 ahsolutum
1761 2116 1913 2152 respectivo
1926 2117 1963 2143 ¹¹:
1978 2124 2044 2152 ergo

1200 2163 1338 2191 distinctio
1352 2163 1503 2192 secundum
1520 2163 1714 2200 proprietatem
1732 2163 1894 2191 absolutam
1915 2172 1947 2191 ea
1968 2163 2043 2199 prior

1199 2213 1258 2244 est,
1280 2218 1351 2247 quae
1382 2214 1423 2239 est
1454 2210 1606 2238 secundum
1637 2210 1845 2247 respectivam;
1873 2210 1919 2238 sed
1940 2212 2043 2246 quanto

1199 2257 1301 2294 aliquid
1323 2257 1415 2293 prius,
1438 2260 1513 2285 tanto
1534 2257 1698 2294 simplicius:
1714 2257 1735 2285 si
1757 2264 1822 2294 ergo
1843 2256 1980 2285 distinctio
2001 2263 2043 2284 se-

1201 2304 1320 2332 cuudum
1343 2304 1482 2332 absolutas
1503 2312 1556 2332 non
1578 2307 1631 2332 stat
1651 2312 1713 2332 cum
1730 2311 1837 2332 summa
1854 2303 2042 2339 simplicitate,

1201 2349 1266 2387 ergo
1287 2358 1336 2378 nee
1357 2350 1495 2379 distinctio
1516 2351 1667 2379 seeundum
1688 2350 1861 2386 respectivas.

367 2515 373 2528 ¹
393 2517 449 2539 Vide
466 2524 535 2545 supra
553 2523 607 2545 pag.
624 2517 665 2543 655,
683 2520 734 2539 nola
754 2519 775 2539 3.
792 2522 813 2539 et
829 2525 883 2546 pag.
900 2519 941 2546 67,
959 2524 1012 2541 notu
1030 2520 1051 2542 11.

326 2562 328 2566 ’
365 2554 374 2567 ²
392 2556 453 2578 Libr.
472 2557 515 2578 Vll.
533 2557 562 2578 de
580 2556 644 2578 Trin.
661 2562 681 2578 c.
699 2557 720 2579 1.
737 2563 761 2578 n.
777 2558 803 2578 2:
819 2557 898 2579 Omnis
915 2559 1024 2586 essenUa,
1041 2565 1101 2587 quae
1112 2565 1144 2581 re·

304 2595 371 2616 lative
388 2595 482 2622 dicitur,
497 2598 531 2617 est
547 2596 615 2617 etiam
633 2595 731 2624 aliquid,
749 2598 844 2623 excepto
860 2597 962 2619 relativo.
972 2609 1004 2614 —
1015 2597 1117 2625 Aristot„
1129 2598 1144 2620 1.

305 2633 375 2655 Ethic:
392 2640 412 2656 c.
429 2635 454 2656 6:
472 2635 539 2663 Quod
556 2641 612 2657 vero
627 2641 670 2664 per
687 2640 711 2657 se
728 2637 762 2657 est
778 2637 803 2656 et⁴
811 2634 936 2657 substantia
949 2636 1012 2663 prins
1024 2642 1051 2658 eo
1063 2639 1143 2659 natura

303 2675 348 2699 est,
368 2673 430 2700 quod
448 2676 482 2695 ost
498 2673 529 2696 ad
544 2673 636 2704 aliquid
653 2673 677 2703 [i.
694 2680 714 2696 e.
731 2673 874 2703 relativum];
892 2680 940 2697 esse
961 2675 1022 2697 enim
1044 2676 1087 2698 hoc
1104 2682 1144 2703 ap-

305 2711 388 2738 pendix
405 2712 519 2739 quaedam
537 2713 628 2734 videtur
643 2715 712 2741 atque
728 2713 834 2735 accidens
851 2713 899 2735 eius
916 2713 979 2742 quod
997 2716 1038 2736 est.

366 2746 375 2760 ⁸
393 2749 451 2771 Vide
476 2756 545 2778 supra
570 2757 625 2779 pag.
642 2751 682 2777 65,
703 2754 756 2773 nota
782 2752 804 2773 3.
821 2751 977 2773 definitionem
994 2758 1106 2779 personae
1131 2759 1143 2774 a

305 2787 398 2809 Boethio
416 2788 500 2810 datam.

366 2824 376 2837 ⁴
394 2826 413 2847 G
429 2832 510 2849 veram
527 2829 548 2849 at
563 2833 691 2851 summam.

367 2863 376 2876 ⁶
394 2865 421 2886 Ut
438 2862 554 2887 ostensum
572 2869 605 2888 est
621 2873 689 2894 supra
707 2874 730 2896 q.
747 2869 768 2889 ⁶2.
786 2874 806 2889 a.
824 2868 844 2890 4.
856 2880 886 2884 -
899 2868 922 2889 ln
933 2868 978 2890 sine
990 2874 1039 2895 arg.
1057 2868 1074 2889 G
1091 2875 1143 2896 sup-

305 2904 351 2931 plet
363 2903 446 2933 plures
460 2910 583 2933 personas.

367 2940 376 2954 ⁰
394 2942 490 2964 Videtur
506 2948 556 2964 esse
574 2943 757 2967 substituendum
774 2952 789 2967 a.
807 2952 848 2973 pro
865 2952 931 2973 cum,
950 2947 966 2968 E
982 2945 1014 2968 in.

1264 2518 1271 2530 ⁷
1291 2520 1393 2546 Aristeu,
1412 2521 1434 2541 ll.
1452 2520 1543 2541 Elencn.
1561 2525 1581 2541 c.
1598 2519 1620 2541 5.
1637 2518 1668 2547 (c.
1685 2519 1744 2547 25.):

1202 2558 1273 2586 posita
1297 2561 1319 2580 et
1343 2559 1518 2580 affirmatiOnein
1536 2561 1558 2580 et
1574 2558 1721 2585 negationem
1738 2557 1869 2584 simpliciter
1890 2556 1984 2584 quidem
2001 2556 2044 2578 im-

1201 2597 1310 2626 possibile
1327 2598 1402 2619 inesse
1419 2598 1503 2619 cidem.
1519 2597 1565 2620 Csr.
1582 2597 1597 2619 I.
1614 2597 1686 2619 Prior.
1702 2602 1723 2628 C..=
1740 2596 1777 2618 42.
1794 2595 1822 2624 (c.
1841 2595 1886 2623 40.)
1912 2598 1933 2617 et
1950 2595 1987 2616 lv.
1998 2595 2044 2617 Me-

1202 2637 1264 2664 [apli.
1282 2638 1334 2658 text.
1354 2636 1388 2658 15.
1405 2642 1470 2664 seqq.
1489 2636 1531 2664 (ΙΙΙ.
1548 2642 1568 2658 c.
1586 2635 1626 2664 4.).

1261 2673 1270 2686 ⁸
1291 2676 1332 2696 Pro
1350 2674 1394 2697 erit
1412 2674 1439 2704 [A
1451 2675 1467 2696 B
1484 2674 1563 2703 erunt]
1576 2673 1731 2703 compositum
1747 2673 1765 2695 G
1781 2672 1827 2695 erit
1842 2672 1984 2701 compositio.

1262 2712 1271 2725 ⁵¹
1288 2714 1304 2735 B
1322 2713 1353 2736 ita
1371 2714 1441 2736 etium
1458 2713 1561 2741 videtur,
1583 2713 1645 2743 qnod
1658 2711 1824 2742 personalitas.

1263 2751 1281 2764 ¹⁰
1300 2753 1351 2774 scil.
1369 2753 1608 2780 praedicamentorum
1626 2758 1648 2774 v.
1661 2758 1683 2779 g.
1695 2751 1821 2780 quantitaS,
1833 2750 1929 2779 qualitas
1942 2752 1986 2772 etc.
1997 2749 2044 2773 Csr.

1203 2792 1310 2819 August„
1330 2792 1357 2813 V.
1375 2792 1403 2813 de
1422 2791 1486 2813 Trin.
1503 2798 1523 2813 c.
1541 2792 1562 2813 8.
1579 2797 1602 2813 n.
1614 2792 1635 2813 9.
1647 2797 1724 2819 seqq„
1736 2792 1757 2812 et
1768 2790 1860 2816 noem„
1872 2790 1901 2811 de
1914 2789 1977 2812 Trin.
1989 2795 2009 2812 c.
2022 2789 2043 2812 4.

1198 2837 1264 2859 seqq.

1262 2868 1279 2880 ¹¹
1298 2869 1344 2890 (Ἰν.
1364 2875 1434 2896 supra
1453 2872 1505 2891 nota
1523 2870 1544 2891 2.
1561 2872 1583 2891 et
1600 2874 1653 2896 pag.
1671 2868 1712 2895 46,
1729 2870 1781 2889 nota
1803 2868 1825 2888 a.
1844 2879 1875 2883 —
1895 2867 1926 2889 De
1948 2873 2043 2895 propos,

1201 2909 1289 2938 quanto
1310 2906 1401 2936 aliquid
1415 2908 1497 2937 prins,
1516 2909 1580 2930 tanto
1604 2906 1746 2936 simplicz'us,
1766 2907 1807 2927 csr.
1825 2906 1927 2933 Ariston,
1946 2906 1983 2928 Xl.
2000 2906 2043 2928 Me-

1200 2947 1262 2974 taph.
1279 2952 1299 2967 c.
1320 2946 1338 2967 l.
1356 2945 1395 2973 (X.
1412 2953 1431 2968 c.
1453 2946 1489 2974 1.).

1761 2518 1816 2540 Nan»
1834 2518 1945 2539 contraria
1964 2521 1986 2539 et
2005 2523 2044 2545 op-
