2285 3398
810 206 841 234 ΙΝ
863 198 1080 234 ΗΕΧΛΕΜΕΗΟΝ
1101 204 1261 233 COLLATIO
1283 206 1335 234 XX.

208 283 337 312 mendum
359 284 409 312 nisi
432 292 480 320 per
501 284 625 313 accidens
646 288 672 312 01
694 284 797 313 ratione
818 284 934 312 alicuius
954 283 1043 320 dispo-

207 329 318 359 sitionis.
341 330 379 359 De
403 331 453 359 boc
474 331 563 359 calore
586 331 771 359 inilanuuante
803 330 1043 359 Ecclesiasticus¹z

207 376 255 405 Sol
269 377 299 406 iu
314 382 431 415 aspectu
453 378 635 407 attitulatam
650 378 681 405 in
695 378 789 411 emita,
806 386 857 405 vas
871 376 1045 406 admirabile

206 433 278 462 opus
300 425 418 453 Excelsi.
444 425 477 453 ln
503 425 667 453 meridiano
691 424 787 453 exurit
816 428 939 458 terram,
965 427 989 451 ct
1014 424 1045 452 ‘in

205 475 355 509 conspectu
376 471 495 500 ardoris
513 472 576 499 eius
596 471 661 509 quis·
673 471 778 508 poterit
798 471 960 500 sustinere?
982 470 1044 499 Tri-

202 519 316 556 plicz'ter
330 519 372 547 sol
386 527 510 547 exurens
524 522 645 551 montes,
663 519 762 547 radios
774 519 870 555 iqneos
884 518 1045 556 coesufflaus

204 570 229 593 et
250 566 396 603 refulgens
420 565 516 594 radiis
543 565 606 593 suis
634 570 767 594 (occaecat
794 566 898 594 oculos.
921 582 957 587 -—
980 566 1044 594 Vult

204 613 310 646 dicere,
331 613 404 650 quod
426 612 535 649 quando
551 612 594 641 ille
616 613 655 641 sol
670 613 815 649 aspicitur,
837 613 909 650 quod
932 613 988 650 ipse
1003 613 1042 641 sol

204 659 242 687 sic
263 660 407 688 annuntiat
428 667 498 696 quae
519 662 583 688 sunt
604 659 676 696 apud
698 668 726 687 sc
747 663 773 688 ct
795 660 821 688 in
843 668 885 694 se,
906 663 933 688 et
953 660 1042 688 oritur

193 713 287 742 'super
310 707 541 743 hemisphaerium
569 707 666 735 mentis
695 711 818 741 nostrae,
840 705 913 744 quod
935 707 965 735 in
986 716 1042 736 mc-

204 753 323 782 ridicmo
345 754 457 788 esurit,
480 757 504 782 ct
525 754 555 782 iu
577 758 727 791 conspectu
755 755 875 783 ardoris
902 754 965 783 cius
984 763 1043 784 non

76 805 138 832 50105
147 805 161 838 ἦ
173 806 191 824 iu
201 801 306 837 poterit
327 801 434 839 aliquis
451 801 600 829 sustinere.
621 818 656 822 —
673 802 781 831 Animae
796 802 868 830 enim
884 810 936 830 000
951 802 1043 830 suble-

95 834 168 847 ΝΜ
205 850 281 875 vatae
296 851 359 876 sunt
379 848 456 884 quasi
472 847 498 876 in
514 846 620 880 hiemsa-
639 848 685 876 sed
704 856 775 885 quac
790 851 854 877 sunt
869 849 989 877 elevatae
1010 848 1043 877 ad

204 894 368 923 mediocrem
390 894 645 932 contemplationem
670 898 734 923 sunt
752 896 829 932 quasi
846 896 871 924 in
894 905 975 929 vere,·
996 896 1043 924 sed

203 950 273 978 quae
294 942 414 970 elevatae
435 944 499 970 sunt
519 941 553 969 ad
574 949 706 970 excessus
727 942 869 971 ecstaticos
889 946 954 971 sunt
972 943 1044 973 sicut

204 988 229 1016 in
250 992 357 1017 aestate
377 991 405 1017 et
432 989 587 1025 percipiunt
615 989 721 1018 fructus
749 989 950 1023 autumnales,
978 991 1043 1027 quia

202 1036 355 1072 quiescunt.
379 1037 455 1065 Tunc
476 1037 548 1065 enim
571 1036 596 1064 10
619 1040 761 1065 autumno
781 1036 914 1073 colligunt
935 1037 1042 1065 fructus

201 1087 228 1111 et
242 1083 345 1111 faciunt
366 1086 392 1111 et
407 1083 545 1112 celebrant
566 1083 751 1112 solemnitates
766 1083 791 1111 in
810 1086 944 1111 autumno
956 1084 974 1111 2.
991 1084 1042 1112 Sed

202 1131 248 1159 ubi
270 1130 365 1159 exurit
396 1131 422 1159 in
443 1130 580 1159 meridie?
602 1131 716 1167 Quando
738 1131 763 1159 in
787 1130 908 1158 maxima
939 1125 1042 1159 virtute

202 1181 258 1211 est,
281 1178 332 1206 1100
352 1181 393 1206 est
414 1178 441 1206 10
463 1177 545 1206 caele.
966 1187 968 1189 ·

283 1226 325 1252 lo.
348 1225 417 1253 Haec
431 1224 503 1253 enim
517 1227 558 1253 est
575 1224 694 1261 perfecta
708 1224 915 1261 contemplati0;
937 1228 964 1253 01
982 1224 1042 1253 illas

70 1275 188 1302 ‚Contempla-
202 1271 428 1300 inflammationes
448 1274 475 1300 et
502 1271 630 1305 ardores,
656 1280 726 1308 quos
753 1270 853 1299 emittit
880 1271 925 1299 ille
953 1271 992 1300 sol
1014 1271 1040 1299 10

60 1301 187 1364 &statilia
199 1318 304 1346 animas
324 1318 397 1352 illas,
418 1327 489 1355 quae
510 1319 612 1347 habent
632 1326 763 1347 excessus
779 1318 922 1352 mentales,
947 1319 1041 1347 nullus

60 1351 186 1369 pergmm*
200 1362 289 1401 potest
309 1365 458 1402 explicare.
481 1365 505 1393 Si
528 1366 599 1394 enim
622 1365 771 1394 secundum
794 1365 974 1401 Apostolum-‘³
994 1374 1041 1402 ye-

200 1411 288 1439 micus
309 1415 374 1440 sunt
395 1411 620 1446 inenarrabile-5,
642 1411 744 1448 quibus
761 1411 890 1448 postulat
913 1420 970 1449 pro
990 1421 1041 1440 no-

199 1457 242 1486 bis
263 1458 405 1496 Spiritus,
436 1459 501 1496 quid
534 1462 598 1487 sunt
619 1462 775 1487 excessus?
805 1459 871 1496 quid
902 1459 1041 1488 ardores?

198 1504 285 1544 Unde:
309 1506 380 1541 Quis
400 1514 434 1534 esc
455 1505 533 1534 vobis
551 1506 658 1543 poterit
677 1504 810 1535 habitare
835 1515 902 1535 cum
923 1507 1040 1535 ardori-

198 1550 251 1580 bus
261 1552 461 1589 sempiternis?
473 1569 509 1574 —
522 1553 552 1581 Et
564 1561 629 1582 vere
639 1553 683 1581 sol
692 1554 790 1582 exurit
801 1553 963 1591 tripliciter,
975 1554 1041 1591 quia

197 1598 237 1626 sol
257 1602 387 1628 aeternus
407 1602 511 1629 terram
526 1600 599 1629 illam
614 1599 829 1630 hierarchicam
844 1605 870 1630 et
892 1601 971 1629 istam
987 1601 1040 1629 ltu-

197 1654 317 1674 1000001
344 1647 458 1676 irradiat
485 1650 511 1676 et
539 1647 691 1676 inflammat
721 1648 819 1685 triplici
850 1648 891 1676 vel
921 1648 1039 1677 triformi

195 1700 289 1722 amore
309 1696 337 1722 et
351 1701 464 1723 sursum
486 1694 541 1731 agit
556 1695 582 1722 in
604 1695 691 1723 Deum
707 1697 870 1732 utramque:
893 1695 974 1723 illam
990 1703 1039 1732 per
1057 1731 1061 1734 ι

196 1740 358 1775 tentionem,
379 1741 517 1770 visionem
540 1745 566 1770 et
587 1740 773 1778 (im’tz‘onenu
794 1741 870 1770 lianc
890 1750 939 1778 per
960 1742 1038 1770 cari-

196 1790 281 1816 tatem
302 1787 335 1816 de
356 1788 441 1816 corde
470 1797 562 1824 puro,
585 1788 759 1816 conscientia
788 1788 876 1823 bona,
898 1789 954 1826 fide
980 1798 1039 1817 riou

194 1833 263 1870 ficta
273 1834 300 1867 ⁴,·
322 1834 519 1869 hierarchiam,
539 1834 612 1868 dico,
627 1834 771 1863 caelestem
785 1835 937 1864 secundum
953 1836 1039 1864 trinas

196 1880 366 1909 hierarchias
387 1880 555 1911 collocatam.

276 1929 319 1956 11.
342 1928 393 1957 Sed
421 1928 487 1965 quid
508 1930 564 1962 est,
593 1928 666 1965 quod
687 1928 738 1957 iste
766 1928 860 1958 radius
888 1933 1038 1965 excaecat,

63 1980 153 2008 amman
166 1984 183 2000 ei
196 1983 260 2003 cum
282 1975 373 2012 potius
394 1975 507 2004 deberet
528 1975 720 2003 illuminare?
741 1975 792 2004 Sed
813 1976 865 2005 ista
882 1977 1039 2006 excaecatio

74 2004 174 2023 ¹¹¹⁰m¹¹¹³²'
195 2025 236 2050 est
257 2030 366 2050 summa
380 2022 556 2056 illuminatio,
577 2022 643 2058 quia
656 2025 697 2050 est
716 2022 742 2051 in
758 2022 925 2052 sublimitate
939 2024 1038 2053 mentis

196 2069 269 2097 ultra
289 2069 403 2097 humani
432 2069 587 2097 intellectus
608 2069 851 2106 investigationem.
874 2070 910 2098 1111
932 2071 1038 2099 1010110-

195 2118 256 2143 ctus
277 2115 399 2152 caliqat,
421 2116 486 2152 quia
507 2123 558 2143 non
582 2118 670 2151 potest
684 2115 861 2152 investigare,
883 2117 948 2153 quia
962 2120 1036 2146 tran-

195 2162 297 2190 scendit
319 2170 428 2190 omnem
443 2162 590 2198 potentiam
614 2162 838 2199 investigativam.
861 2163 905 2191 Est
919 2171 984 2200 ergo
999 2164 1035 2193 ibi

195 2209 280 2245 caligo
308 2209 516 2242 inaccessibilis,
538 2217 608 2245 quae
633 2212 723 2237 tamen
751 2209 887 2238 illuminat
913 2214 1034 2246 mentes,

194 2264 265 2293 quae
279 2255 459 2293 perdiderunt
474 2255 694 2292 investigationes
714 2256 845 2285 curiosas.
869 2257 901 2285 Et
920 2258 972 2287 hoc
994 2262 1035 2288 est

194 2303 267 2340 quod
288 2302 360 2331 dixit
380 2302 547 2336 Dominus⁵,
569 2310 598 2331 se
619 2302 743 2332 habitare
764 2303 795 2332 in
815 2303 920 2333 nebula
928 2315 938 2339 ,·
958 2308 986 2334 et
1007 2306 1033 2335 in

196 2350 314 2379 Psalmo:
337 2349 439 2378 Posuit
461 2349 591 2378 tenebras
612 2349 765 2379 latibulum
786 2359 882 2380 suum.

277 2399 317 2426 12.
340 2398 408 2426 Haec
422 2400 463 2426 est
481 2405 546 2434 ergo
561 2397 740 2426 consideratio
756 2395 895 2428 luculenta
910 2400 1034 2430 caelestis

62 2450 183 2478 amingus-et
196 2444 375 2473 hierarchiae.
391 2444 504 2480 Propter
520 2444 586 2472 haec
601 2452 666 2481 ergo
682 2444 734 2473 tria
746 2444 847 2474 dicitur
862 2446 912 2474 sot.
929 2446 967 2475 De
982 2447 1034 2478 hoc

55 2474 179 2493 emmam
195 2494 283 2528 potest
303 2491 388 2527 accipi
409 2490 483 2528 quod
504 2491 635 2519 scribitur
655 2491 745 2528 primo
769 2493 994 2523 Machabaeorum
1008 2494 1032 2523 ⁶:

257 2654 264 2668 ¹
281 2655 336 2684 Cap.
354 2656 395 2684 43,
413 2655 458 2678 2-4.
475 2656 532 2678 Voci
551 2656 683 2686 Tripliciter
694 2658 790 2687 Vulgata
803 2660 927 2688 praemittit
943 2661 1033 2685 Forna-

194 2701 242 2718 cem
259 2694 391 2718 custodiens
407 2694 432 2717 in
452 2694 560 2724 operibus
582 2695 685 2719 ardoris.-
706 2697 738 2720 De
759 2698 805 2720 sole
828 2699 958 2722 vivificante
979 2701 1033 2723 vide

195 2741 247 2763 pag.
265 2735 320 2763 426,
337 2737 389 2757 nota
410 2735 429 2757 1.
447 2735 469 2757 10
486 2735 538 2757 1100.

256 2772 264 2786 ²
282 2774 326 2797 Csr.
343 2773 412 2796 Exod.
430 2774 471 2802 23,
490 2774 530 2803 16,
543 2774 583 2796 ubi
594 2775 623 2802 de
634 2778 756 2804 praecepto
768 2776 917 2800 celebrandae
928 2779 1033 2801 solemni-

194 2815 244 2837 tatis
260 2815 282 2836 in
299 2814 359 2837 exitu
383 2815 448 2842 anni,
470 2815 563 2843 quando
579 2818 731 2844 congregatae
746 2817 837 2839 fuerunt
852 2824 933 2841 omnffi
954 2819 1033 2847 fruges

193 2854 222 2876 de
238 2860 303 2876 affro.

253 2870 266 2904 ξ
281 2893 347 2915 Rom.
365 2893 391 2921 8,
409 2893 453 2914 26:
470 2893 520 2920 lpse
537 2893 635 2921 Spiritus
651 2894 749 2922 postulat
764 2901 807 2923 pro
823 2895 890 2918 nobis
907 2896 1032 2924 gemitibus

194 2931 389 2956 inenarrabilibus.
405 2944 436 2948 —
454 2933 505 2961 Seq.
522 2932 585 2955 locus
600 2935 634 2955 est
651 2934 700 2956 lsai.
716 2934 758 2963 33,
777 2934 814 2958 14.

255 2971 264 2984 ¹
281 2972 350 2999 Epist.
367 2972 382 2994 1.
399 2972 458 2993 Tim.
477 2972 502 2999 i,
519 2972 541 2994 5.
557 2984 588 2988 —
604 2972 672 2995 Paulo
689 2976 740 2996 ante
756 2975 900 3003 assignantur
911 2979 957 2999 tres
968 2976 1031 3000 dotes

193 3012 326 3039 Beatorum,
352 3010 381 3033 de
405 3009 491 3039 quibus
512 3011 552 3033 csr.
569 3011 681 3041 Breviloq.
698 3019 720 3040 p.
737 3013 782 3036 Vll.
799 3020 819 3036 c.
835 3014 858 3037 7.
874 3017 896 3037 et
912 3016 948 3038 lv.
971 3017 1032 3038 Sent.

1881 211 1936 239 497

1102 282 1222 319 [insuit-it
1243 284 1286 311 sol
1307 284 1337 312 iri
1366 285 1477 323 clypco-s·
1502 294 1621 320 aureos,
1649 291 1673 315 ct
1701 289 1937 325 resptemluerunt

1100 333 1207 358 montes
1234 331 1270 359 ab
1297 332 1337 359 cis
1359 332 1434 360 sicut
1461 333 1609 370 lampades
1637 334 1721 371 iouis.
1750 335 1849 373 Clypei
1874 341 1938 364 sunt

1101 377 1220 405 rationes
1233 381 1360 407 aeternae
1376 379 1653 415 praedestinatiomim
1665 384 1853 417 aeternarum,
1868 392 1939 420 quae

1101 423 1202 452 habent
1224 425 1355 453 rationem
1384 429 1540 455 armaturae
1561 430 1588 455 et
1610 428 1741 456 rationem
1765 429 1878 466 fulgoris
1900 430 1939 458 in-

1100 471 1295 507 corruptibilis.
1319 472 1368 500 Set
1381 476 1527 507 aeternus,
1547 474 1649 502 scilicet
1669 475 1801 512 sapientia
1814 479 1939 511 aeterua,

1100 517 1222 555 relulyct
1242 519 1273 546 iu
1295 519 1421 556 clypeos,
1444 520 1553 556 0001010
1575 521 1705 551 sublimat
1727 523 1800 551 Deus
1820 527 1938 552 mentem

1100 566 1337 602 contemplativam
1362 566 1394 594 ad
1421 567 1627 605 percipiendum
1657 570 1790 605 fulgorem
1819 571 1941 599 veritatis

1099 615 1226 641 aeternae
1240 615 1267 641 et
1280 613 1390 650 illarum
1411 614 1561 647 rationum;
1584 618 1610 643 et
1624 620 1732 644 montes
1747 617 1940 654 resplendent,

1099 659 1164 696 quia
1185 660 1224 687 sol
1246 659 1290 688 ille
1312 657 1360 696 [1οΤ1
1382 660 1446 689 istas
1465 661 1584 689 rationes
1599 663 1675 699 quasi
1699 671 1748 700 pcr
1769 664 1878 701 clypeos
1892 674 1940 693 au-

1100 715 1161 735 reos
1176 707 1311 736 illuminat
1331 711 1452 741 montes,
1469 708 1520 736 hoc.
1541 712 1581 737 est
1596 710 1710 746 spiritus
1731 710 1757 739 in
1779 713 1940 742 aeternitate

1100 753 1224 782 firmatos
1244 756 1272 782 et
1292 754 1472 789 sublimitate,
1498 756 1544 792 qui
1567 757 1703 793 recipiunt
1731 758 1819 794 primo
1848 759 1941 788 orien-

1100 801 1170 829 tales
1185 801 1275 830 radios
1286 802 1420 838 primaria
1440 803 1588 838 infusione,
1604 805 1806 834 mcriaetz'onales
1821 807 1941 843 perfecta

1100 848 1301 883 illustratione,
1335 850 1520 878 occidentales
1549 854 1687 887 postrema
1719 853 1878 881 retentione.
1912 854 1940 882 111

1100 896 1243 932 tripliciter
1264 897 1394 925 oriuntur
1415 906 1431 925 a
1451 898 1507 926 sole
1532 901 1559 926 et
1591 899 1733 935 splendent
1763 901 1838 929 sicul
1869 901 1941 930 cam-

1096 939 1302 980 pades‘iynis,
1324 944 1389 980 quia
1420 948 1462 973 est
1484 944 1518 973 ibi
1552 945 1728 974 inflammatio
1759 948 1938 983 permaxima.

1101 990 1130 1018 Et
1152 990 1178 1018 10
1201 990 1252 1018 1100
1273 994 1314 1019 est
1336 993 1391 1019 tota
1413 991 1482 1019 ratio
1507 992 1757 1029 contemplationis,
1779 994 1844 1030 quia
1872 1003 1942 1023 nun-

1099 1045 1182 1073 quam
1205 1037 1279 1065 venit
1300 1037 1326 1065 in
1349 1038 1577 1074 contemplatione
1592 1039 1686 1068 radius
1700 1040 1857 1077 splendens,
1873 1042 1940 1078 quin

1099 1084 1180 1111 etiam
1202 1084 1237 1112 sit
1258 1084 1439 1113 inflammans.
1464 1085 1493 1113 Et
1515 1085 1575 1114 ideo
1591 1086 1617 1113 in
1631 1086 1741 1115 Cantico
1757 1087 1879 1124 loquitur
1895 1090 1941 1117 Sa-

1099 1130 1189 1158 lomon
1212 1138 1260 1167 per
1282 1130 1395 1158 modum
1416 1131 1518 1160 amoris
1546 1134 1573 1159 et
1604 1140 1653 1169 per
1684 1133 1795 1162 moduni
1827 1135 1940 1170 cantici,

1098 1177 1163 1213 quia
1183 1177 1217 1205 ad
1238 1177 1298 1206 illos
1323 1177 1444 1214 fulgores
1465 1186 1518 1206 non
1545 1181 1634 1215 potest
1655 1181 1793 1216 perveniri
1820 1181 1870 1210 nisi
1894 1190 1941 1218 per

1097 1231 1228 1252 amorem.
1322 1220 1324 1222 ’

1179 1271 1222 1299 13.
1246 1271 1324 1304 11001,
1340 1272 1533 1308 contemplatio
1547 1273 1671 1301 consistit
1686 1270 1712 1301 10
1727 1274 1943 1304 consideratione
1957 1280 2002 1298 Pars
2019 1280 2039 1298 ¹¹-
2056 1280 2082 1299 01³

1968 1304 2049 1322 secundo
2057 1304 2082 1322 vi-

1098 1317 1239 1346 luculenta
1259 1318 1414 1346 militantis
1438 1319 1586 1347 Ecclesiae.
1610 1320 1678 1349 Haec
1699 1321 1881 1350 consideratio
1902 1323 1942 1351 in-
1967 1327 2024 1369 {2235
2049 1328 2083 1346 ob-

1099 1364 1232 1401 telligitur
1254 1373 1302 1401 per
1324 1360 1413 1394 lucem
1443 1366 1595 1399 lunarem,-
1616 1367 1663 1404 qui
1691 1368 1763 1396 00101
1787 1377 1840 1397 000
1866 1370 1941 1398 novit
1972 1374 2084 1417 Haeccolm-

1098 1411 1169 1440 hanc
1184 1407 1243 1440 ‘non
1259 1415 1348 1449 potest
1368 1412 1520 1450 quidquam
1536 1415 1777 1451 comprehendere.
1798 1416 1872 1445 Unde
1886 1425 1941 1446 000
1955 1400 2030 1441 Ξῖἕῗωτ
2062 1404 2083 1417 υ·

1097 1462 1139 1487 est
1158 1462 1287 1488 ornatum
1310 1460 1429 1494 caelum,
1445 1460 1496 1488 nisi
1519 1461 1618 1489 habeat
1633 1461 1779 1491 luminare
1800 1464 1898 1492 maius
1916 1468 1943 1493 et

1098 1506 1244 1535 luminare
1264 1507 1364 1535 minus
1376 1508 1394 1535 ⁷.
1418 1506 1492 1536 Unde
1514 1508 1626 1537 Ioannes
1647 1507 1715 1539 vidit
1735 1510 1878 1539 civitatem
1900 1512 1942 1540 Ie-

1097 1554 1226 1582 rusalem
1251 1562 1305 1582 non
1327 1555 1415 1582 solum
1448 1558 1580 1589 stantem,
1605 1555 1687 1584 immo
1717 1557 1798 1585 etiam
1831 1558 1942 1587 (lescen-

1097 1601 1206 1629 dentem
1227 1594 1261 1629 a¹
1280 1601 1352 1634 Deo,
1378 1601 1520 1630 formatam
1553 1605 1580 1630 et
1599 1606 1732 1631 ornatam.
1765 1604 1840 1632 Sicut
1867 1605 1940 1633 enim

1097 1648 1191 1677 radius
1211 1648 1276 1677 solis
1297 1656 1346 1684 per
1369 1649 1460 1677 lunam
1484 1649 1620 1678 illuminat
1640 1654 1764 1685 noctem,
1787 1651 1825 1680 sic
1847 1652 1940 1681 radius

1096 1694 1206 1723 divinus
1228 1702 1276 1731 per
1299 1695 1443 1723 Ecclesiam
1467 1695 1602 1724 illuminat
1624 1697 1709 1733 ipsam
1736 1698 1854 1727 animam
1876 1707 1939 1727 con-

1097 1741 1291 1778 templativam.
1315 1741 1414 1770 Radius
1434 1742 1506 1770 enim
1525 1743 1635 1772 divinus
1656 1744 1683 1773 10
1701 1745 1815 1774 caelesti
1834 1746 1939 1775 hierar-

1096 1789 1157 1816 chia
1178 1789 1305 1817 umbram
1327 1797 1380 1817 non
1403 1789 1500 1824 habet,
1522 1791 1593 1819 sicut
1614 1791 1664 1820 lux
1687 1792 1751 1821 solis
1775 1801 1829 1821 non
1858 1794 1940 1823 habet

1096 1835 1319 1864 tenebrositatem
1341 1837 1367 1865 10
1390 1844 1418 1865 se
1440 1837 1545 1878 sive-in
1567 1846 1618 1867 suo
1639 1839 1725 1874 1001ος
1746 1840 1793 1869 sed
1815 1840 1843 1869 in
1858 1841 1937 1876 luna,

1095 1890 1166 1920 quae
1187 1882 1269 1912 habet
1289 1883 1499 1919 obscuritatem,
1522 1882 1575 1914 no'n
1596 1889 1638 1915 est
1656 1887 1816 1924 simpliciter
1837 1888 1938 1918 clarus.

1096 1930 1138 1958 Sic
1160 1930 1186 1958 in
1209 1930 1326 1959 Ecclesia
1347 1931 1493 1965 militante,
1507 1932 1534 1960 in
1553 1941 1608 1969 qua
1622 1936 1663 1962 est
1684 1934 1778 1963 radius
1792 1935 1819 1963 in
1842 1935 1939 1972 figuris

1095 1979 1122 2005 et
1143 1977 1170 2005 10
1195 1977 1402 2014 aenigmatibus.
1429 1995 1464 1999 —
1490 1978 1671 2016 Comparatur
1700 1983 1792 2009 autem
1821 1981 1939 2011 Ecclesia
1951 1989 2071 2022 obire-sfa-

1095 2024 1214 2053 militans
1228 2024 1315 2053 lunae
1329 2028 1441 2062 propter
1456 2026 1646 2063 refulgentiam
1658 2027 1869 2057 subobscuram
1880 2030 1937 2059 sive
1977 2016 2043 2032 *¹⁰⁰⁰*

1094 2071 1283 2107 symbolicam,
1312 2075 1425 2108 propter
1456 2072 1646 2109 refulgentiam
1676 2075 1852 2104 caccessivam
1880 2077 1937 2106 sive

1093 2117 1262 2151 ecstaticam‚
1283 2121 1309 2146 et
1330 2122 1444 2155 propter
1466 2119 1657 2157 refulgentiam
1679 2122 1857 2152 ordinatam.

1174 2165 1216 2192 lli.
1239 2164 1329 2193 Prima
1343 2173 1408 2203 ergo
1426 2165 1602 2204 refutyencia
1618 2168 1645 2196 in
1667 2168 1785 2198 Ecclesia
1799 2174 1840 2200 est
1857 2179 1935 2210 sym·
1948 2178 2002 2197 Ratio
2017 2179 2034 2197 ι.

1092 2210 1183 2240 bolica
1197 2219 1246 2248 per
1261 2212 1385 2248 symbola
1399 2213 1639 2244 Sacramentorum
1661 2219 1687 2245 et
1702 2217 1870 2254 figurarum,
1886 2227 1936 2256 per

1091 2266 1162 2295 quae
1182 2258 1305 2288 decurrit
1328 2260 1445 2289 Ecclesia
1468 2269 1484 2289 a
1506 2262 1640 2300 principio
1668 2272 1757 2301 usque
1786 2265 1820 2293 ad
1841 2265 1933 2295 finem.

1091 2305 1129 2334 De
1150 2306 1202 2335 hoc
1225 2306 1465 2337 Ecclesiasticus&
1491 2310 1576 2338 Luna
1604 2310 1636 2339 in
1656 2311 1790 2340 omnibus
1812 2312 1843 2341 in
1869 2316 1935 2342 tem-

1088 2361 1159 2390 pore
1179 2353 1249 2389 suo,
1272 2355 1393 2384 ostensio
1415 2357 1551 2393 temporis
1572 2361 1597 2386 ct
1621 2358 1738 2395 signum
1766 2360 1837 2388 aevi.
1864 2360 1934 2390 Dicit

1090 2409 1171 2438 ergo,
1199 2402 1273 2439 quod
1295 2402 1360 2431 luna
1381 2406 1421 2432 est
1448 2405 1629 2433 manifestatio
1658 2408 1812 2443 temporum
1834 2410 1861 2436 et
1882 2416 1931 2444 per

1090 2448 1203 2477 modum
1225 2449 1402 2486 signationis;
1424 2454 1451 2479 et
1473 2451 1523 2480 hoc
1545 2455 1585 2480 est
1606 2452 1632 2480 in
1655 2453 1773 2482 Ecclesia
1795 2461 1843 2491 per
1862 2462 1934 2491 sym-

1090 2495 1166 2529 bola;
1194 2496 1259 2533 quia
1285 2497 1391 2526 «aliter
1419 2507 1471 2526 non
1501 2502 1542 2527 est
1570 2499 1710 2536 possibile,
1733 2501 1811 2530 nobis
1838 2501 1931 2530 lucere

1090 2663 1113 2685 d.
1131 2663 1167 2686 49.
1184 2670 1207 2692 p.
1224 2665 1239 2687 1.
1255 2671 1278 2693 q.
1296 2664 1317 2687 5.
1335 2665 1367 2687 De
1383 2664 1448 2688 trina
1464 2665 1607 2688 distinctione
1624 2666 1764 2689 hierarchiae
1776 2667 1877 2690 caelestis
1892 2669 1932 2691 cfr.

1090 2709 1158 2730 supra
1176 2709 1230 2731 pagi
1247 2704 1287 2726 391
1299 2723 1304 2732 ,
1322 2707 1375 2727 nota
1392 2704 1415 2727 7.

1150 2741 1160 2754 ⁶
1177 2742 1238 2766 Libr.
1255 2744 1287 2766 111.
1304 2744 1361 2772 Reg.
1379 2745 1405 2773 8,
1423 2745 1467 2767 42:
1485 2745 1596 2767 Dominus
1612 2745 1679 2774 dixit,
1696 2749 1722 2768 ut
1738 2746 1850 2769 habitaret
1861 2747 1884 2769 10
1896 2753 1933 2770 ne-

1089 2781 1150 2804 bula.
1166 2794 1197 2799 —
1214 2783 1266 2811 Seq.
1283 2783 1346 2806 locus
1362 2787 1396 2806 est
1413 2784 1447 2806 Ps.
1466 2785 1507 2812 17,
1527 2785 1562 2807 12.
1580 2785 1638 2807 Vide
1655 2791 1724 2813 supra
1736 2785 1809 2808 collat.
1827 2786 1848 2808 2.
1859 2792 1881 2808 u.
1894 2787 1931 2809 32.

1089 2826 1153 2849 seqq.
1170 2823 1192 2843 et
1210 2821 1351 2844 itinerarium
1370 2823 1452 2846 mentis
1468 2823 1491 2845 in
1508 2824 1593 2852 Deum,
1611 2830 1630 2846 c.
1648 2823 1670 2846 7.
1687 2831 1709 2847 n.
1727 2825 1748 2847 5.

1150 2858 1161 2872 ⁶
1177 2860 1232 2888 Cap.
1249 2861 1274 2890 6,
1292 2862 1337 2884 39:
1355 2862 1381 2884 Et
1398 2865 1422 2885 ut
1438 2863 1524 2886 refulsit
1548 2864 1581 2886 sol
1606 2864 1629 2886 in
1650 2864 1743 2892 clypeos
1759 2870 1841 2887 aureos
1858 2867 1879 2887 et
1895 2871 1931 2887 ae—

1087 2905 1151 2928 reos,
1168 2900 1358 2928 resplenduerunt
1373 2904 1462 2924 montes
1479 2902 1509 2924 ab
1525 2903 1558 2925 eis
1574 2906 1595 2925 et
1611 2903 1800 2931 resplenduerunt
1816 2904 1874 2926 sieut
1885 2906 1928 2926 etc.

1150 2936 1159 2950 ⁷
1176 2939 1231 2961 Gen.
1249 2939 1269 2968 l,
1288 2940 1324 2962 16.
1340 2952 1371 2957 -
1388 2942 1440 2970 Seq.
1456 2941 1520 2964 locus
1536 2946 1569 2964 est
1586 2943 1656 2970 Apoc.
1674 2943 1715 2970 21,
1733 2943 1755 2965 2.
1772 2946 1794 2964 01
1811 2943 1846 2964 10.

1151 2976 1160 2989 ⁸
1177 2977 1232 3006 Cap.
1250 2979 1291 3007 43,
1308 2980 1330 3001 6.
1346 2992 1376 2997 -
1394 2980 1506 3003 Sententia
1525 2981 1624 3008 Dionysii
1641 2980 1737 3004 liabetur
1753 2982 1774 3003 in
1786 2981 1824 3004 lib.
1836 2981 1865 3003 de
1876 2981 1929 3004 Cae-

1087 3016 1134 3039 lesti
1152 3017 1268 3040 Hierarch.
1287 3025 1306 3041 c.
1325 3019 1346 3041 11.
1363 3019 1376 3048 {5
1394 3020 1415 3041 2.
