2285 3398
206 171 323 189 insinuantur

196 197 274 217 quatuor
297 195 323 213 ia-

195 218 266 236 cienda.

232 455 321 474 Primum.

209 783 320 802 secundum,

231 1111 321 1130 Tertium.

227 1718 323 1742 Quartum.

342 90 395 119 566

339 170 479 197 corassent
499 174 599 204 aquam
621 174 670 203 per
691 166 795 203 lignum
816 166 969 195 immissum
982 165 1000 200 ¹,
1023 166 1056 195 ad
1078 167 1179 204 signifi-

338 215 471 247 candum,
493 214 566 251 quod
594 214 641 251 qui
667 214 727 242 vult
753 213 847 242 venire
874 213 907 242 ad
933 213 1115 243 nobilissimos
1142 214 1180 243 ef-

338 262 425 291 fectus
446 269 515 298 quos
536 269 620 297 supra
647 260 769 289 diximus
790 260 874 289 huius
898 260 1079 294 sacramenti,
1100 260 1181 290 debet

338 312 458 346 quatuor
469 308 565 336 faeere.
582 307 667 336 Debet
677 307 749 336 enim
760 307 839 335 exire
849 307 883 335 de
894 306 1015 335 tenebris
1026 307 1179 341 vitiorum,-

338 356 418 385 debet
442 355 538 393 facere
562 355 684 391 (lienum
708 354 898 391 poenitentiae
922 353 1076 391 fructum,·
1099 354 1180 384 debet

339 407 515 432 contemnere
535 409 616 430 omne
634 404 797 435 terrenum,-
815 401 895 430 debet
916 404 1078 429 convertere
1096 410 1179 430 ama-

339 450 494 478 ritudinem
516 449 613 477 erucis
633 449 663 477 in
685 448 926 477 oblectamentum.
944 464 979 469 -
1000 448 1090 476 Primo
1114 456 1179 485 ergo

338 496 417 525 debet
444 496 570 524 deserere
591 494 720 523 tenebras
740 495 898 528 vinorum,-
919 498 946 523 et
968 495 1019 523 hoc
1044 498 1085 523 est
1106 495 1179 531 quod

337 543 446 577 dicitur,
468 543 541 580 quod
562 543 609 571 filii
636 542 716 571 lsrael
743 542 833 579 primo
860 543 990 571 exierunt
1012 543 1179 578 Aegyptum,

338 593 431 627 postea
451 592 587 618 venerunt
607 589 640 617 ad
661 589 745 618 huius
766 589 817 617 cibi
833 592 953 626 gustum.
978 590 1126 626 Aeqyptus
1142 591 1179 616 te—

337 637 438 666 nebrae
458 637 665 673 interpretatur.
689 636 772 665 Exeat
800 644 866 673 ergo
894 636 1021 664 tenebras
1048 635 1178 663 vitiorum

338 685 384 722 qui
400 684 508 713 festinat
525 684 558 712 ad
574 684 673 712 harum
691 683 844 720 gratiarum
858 683 1039 717 dulcedinem,
1055 685 1086 710 ut
1099 682 1133 711 de
1148 690 1180 711 eo

338 732 422 768 possit
442 731 502 759 dici·
526 730 593 759 illud
614 730 770 767 Apostoli2:
794 730 894 758 Eratis
922 729 1082 767 aliqnando
1108 733 1179 758 tene-

339 778 417 812 brae,
432 786 510 805 nune
524 780 620 805 antem
635 777 687 805 tztae
708 777 739 805 in
762 777 891 805 Domino.
910 793 945 797 -—
960 776 1084 805 Secundo
1099 776 1180 805 debet

336 824 434 862 facere
461 824 583 861 diffluum
608 823 798 860 poenitentiae
823 821 974 860 fritctttni,·
1002 826 1029 851 et
1058 823 1110 852 1106
1138 826 1180 852 est

337 871 411 909 quod
431 871 541 904 dicitur,
563 870 636 907 quod
658 870 705 898 filii
727 870 809 898 lsrael
830 873 891 906 post
912 870 1082 898 transierunt
1103 878 1179 899 mare

337 919 465 947 rubrum.
487 917 558 954 Quid
579 917 651 946 enim
673 917 843 954 significatur
864 925 914 954 per
935 925 1017 945 mare
1038 917 1089 946 nisi
1105 925 1179 946 ama-

338 965 429 993 ritudo
450 964 644 1001 poenitentiae,
666 964 692 993 in
715 972 770 1001 qua
790 967 831 993 est
852 964 986 992 contritio
1005 973 1116 1001 maqna
1134 973 1177 992 ve-

338 1011 379 1040 tut
399 1019 482 1039 mare
494 1011 514 1045 ³,
543 1011 570 1039 in
592 1019 647 1048 quo
676 1011 744 1039 mari
773 1011 968 1048 submergatur
994 1019 1045 1039 rex
1068 1010 1177 1048 Aegypti

338 1066 400 1087 cum
422 1058 548 1087 exercitu
569 1066 634 1092 suo,
657 1057 683 1086 id
698 1061 739 1087 est
759 1058 884 1086 diabolus
905 1066 968 1087 611111
984 1058 1057 1086 00101
1079 1061 1179 1086 ornatu

338 1114 396 1135 suo.
418 1122 457 1126 —
477 1105 569 1134 Tertio
600 1105 680 1134 debet
711 1105 838 1133 deserere
859 1114 940 1134 omne
967 1109 1132 1138 terrenum;
1153 1108 1180 1134 et

338 1153 391 1182 hoc
411 1155 452 1182 est
472 1152 546 1190 quod
565 1152 675 1186 dicitur,
697 1152 770 1189 quod
791 1152 839 1180 filii
858 1152 949 1187 lsrael,
970 1156 1118 1189 antequam
1133 1160 1179 1181 su-

338 1202 445 1229 merent
465 1200 556 1228 cibum
578 1199 674 1233 istum,
696 1202 832 1227 venerunt
853 1199 880 1227 in
898 1199 1053 1238 desertum,
1075 1200 1102 1227 id
1122 1202 1178 1233 est,

338 1246 521 1275 deseruerunt
541 1253 621 1274 omne
642 1248 793 1274 terrenum.
816 1245 847 1274 Et
867 1245 932 1282 quia
954 1245 1006 1273 tria
1027 1248 1107 1279 sunt,
1130 1253 1179 1282 per

338 1301 409 1331 quae
430 1293 497 1322 solet
518 1293 600 1321 homo
620 1292 725 1329 alligari
746 1292 863 1326 mundo,
886 1292 1011 1321 videlicet
1025 1300 1102 1322 amor
1117 1300 1178 1329 pos-

339 1340 480 1374 sessionis,
504 1340 628 1376 voluptas
642 1339 732 1368 carnis
753 1342 780 1368 et
794 1339 929 1376 cupiditas
950 1339 1078 1373 honoris,
1100 1339 1180 1368 iuxta

339 1387 406 1416 illud
426 1387 531 1424 primae
559 1386 664 1415 loannis
688 1386 823 1415 secundo:
855 1386 956 1420 Omne,
978 1386 1055 1424 quod
1081 1390 1122 1414 est
1148 1387 1180 1415 in

338 1434 459 1467 mundo,
481 1437 535 1462 aut
555 1433 786 1470 eoncupiscentia
806 1433 907 1461 carnis
923 1430 980 1466 ‘es-c,
1002 1436 1056 1461 aut
1076 1441 1179 1461 conen-

336 1480 477 1518 pz‘seentia
498 1480 663 1513 oculorum,
685 1483 739 1507 aut
751 1479 889 1516 superbia
910 1479 1004 1512 vitae;
1026 1479 1087 1508 ideo
1107 1479 1179 1509 dice-

339 1527 385 1555 bat
405 1526 543 1563 Moyses&
566 1526 677 1554 Ibimus
698 1525 779 1554 viam
799 1525 891 1553 trium
911 1524 1027 1553 dierum
1041 1525 1072 1553 in
1086 1525 1179 1554 (leser-

340 1576 417 1606 tam,
439 1572 473 1601 ad
493 1571 717 1609 significandum,
739 1571 812 1608 quod
841 1579 890 1607 per
916 1571 987 1599 viam
1016 1571 1099 1600 unius
1127 1571 1178 1600 diei

339 1619 475 1648 deseritur
503 1627 580 1647 amor
608 1618 800 1655 possessionis;
822 1626 871 1655 per
892 1618 964 1646 viam
985 1617 1037 1646 diei
1066 1617 1181 1646 alterius

339 1666 475 1695 deseritur
497 1665 622 1702 voluptas
643 1665 750 1699 carnis3
774 1672 822 1701 per
842 1664 915 1693 viam
935 1664 987 1693 diei
1011 1664 1107 1693 tertiae
1134 1664 1181 1693 de-

341 1713 443 1742 seritur
470 1712 604 1749 cupiditas
635 1711 755 1740 honoris.
785 1727 821 1732 —-
849 1711 953 1747 Quarto
983 1711 1064 1739 debet
1098 1711 1181 1739 homo

1124 89 1233 117 SERMO
1254 88 1294 117 Ill.

1237 169 1398 196 convertere
1425 167 1657 196 amaritudinem
1685 167 1782 196 erucis
1809 176 1881 196 suae
1905 168 1937 197 in
1961 169 2079 198 oblecta—

1236 216 1364 241 mentum
1384 213 1554 248 dulcedinis,
1576 217 1608 242 ut
1628 214 1753 243 videlicet
1773 214 1889 243 delectet
1908 222 1971 244 eum
1987 219 2078 253 porta-

1236 260 1273 288 tio
1294 260 1385 289 crucis
1406 268 1486 294 suae,
1508 269 1592 298 quam
1619 269 1729 290 necesse
1750 264 1791 290 est
1816 265 1927 298 portare
1947 270 2010 291 eum
2031 264 2077 300 qui

1236 308 1296 336 vult
1323 307 1441 335 animam
1462 315 1539 336 suam
1568 308 1682 337 salvare.
1711 309 1768 344 Qui
1787 308 1862 336 enim
1890 317 1948 337 non
1975 310 2079 347 accipit

1236 362 1350 382 crucem
1370 362 1475 388 suam,
1496 354 1561 383 dicit
1582 355 1714 384 Dominus
1725 355 1745 390 ⁵,
1760 359 1786 383 et
1799 355 1930 393 sequitur
1943 364 2000 390 me,
2022 365 2079 385 non

1235 406 1275 430 est
1295 410 1339 429 me
1360 401 1475 438 dignus.
1498 401 1523 429 Si
1545 409 1611 438 ergo
1631 402 1673 431 vis
1700 402 1911 431 amaritudinem
1932 405 1995 431 tuae
2016 411 2079 431 cru-

1235 450 1274 478 cis
1301 451 1462 477 convertere
1487 448 1515 476 in
1536 448 1767 478 oblectamentum
1792 448 1957 483 dulcedinis,
1978 449 2080 478 habeas

1235 504 1342 533 semper
1369 496 1395 523 in
1427 494 1508 523 corde
1540 498 1587 523 tuo
1614 496 1773 524 memoriam
1802 495 1953 524 dominicae
1977 497 2079 533 passio—

1235 543 1285 571 nis.
1313 554 1325 567 «
1342 542 1445 571 Etenim
1466 549 1521 570 non
1542 541 1640 570 sentiet
1660 550 1710 571 sua
1730 543 1777 580 qui
1792 543 1891 571 Christi
1910 543 2025 572 vulnera
2039 544 2080 572 in-

1236 590 1400 622 tuebitur»,
1422 588 1487 617 dicit
1514 588 1677 617 Bernartius.
1700 590 1730 618 Et
1752 590 1803 619 hoc
1824 593 1865 618 est
1885 590 1958 626 quod
1979 590 2079 627 legitur

1234 636 1268 665 de
1288 637 1351 665 filiis
1373 636 1467 669 Israel,
1490 635 1562 672 quod
1585 635 1747 672 priusquam
1769 637 1907 666 venissent
1931 637 1964 665 ad
1986 637 2078 666 cibum

1235 683 1440 717 dulcissimum,
1461 685 1598 711 venerunt
1619 682 1645 710 in
1667 683 1771 711 Marath
1792 683 1826 712 ad
1848 686 1943 720 potum
1964 684 2078 713 amaris-

1231 730 1351 763 ,simum;
1367 737 1449 768 quem
1464 737 1527 758 cum
1550 737 1616 765 prae
1637 729 1818 759 amaritudine
1839 730 1933 759 bibere
1947 738 2001 758 non
2016 738 2078 767 pos-

1236 780 1310 810 sent,
1332 776 1412 804 iussit
1432 776 1582 809 Dominus,
1602 778 1633 804 ut
1654 775 1679 803 in
1702 776 1818 805 eundem
1841 781 1935 813 potum
1957 777 2077 813 lignum,

1236 823 1309 860 quod
1330 831 1441 851 crucem
1463 822 1615 859 figurabat,
1639 823 1789 857 mitterent,
1811 826 1838 852 et
1859 824 1896 852 sic
1918 823 2078 852 amaritudi-

1236 878 1298 899 nem
1320 870 1505 898 dulcorarent.
1524 886 1561 890 —
1578 869 1774 906 Confiteantur
1795 878 1861 907 ergo
1884 870 2004 898 Domino
2025 870 2077 899 mi-

1236 917 1412 945 sericordiae
1432 916 1494 944 eins
1505 916 1516 933 ⁶
1538 919 1564 944 et
1577 916 1729 945 mirabilia
1746 917 1807 945 eius
1822 916 1891 953 filiis
1913 915 2077 951 hominum,

1236 964 1307 1002 quia
1326 964 1448 992 satiavit
1468 963 1600 992 [ziziniam
1624 963 1740 992 inanem
1758 966 1782 992 et
1796 964 1930 991 animam
1950 964 2077 992 esurien-

1236 1015 1289 1039 tem
1310 1011 1431 1040 satiavit
1451 1010 1547 1039 bonis:
1574 1011 1698 1039 sedentes
1718 1010 1749 1038 in
1778 1010 1898 1039 tenebris
1919 1014 1943 1038 et
1971 1010 2077 1039 umbra

1235 1059 1355 1092 mortis,
1379 1058 1486 1086 vinctos
1506 1058 1537 1086 in
1558 1057 1738 1086 mendicitate
1758 1061 1783 1086 et
1802 1056 1891 1094 ferro.

1314 1106 1359 1133 42.
1382 1105 1407 1133 Si
1430 1113 1495 1141 ergo
1517 1108 1542 1133 te
1563 1105 1648 1133 sentis
1668 1104 1801 1138 inanem,
1816 1112 1919 1141 quaere
1935 1107 2009 1132 tuam
2028 1104 2078 1133 im-

1235 1152 1381 1189 pletionem
1403 1152 1431 1180 in
1452 1152 1504 1180 hoc
1525 1152 1700 1180 sacramento
1720 1151 1772 1180 sub
1800 1151 1889 1188 figura
1917 1151 2035 1188 actipis;
2056 1151 2077 1180 si

1235 1202 1261 1227 te
1282 1199 1366 1227 sentis
1386 1198 1569 1233 esurientem,
1595 1206 1698 1235 quaere
1720 1201 1794 1227 tuam
1823 1197 1997 1226 resectionem
2026 1198 2078 1227 sub

1235 1245 1324 1282 figura
1342 1246 1450 1282 panis,·
1471 1245 1491 1274 si
1515 1248 1540 1274 te
1561 1245 1645 1273 sentis
1666 1245 1861 1273 caecutientem
1887 1247 1914 1273 et
1939 1244 2077 1273 sedentem

1235 1293 1262 1321 in
1284 1293 1420 1327 tenebris,
1442 1300 1545 1330 quaere
1566 1296 1641 1321 tuam
1664 1292 1891 1320 illuminationem
1913 1292 1940 1320 in
1959 1292 2011 1320 1106
2032 1292 2078 1320 Sa-

1235 1343 1375 1368 cramento
1396 1339 1448 1368 sub
1476 1339 1566 1376 figura
1586 1339 1694 1371 mettis:
1718 1339 1743 1376 >si
1774 1342 1799 1367 te
1821 1339 1904 1372 sentis
1929 1338 1956 1367 in
1977 1338 2079 1367 umbra

1235 1386 1332 1415 mortis
1362 1386 1511 1420 iacentem,
1539 1394 1641 1423 quaere
1670 1389 1745 1414 tuam
1774 1385 2022 1414 reconciliationem
2050 1384 2077 1413 in

1235 1433 1287 1461 hoc
1308 1434 1483 1461 sacramento
1504 1433 1556 1461 sub
1577 1433 1666 1469 figura
1684 1432 1757 1469 eqni
1768 1431 1932 1469 pascham,-
1954 1431 1974 1460 si
1997 1439 2077 1468 egen-

1236 1482 1289 1507 tem
1311 1483 1338 1508 et
1352 1479 1567 1513 mendicantem,
1589 1487 1692 1516 quaere
1707 1482 1782 1507 tuam
1803 1479 1961 1507 ditationem
1976 1478 2003 1506 in
2026 1478 2078 1507 hoc

1236 1527 1410 1555 Sacramento
1437 1526 1490 1555 sub
1511 1526 1600 1563 figura
1629 1525 1760 1555 thesauri
1784 1526 1911 1554 caelestis
1919 1536 1929 1559 ,·
1950 1526 1971 1554 si
1994 1533 2078 1562 expe-

1236 1573 1300 1601 riris
1321 1575 1347 1602 te
1368 1572 1488 1601 ferreum
1504 1581 1551 1601 cor
1572 1573 1728 1606 habentem,
1750 1581 1853 1610 quaere
1873 1575 1947 1601 tuam
1970 1572 2078 1600 mollifi-

1237 1619 1369 1648 cationem
1392 1619 1419 1647 in
1447 1620 1499 1648 hoe
1527 1620 1701 1648 Sacramento
1722 1620 1774 1648 sub
1801 1620 1891 1656 figura
1918 1619 2076 1647 mannatis.

1237 1665 1315 1700 Quod
1336 1665 1414 1693 nobis
1441 1669 1581 1702 praestare
1608 1665 1737 1702 dignetur
1758 1666 1833 1695 16505
1853 1665 1993 1699 Christus,
2016 1665 2078 1694 bea-

1239 1711 1358 1740 tissimae
1380 1712 1478 1741 Mariae
1500 1712 1581 1741 filius.
1604 1713 1695 1741 Amen.
1711 1729 1747 1733 —
1763 1713 1896 1741 Expucir.

403 2210 410 2224 ²
428 2211 471 2234 AC
488 2211 524 2234 1116
540 2216 670 2234 5610100601
687 2210 826 2233 concludunt
842 2211 877 2233 his
893 2210 983 2233 verbis:
1000 2210 1032 2233 516
1053 2211 1093 2239 qni
1110 2211 1180 2239 digne

341 2252 389 2274 vult
410 2251 550 2274 manducare
572 2256 656 2278 corpus
677 2249 759 2273 Christi
782 2250 912 2278 Aegyptum
938 2250 1083 2278 spiritualiter
1105 2254 1179 2277 exeat,

340 2296 409 2318 opera
432 2288 577 2312 tenebrarum
600 2288 702 2316 abiiciat‚
720 2289 741 2311 in
759 2289 875 2311 desertum
892 2288 974 2316 vadat,
991 2288 1055 2311 cordi
1072 2288 1179 2311 acerbam

340 2328 469 2357 passionem
491 2328 572 2351 Christi
594 2328 712 2355 immittat,
730 2328 761 2350 sic
778 2330 800 2350 et
817 2327 845 2357 [A
858 2326 946 2357 sicque]
963 2333 1004 2355 per
1024 2327 1111 2355 lignum
1131 2334 1180 2350 san-

340 2370 388 2390 ctae
410 2368 484 2390 crucis
500 2368 603 2390 dolorem
620 2367 650 2389 cle
666 2367 793 2395 praeteritis
814 2366 913 2394 peccatis
935 2366 1038 2389 dulcoret
1058 2369 1080 2389 et
1101 2369 1180 2395 postea

340 2406 572 2429 sacrosanctissimnm
590 2412 675 2434 corpus
690 2405 771 2428 Christi
787 2405 910 2433 percipiat,
922 2405 985 2434 qnod
997 2411 1038 2427 nos
1049 2409 1100 2433 post
1112 2406 1180 2428 finem

341 2445 466 2472 praesentis
477 2445 537 2467 vitae
548 2445 577 2467 ad
589 2447 678 2467 aeterna
691 2445 806 2467 caelorum
818 2444 902 2472 gaudia
914 2443 1035 2471 perducat,
1051 2447 1181 2471 praestante

340 2483 421 2505 eodem
438 2483 535 2505 Domino
553 2485 629 2505 nostro
645 2483 695 2504 1650
712 2482 813 2509 Christo,
825 2481 863 2511 qui
876 2482 933 2504 vivit
944 2484 966 2504 et
976 2486 1056 2509 regnat
1068 2488 1120 2504 cum
1133 2483 1180 2504 Deo

340 2522 405 2544 Patre
422 2521 443 2543 in
459 2522 544 2544 unitate
561 2522 658 2549 Spiritus
674 2521 744 2543 5306ῑί
757 2521 817 2543 Deus
828 2527 870 2549 per
881 2521 1019 2550 immortalia
1029 2522 1118 2543 saecula
1134 2528 1180 2544 sae·

341 2561 452 2583 culorum.
469 2561 549 2582 Amen.
560 2573 590 2577 —
607 2560 651 2583 Sed
669 2566 722 2582 60111
739 2560 776 2583 1116
793 2560 876 2583 modus
893 2557 1045 2582 concluden'di
1062 2561 1180 2588 expositio-

341 2604 394 2620 nem
411 2601 487 2621 sextae
503 2599 591 2626 fignrae
608 2605 653 2621 non
670 2599 698 2621 sit
714 2601 880 2621 consentaneus
902 2598 971 2621 modo
989 2599 1010 2620 in
1027 2600 1180 2626 praecedenti-

341 2637 384 2659 hns
401 2637 481 2665 figuris
497 2637 633 2664 observato,
649 2637 792 2659 retinendum
818 2643 868 2660 esse
885 2637 1016 2660 censuimus
1034 2638 1055 2659 id
1072 2639 1134 2666 quod
1158 2639 1179 2660 in

340 2676 424 2698 Bonelli
441 2679 463 2698 et
479 2676 523 2698 DE
539 2676 649 2704 sequitur.
666 2676 770 2699 Attamen
793 2677 861 2699 multa
884 2676 906 2698 in
922 2679 982 2698 textu
1000 2677 1085 2699 Bonelli
1102 2684 1128 2699 ex
1146 2678 1180 2700 his

340 2714 432 2737 duobus
455 2714 522 2737 codd.
543 2715 714 2742 supplevimus,
739 2715 873 2743 praesertim
898 2718 996 2743 quatuor
1020 2716 1180 2743 explicationes

340 2753 479 2781 figurarum,
496 2759 555 2781 quae
572 2753 712 2780 respondent
728 2753 770 2775 illis
785 2756 892 2782 quatuor,
909 2760 967 2782 qnae
979 2755 1115 2781 praestanda
1128 2758 1179 2777 sunt

341 2798 353 2814 a
370 2791 512 2814 sumentibus
529 2791 696 2813 eucharistiam.

402 2829 411 2842 ²
428 2831 484 2858 Eph.
502 2831 528 2857 5,
546 2831 572 2852 8:
589 2830 660 2852 Eratis
676 2830 736 2852 enim
754 2833 796 2855 etc„
812 2842 843 2846 —
861 2830 892 2852 De
909 2831 968 2852 exitu
986 2832 1135 2854 israelitarum
1153 2838 1179 2855 ex

340 2870 445 2897 Aegypto
462 2869 516 2891 vide
533 2869 602 2891 Exod.
620 2869 698 2891 Ἰ13-15.

1301 2210 1310 2223 ¹³
1329 2213 1412 2235 Thren.
1431 2213 1457 2239 2,
1476 2213 1512 2235 13.
1530 2212 1632 2235 Subinde
1655 2219 1697 2240 pro
1714 2213 1801 2235 ornatu
1820 2212 1858 2240 (ita
1876 2211 1928 2239 DE)
1948 2211 2030 2234 Bonelli
2046 2217 2073 2235 co

1236 2252 1302 2273 natu.
1320 2251 1372 2279 Seq.
1389 2251 1452 2274 iocus
1469 2252 1600 2279 Scripturae
1616 2254 1649 2273 est
1662 2252 1676 2274 l.
1689 2252 1749 2273 10311.
1762 2252 1787 2278 2,
1799 2251 1840 2278 ⁴6,
1853 2250 1892 2273 ubi
1905 2250 2002 2278 Vulgata
2015 2251 2078 2273 omit-

1236 2289 1262 2311 tit
1278 2289 1379 2317 primum
1396 2291 1450 2317 aut,
1468 2293 1489 2312 et
1506 2290 1589 2313 deinde
1606 2290 1641 2313 bis
1658 2289 1727 2312 habet
1742 2291 1765 2313 et
1779 2296 1821 2318 pro
1838 2291 1887 2312 aut.
1917 2288 1920 2289 ⁷

1298 2326 1308 2339 ⁴
1325 2329 1395 2351 Exod.
1412 2329 1438 2356 3,
1457 2329 1492 2351 r¹23.
1510 2329 1621 2357 Vulgata:
1639 2329 1724 2351 ibimus
1740 2329 1802 2351 riam
1819 2329 1887 2351 trium
1906 2328 1995 2350 dierum
2009 2328 2030 2351 111
2042 2335 2079 2351 50-

1237 2366 1364 2389 litudinem.

1299 2404 1309 2416 ⁶
1326 2406 1403 2427 Matth.
1420 2406 1459 2433 40,
1476 2406 1519 2428 38:
1536 2407 1561 2428 Et
1578 2407 1616 2434 qni
1630 2412 1675 2428 non
1688 2409 1730 2428 etc.
1741 2418 1772 2423 —
1784 2407 1837 2434 Seq.
1851 2406 1914 2428 locus
1926 2406 2033 2429 Bernardi
2045 2409 2079 2429 est

1238 2444 1259 2466 in
1275 2443 1340 2467 Cant.
1356 2450 1425 2467 serm⁴
1437 2445 1474 2467 61.
1485 2451 1507 2466 n,
1520 2445 1541 2466 8.
1554 2445 1706 2467 Praemittitnr
1721 2445 1753 2467 ibi
1770 2445 1893 2467 exhortatio
1915 2445 1944 2467 ad
1969 2445 2079 2468 meditan—

1237 2483 1291 2505 dam
1308 2483 1450 2511 passionem,
1466 2483 1520 2512 qnia
1536 2483 1639 2505 Christus
1650 2484 1699 2506 vult
1713 2493 1724 2504 «
1733 2484 1809 2506 devoti
1823 2483 1898 2506 militis
1909 2483 1944 2505 sui
1957 2484 2045 2506 vultum
2056 2486 2079 2506 et

1237 2522 1315 2545 oculos
1327 2522 1349 2544 in
1361 2528 1400 2544 suu
1414 2522 1497 2544 sustolli
1509 2522 1603 2544 vulnera
1611 2540 1617 2548 ,
1629 2525 1653 2544 ut
1665 2523 1722 2544 iilius
1734 2529 1759 2545 ex
1769 2524 1812 2545 1106
1821 2523 1922 2544 animum
1932 2522 2024 2550 erigat»
2036 2525 2078 2545 etc.

1298 2559 1309 2573 ὃ
1326 2561 1377 2583 Post
1393 2562 1449 2583 11366
1466 2560 1537 2583 verba
1556 2561 1583 2587 E,
1600 2561 1639 2589 qui
1657 2564 1745 2583 tantum
1762 2564 1861 2590 quatuor
1878 2561 1964 2589 figuras
1976 2560 2077 2590 exhibet,

1237 2601 1297 2622 1111116
1320 2600 1436 2627 epilogum
1459 2599 1539 2621 habet:
1564 2599 1738 2623 miser-[cordate
1762 2600 1824 2627 eius,
1842 2600 1896 2628 qnia
1913 2599 2079 2627 praefiguravit

1236 2638 1303 2661 nobis
1319 2638 1552 2661 sacrosanctissimum
1569 2645 1654 2666 corpus
1670 2645 1737 2661 sunm
1755 2638 1798 2661 sub
1811 2639 1884 2666 figura
1902 2638 1979 2666 panis,
1996 2641 2018 2660 et
2034 2639 2078 2660 1106

1237 2678 1266 2700 ad
1282 2678 1429 2705 repletionem
1447 2677 1609 2704 esurientinm;
1626 2678 1739 2705 secundo,
1758 2678 1779 2699 in
1801 2678 1874 2705 figura
1895 2677 1978 2704 mellis,
1996 2680 2017 2698 et
2034 2677 2078 2699 hoc

1237 2717 1266 2739 ad
1282 2717 1470 2739 illuminationem
1488 2717 1509 2738 in
1527 2716 1626 2739 tenebris
1642 2717 1785 2743 sedentium;
1803 2717 1881 2744 tertio,
1893 2717 1915 2738 in
1933 2716 2006 2744 figura
2023 2716 2077 2743 agni

1236 2756 1359 2783 paschalis,
1372 2758 1394 2777 et
1405 2756 1448 2777 1106
1460 2755 1488 2777 ad
1502 2755 1707 2777 reconciliationem
1719 2755 1741 2776 in
1754 2755 1836 2777 umbra
1848 2755 1928 2777 mortis
1945 2754 2076 2781 1366111101ος

1236 2797 1330 2823 quarto,
1342 2794 1365 2816 in
1378 2794 1451 2822 figura
1468 2794 1594 2820 mannatis,
1606 2797 1628 2816 et
1640 2795 1683 2815 1106
1700 2793 1728 2815 ad
1746 2793 1884 2815 medieinam
1902 2792 2077 2815 mollificationis

1236 2836 1314 2855 contra
1332 2839 1371 2855 cor
1389 2834 1499 2858 ferreum,
1517 2832 1539 2854 id
1556 2835 1590 2854 est
1606 2831 1758 2858 obstinatum,
1776 2831 1828 2860 quia
1846 2833 1916 2853 homo
1928 2834 1976 2853 erat
1988 2831 2078 2854 vinctus

1238 2872 1310 2899 ferro,
1328 2871 1349 2894 id
1367 2874 1401 2894 est
1417 2871 1486 2893 corde
1503 2870 1624 2893 obstinato.
1642 2870 1801 2900 confiteantur
1818 2876 1874 2899 erqo
1891 2873 1934 2892 etc.

2096 1110 2190 1134 Epilogus.
