2285 3398
28 311 158 354 nequsmntnr
171 312 207 333 ex
228 308 307 342 parte
328 306 387 340 sui,
408 306 456 335 sed
476 314 513 335 ex
534 309 612 343 parte
627 308 729 336 nostra.
746 306 772 335 Si
787 306 929 341 volumus,
944 306 1018 351 quod
1043 302 1045 321 '¹

40 337 112 359 septem
126 335 158 354 d-o

40 364 81 377 mus
109 359 159 377 colu-

39 386 101 400 mnae.

735 182 778 211 DE
800 182 898 211 BONIS
919 182 1064 212 SPIRITUS
1084 183 1109 211 S.
1131 182 1294 212 COLLATIO
1316 184 1356 212 1x.

171 258 304 296 sapientia
335 268 388 288 non
418 259 522 290 habitet
552 260 714 294 nobiscum,
742 268 796 288 non
824 263 865 289 est
895 260 1019 289 desectus

173 351 223 380 lux
244 352 384 388 praedicta
405 352 510 382 habitet
531 352 557 381 in
580 352 674 387 nobis;
689 355 813 390 oportet,
828 353 903 390 quod
918 347 1018 382 habea-

171 406 234 428 mus
255 399 407 428 columnas
427 403 540 436 septem.
555 416 594 420 —
608 399 659 428 Sed
674 408 745 440 quae
760 402 825 429 sunt
846 402 951 436 septem
973 408 1017 428 co-

171 445 282 475 lumnae
302 445 525 477 huiusdomus?
546 446 675 483 Nunquid
697 454 743 475 eas
763 446 903 475 fabricabo
924 446 959 475 de
973 453 1017 475 ca-

170 491 225 528 pite
246 494 326 521 meo?
346 489 436 527 Absit;
458 500 536 521 sacra
557 492 700 529 Scriptura
727 493 793 522 satis
820 492 941 530 explicat
961 500 1014 521 eas.

170 538 219 567 Ubi
240 538 326 576 igitur
347 538 520 568 inveniamus
541 541 607 568 eas?
628 539 727 568 Beatus
748 539 892 573 Iacobus²,
913 539 1015 568 descri-

170 586 237 614 bens
257 585 434 623 sapientiam,
456 594 527 623 quae
557 586 705 615 desursum
736 589 793 621 est,
815 586 891 623 ponit
911 588 1016 623 septem

169 631 229 660 eius
259 631 429 661 conditiones
459 632 568 661 dicens:
597 633 736 661 Primum
764 633 879 671 quidem
903 632 1016 669 pudiea

169 681 226 711 est,
248 678 349 707 deinde
376 678 521 716 pacifica,
552 679 698 714 modesta,
729 679 902 713 suadibilis,
934 678 1015 708 bonis

169 724 362 759 consentiens,
381 725 469 762 plena
488 725 694 754 misericordia
714 730 739 754 et
759 725 908 763 fructibus
923 725 1014 759 bonis,

170 778 226 799 non
247 771 400 806 iudicans,
421 771 484 800 sine
502 772 695 800 simulatione.
719 772 744 800 Si
766 776 875 809 possem
895 772 947 801 ista
967 780 1014 801 vo-

170 816 210 845 bis
241 818 397 855 explicare,
427 826 481 847 non
512 818 653 847 crederem
682 819 798 855 perdere
826 818 911 848 verba
937 826 1014 854 mea,

168 864 254 893 immo
274 865 368 894 darem
390 865 467 894 vobis
487 873 615 902 magnam
635 866 708 894 viam
729 865 762 894 ad
783 865 954 902 sapientiam.

247 913 273 940 9.
296 912 364 941 lstae
385 912 529 941 columnae
550 920 605 940 non
627 915 691 941 sunt
712 912 764 941 nisi
779 912 881 949 gradus
902 912 1014 949 quidam

34 963 80 982 Pars
93 963 114 981 ¹¹
127 958 200 986 nead
222 959 392 995 sapientiam.
424 958 525 995 Collige
555 962 660 995 septem
688 959 839 987 columnas.
863 959 953 988 Prima
973 961 1014 988 est

22 988 98 1013 septem
105 986 155 1005 colu-

26 1010 75 1028 mnis
99 1009 155 1029 hunus
164 1004 311 1042 pudicitia
332 1006 360 1034 in
381 1013 475 1040 carne;
498 1005 618 1034 secunda
632 1008 673 1034 est
688 1005 852 1034 innocentia
866 1006 893 1034 in
909 1008 1013 1040 mente;

26 1033 99 1052 domus.

169 1052 250 1080 tertia
271 1055 312 1081 est
333 1047 517 1081 moderantia
538 1052 566 1080 in
587 1060 727 1086 sermone;
742 1054 842 1089 quarta
856 1055 898 1080 est
911 1053 1013 1081 suadi-

169 1097 266 1127 bilitas
287 1098 314 1127 in
336 1099 451 1133 affectu,
465 1100 493 1127 et
506 1098 604 1135 quinta
617 1102 659 1127 est
673 1098 834 1127 liberalitas
855 1098 882 1126 in
897 1098 1012 1132 effectu;

168 1147 248 1173 sexta
267 1148 309 1174 est
329 1145 490 1174 maturitas
510 1145 537 1173 in
560 1144 677 1179 iudicio,
698 1148 725 1174 et
746 1144 861 1181 septima
882 1147 924 1172 est
943 1144 1013 1173 sim-

164 1190 284 1227 plicitas
304 1191 331 1220 in
353 1191 511 1221 intentione.
534 1191 584 1220 Per
615 1191 668 1220 ista
689 1190 827 1220 stabilitur
851 1189 950 1218 domus
971 1198 1013 1219 sa-

167 1237 293 1274 pientiae.

248 1286 291 1312 10.
314 1285 419 1319 Prima,
440 1285 515 1319 dico,
536 1285 665 1313 columna
685 1285 782 1313 domus
803 1283 952 1320 sapientiae
973 1285 1014 1312 est

24 1335 159 1360 commatati—
165 1331 312 1367 pudicitia
342 1331 370 1360 in
401 1339 499 1366 carne;
528 1331 602 1360 unde
629 1331 709 1360 dicit:
738 1330 877 1359 Primum
898 1330 1014 1368 quidem

72 1364 110 1378 ma.

35 1709 152 1733 Exemplum.

163 1375 277 1414 pudiea
298 1381 346 1406 est.
368 1378 460 1414 Quare
480 1378 532 1407 ista
562 1381 604 1407 est
634 1378 744 1415 prima?
768 1377 839 1413 Quia
867 1377 936 1406 haec
956 1380 1013 1411 est,

166 1432 223 1461 qua
242 1427 351 1461 oportet
371 1425 505 1461 incipere;
526 1425 659 1454 scribitur
679 1424 752 1453 enim
773 1424 801 1452 in
816 1424 888 1452 libro
902 1424 1013 1461 Sapien-

167 1470 256 1499 tiae2:
272 1471 308 1499 In
328 1471 499 1500 malevolam
520 1472 654 1500 animam
674 1479 732 1499 non
754 1470 885 1499 introibit
898 1470 1013 1508 sapien-

166 1516 225 1551 tia,
246 1526 297 1545 nec
318 1516 459 1546 habitabit
478 1517 510 1546 in
530 1526 651 1555 corpore
670 1517 785 1546 subdito
796 1518 932 1555 peccatis.
947 1517 1014 1546 Cor-

167 1571 219 1600 pus
240 1564 409 1601 impudicum
431 1566 472 1593 est
485 1564 635 1593 subditum
646 1564 790 1601 peccatis:
805 1564 866 1593 ideo
880 1564 1014 1601 sapientia

166 1610 194 1638 in
214 1618 247 1639 eo
267 1619 321 1639 non
335 1613 425 1647 potest
438 1610 572 1639 habitare.
594 1611 702 1640 Dicitur
717 1611 744 1640 in
759 1611 830 1640 libro
845 1611 1012 1648 Sapientiae:

171 1656 205 1685 Ut
225 1650 310 1691 scivi,
331 1657 472 1695 quoniam
499 1657 584 1686 aliter
614 1666 674 1686 non
698 1666 813 1694 possem
834 1666 893 1685 esse
923 1658 1013 1686 eonti-

165 1712 245 1738 nens,
267 1704 327 1733 nisi
348 1704 424 1732 Deus
445 1704 498 1733 det.
521 1721 558 1725 —
579 1704 730 1742 Gregorius
754 1705 941 1733 Nazianzenus
962 1704 1027 1745 fuit¹

165 1750 272 1779 iuvenis
292 1750 500 1779 mundissimus.
516 1750 633 1785 Accidit,
648 1750 722 1787 quod
743 1750 871 1779 studebat
893 1750 1012 1779 Athenis.

165 1796 288 1833 Quadam
310 1799 404 1831 nocte,
425 1805 490 1825 cum
510 1797 659 1831 dormiret,
674 1797 750 1825 venit
769 1797 804 1825 ad
824 1805 888 1826 eum
903 1797 1014 1825 domina

166 1843 370 1881 pulcherrima,
392 1843 497 1872 habens
517 1844 586 1872 duas
606 1843 784 1880 pedissequas
805 1847 936 1880 tanquam
959 1844 1013 1872 vir-

166 1890 261 1927 gines3
283 1890 342 1927 ipse
362 1890 464 1926 incepit
491 1898 552 1918 eam
580 1890 722 1926 repellere.
745 1890 776 1918 Et
796 1890 868 1918 dixit
886 1890 1012 1918 domina:

171 1948 185 1962 α
195 1945 251 1965 non
265 1936 354 1973 fugias
368 1944 427 1970 me,
442 1936 508 1973 quia
522 1944 577 1965 non
591 1936 653 1965 veni
671 1936 705 1964 ad
727 1939 753 1965 te
767 1936 1011 1973 corrumpendum.

166 1983 233 2012 Sum
255 1983 400 2020 sapientia,
415 1986 442 2012 et
455 1983 527 2012 duae
541 1983 721 2020 pedissequae
735 1986 800 2012 sunt
813 1982 965 2012 humilitas
986 1986 1013 2012 et

166 2030 291 2067 castitas>
309 2030 366 2059 sive
386 2030 527 2067 pudicitia.
549 2030 576 2058 Si
598 2030 639 2059 vis
660 2037 713 2064 me,
735 2038 807 2067 quae
828 2038 890 2059 sum
905 2030 1012 2067 sapien-

229 2220 238 2233 ¹
254 2221 311 2249 Cap.
328 2222 341 2243 3
350 2239 355 2249 ,
369 2221 396 2243 i7
408 2230 412 2243 :
430 2222 493 2249 Quae
513 2224 591 2244 autem
602 2222 725 2245 desursum
736 2225 771 2245 cst
781 2223 891 2250 sapientia
909 2224 1011 2251 primum

166 2262 213 2283 etc.·
225 2261 250 2282 In
266 2260 318 2282 cod.
335 2260 353 2282 Α
369 2260 474 2288 additur,
491 2260 532 2282 sed
549 2263 671 2289 corrupte:
688 2260 770 2291 Aliqui
784 2261 876 2285 addunt
895 2271 906 2282 α
917 2262 967 2286 sine
982 2262 1011 2286 si-

166 2297 297 2321 mulatione
308 2307 320 2318 n
339 2297 427 2321 addere
444 2298 485 2327 <!);
502 2300 523 2321 et
540 2298 583 2322 hoc
599 2299 690 2329 falsum
706 2301 752 2328 est,
768 2301 794 2323 ut
800 2300 896 2330 patebit.
914 2301 1011 2324 Videtur

166 2337 203 2359 hic
219 2337 332 2359 insinuari
348 2337 383 2359 illa
400 2343 446 2359 non
463 2337 596 2366 infrequens
611 2338 689 2367 lectio,
702 2345 778 2367 quae,
795 2339 879 2362 omissa
900 2341 1010 2368 particula

165 2381 227 2403 non,
244 2375 294 2397 unit
310 2374 360 2398 sine
376 2374 528 2398 simulatione
545 2382 598 2398 cum
624 2376 697 2400 verbo
719 2377 834 2401 iudicans.
851 2378 896 2401 Csr.
913 2379 1010 2408 Bonelli,

167 2414 287 2442 Supplem.
303 2414 337 2436 lll.
353 2414 396 2436 col.
413 2413 471 2442 492,
487 2416 540 2436 nota
558 2416 571 2436 l'.

229 2451 238 2465 ⁹
254 2452 310 2481 Cap.
330 2453 356 2479 t,
373 2453 395 2475 4.
412 2452 468 2475 lbid.
487 2454 514 2480 8,
531 2454 569 2476 2⁴.
585 2456 620 2476 est
636 2460 685 2483 seq.
701 2455 773 2479 locus.

229 2489 239 2503 ⁸
255 2491 323 2514 Prov.
341 2492 382 2519 it,
401 2493 423 2514 2.
439 2504 470 2508 —
486 2492 589 2515 Narratio
613 2493 642 2515 de
667 2494 778 2522 Gregorio
802 2498 836 2517 est
860 2496 882 2517 in
907 2496 1010 2524 quodam

166 2530 263 2557 prologo
280 2523 364 2552 numni
380 2530 403 2552 in
420 2529 491 2552 libros
508 2531 531 2552 S.
547 2531 665 2559 Gregorii,
679 2532 719 2560 qui
734 2532 849 2556 invenitur
865 2534 888 2556 in
904 2534 942 2557 ed.
958 2541 1011 2563 ope-

165 2573 218 2590 rum
235 2568 259 2590 S.
275 2568 379 2596 Gregorii
396 2569 448 2590 Naz.
461 2575 487 2591 ex
504 2569 609 2591 versione
621 2570 664 2592 lac.
675 2570 731 2592 Billii
743 2571 832 2599 (Venet.
845 2572 914 2601 1753)
927 2575 983 2595 tom.
994 2574 1011 2596 I.

165 2607 209 2629 col.
225 2606 270 2628 649
288 2613 337 2635 seq.
355 2607 387 2636 (in
403 2608 440 2630 ed.
458 2608 533 2635 Migne
550 2608 586 2630 hic
603 2609 725 2638 prologus,
737 2610 803 2633 sicuti
814 2602 882 2633 etiam
895 2612 1010 2635 orationes

165 2652 238 2674 seqq.,
249 2652 310 2674 quae
321 2652 333 2668 a
345 2647 436 2669 Ruffino
448 2646 583 2674 presbytero
594 2648 618 2669 in
629 2648 734 2671 Latinum
751 2651 872 2673 translatae
889 2651 1009 2680 dicuntur,

166 2687 276 2713 tanquam
293 2691 363 2712 opera
379 2686 458 2713 spuria
475 2686 605 2708 iudicantur
621 2689 643 2709 et
659 2688 773 2711 orationes
794 2690 924 2717 praedictae
941 2691 1010 2713 Phoe-

165 2722 247 2751 badio,
265 2723 375 2751 episcopo
391 2725 529 2752 Aginnensi,
554 2725 717 2754 ascribuntur).
742 2727 766 2749 ln
783 2727 825 2750 isto
842 2729 940 2757 Prologo
956 2730 1009 2757 legi-

165 2764 218 2784 tur:
237 2770 248 2781 «
260 2762 354 2785 Athenis
370 2765 392 2785 et
409 2763 468 2786 altus
484 2766 506 2786 et
522 2764 626 2787 eruditus
643 2764 800 2795 [Gregorius]
822 2769 847 2789 ut
871 2768 947 2795 pauci.
964 2769 1009 2791 Nec

165 2803 242 2824 tamen
259 2801 281 2822 in
297 2803 471 2825 conversatione
488 2803 596 2829 scholari,
613 2804 650 2825 vel
666 2805 745 2827 aetatis
756 2805 792 2827 vel
807 2806 920 2829 sodalium
938 2807 1010 2830 illece-

165 2839 214 2862 bris
230 2840 326 2868 cedens,
343 2841 445 2868 prodidit
465 2842 627 2870 pudicitiam...
644 2843 747 2872 Denique
771 2850 825 2866 curn
849 2845 1009 2873 philosophiae

164 2878 246 2901 studiis
262 2879 326 2906 apud
342 2879 442 2903 Athenas
457 2880 560 2908 floreret,
572 2881 630 2904 vidit
646 2887 687 2909 per
703 2888 811 2910 soporem
828 2884 915 2907 sedenti
931 2884 1009 2907 sibiet

164 2917 249 2945 legenti
265 2917 324 2939 duas
340 2917 437 2940 decoras
453 2918 507 2941 satis
529 2919 607 2942 dextra
628 2920 740 2949 laevaque
756 2921 852 2945 seminas
868 2923 1009 2946 consedisse.

163 2956 227 2984 Quas
243 2955 279 2978 ille
295 2956 404 2979 castitatis
420 2957 527 2980 instinctu
544 2958 610 2980 oculo
628 2958 728 2982 torviore
743 2960 881 2990 respiciens,
892 2967 1007 2990 quaenam

1863 187 1915 215 501

1075 260 1127 294 tia,
1149 268 1229 288 serva
1250 261 1426 298 pedissequas
1448 262 1529 297 istas,
1551 262 1654 291 scilicet
1682 263 1864 292 humilitatem
1892 266 1920 292 et

1073 306 1242 341 castitatem,
1264 307 1330 344 quia
1350 308 1402 336 ubi
1421 307 1513 345 suerit
1542 309 1696 346 superbia,
1718 309 1760 338 ibi
1778 309 1834 338 erit
1853 318 1919 338 con-

1074 352 1210 385 tumelia,·
1232 353 1283 382 ubi
1302 358 1400 383 autem
1425 358 1466 383 est
1493 354 1655 390 humilitas,
1677 355 1718 384 ibi
1737 360 1777 384 est
1804 356 1920 393 sapien-

1074 398 1116 427 tia
1126 398 1166 426 »³.
1184 400 1253 428 Vera
1268 400 1410 437 virginitas
1424 404 1478 434 est,
1494 401 1520 429 in
1536 410 1591 438 qua
1605 402 1739 438 sapientia
1759 402 1919 431 associatur.

1074 445 1217 474 llumilitas
1239 455 1302 475 cum
1324 447 1456 483 pudicitia
1477 451 1518 476 est
1539 448 1698 485 principalis
1729 448 1857 477 columna
1877 456 1920 476 sa·

1073 492 1198 528 pientiae.
1222 493 1291 522 Dicit
1313 494 1479 522 Salom0n⁴:
1502 494 1672 523 Luoeuriosa
1693 504 1739 524 res
1760 495 1877 529 vinum,
1896 497 1921 523 et

1068 539 1255 568 tumultuosa
1270 540 1410 573 ebrietas;
1425 540 1599 579 quicumque
1613 540 1658 569 liis
1676 542 1847 576 delectatur,
1862 549 1922 570 non

1072 585 1127 614 erit
1147 587 1264 623 sapiens
1271 597 1281 620 ,·
1302 590 1329 615 et
1349 587 1430 615 alibi:
1460 587 1564 616 Vinum
1590 592 1615 616 et
1646 588 1781 617 mulieres
1802 591 1920 626 aposta-

1073 636 1135 661 tare
1155 633 1273 670 saciunt
1292 634 1436 671 sapientes
1460 638 1485 662 et
1513 638 1638 672 argyuent
1658 640 1796 664 sensatos.
1820 636 1920 664 Exem-

1072 679 1149 716 plum
1171 680 1313 709 tractabile
1334 680 1419 710 habes
1440 681 1467 709 in
1489 681 1535 709 illo
1562 682 1721 716 Salomone,
1743 682 1791 719 qui
1812 684 1921 719 aposta-

1072 727 1139 755 tavit
1159 730 1272 764 propter
1293 727 1425 757 mulieres
1443 736 1533 765 usque
1553 729 1587 757 ad
1608 729 1714 757 cultum
1736 728 1920 764 idololatriae;

1071 773 1119 810 qui
1146 776 1236 803 tamen
1257 774 1382 811 repletus
1403 774 1462 812 fuit
1482 775 1629 812 sapientia
1649 775 1725 804 sicut
1751 775 1870 813 fluvius.
1894 776 1921 804 Si

1071 823 1143 849 esset
1164 821 1294 856 taberna,
1316 821 1343 850 in
1359 829 1415 858 qua
1429 821 1597 852 venderetur
1611 822 1723 857 vinum,
1745 823 1819 860 quod
1840 822 1921 851 indu-

1071 870 1145 896 ceret
1166 867 1255 896 omnis
1276 868 1425 904 sapientiae
1445 868 1626 903 oblivionem;
1648 869 1746 903 crede,
1762 869 1837 906 quod
1857 860 1926 899 nul..

1071 913 1115 942 lus
1135 917 1207 943 esset
1227 914 1265 942 ita
1285 914 1394 948 fatuus,
1409 914 1483 951 quod
1498 917 1603 944 emeret
1616 915 1712 944 vinum
1728 916 1803 944 illud.
1819 916 1920 951 Credo,

1070 961 1144 997 quod
1165 961 1240 989 Deus
1269 963 1401 990 aeternus
1421 961 1553 990 altissima
1584 962 1627 990 sui
1649 962 1754 991 consilii
1779 962 1920 999 dispensa—

1071 1007 1144 1036 tione
1165 1007 1290 1044 permisit
1321 1008 1446 1037 Salomon
1471 1008 1585 1042 cadere‚
1607 1011 1638 1037 ut
1668 1016 1763 1038 omnes
1794 1009 1920 1038 homines

1070 1052 1181 1082 doceret
1202 1054 1298 1090 sugere
1319 1054 1459 1083 mulieres.

1152 1101 1195 1128 11.
1218 1100 1343 1129 Secunda
1363 1100 1492 1129 columna
1512 1100 1611 1129 domus
1641 1101 1791 1137 sapientiae
1812 1104 1854 1130 est
1874 1102 1919 1130 in·
1931 1106 2026 1126 Secunda-

1070 1146 1203 1175 nocentia
1223 1147 1251 1175 in
1272 1149 1379 1181 mente;
1402 1146 1477 1183 quod
1497 1149 1624 1181 notatur,
1646 1155 1709 1175 cum
1724 1148 1805 1176 dicit:
1820 1148 1921 1177 deinde

1068 1191 1204 1228 pacifica.
1236 1192 1429 1229 Augustinus⁶
1457 1192 1538 1226 dicit,
1566 1193 1642 1229 quod
1667 1201 1748 1230 «pax
1773 1197 1815 1222 est
1846 1197 1921 1223 tran-

1069 1238 1192 1274 quillitas
1216 1238 1366 1272 ordinis»,
1394 1238 1513 1272 scilicet,
1540 1239 1652 1276 quando
1683 1239 1747 1276 quis
1778 1240 1922 1269 humiliter
1951 1242 1954 1245 “

1070 1283 1181 1312 subiicit
1202 1292 1231 1313 se
1244 1284 1410 1321 superiori,
1425 1285 1627 1322 aequanimiter
1648 1293 1678 1315 se
1699 1286 1800 1315 habeat
1816 1286 1851 1315 ad
1866 1295 1922 1324 pa-

1070 1339 1132 1359 rem
1153 1333 1186 1359 et·
1207 1331 1327 1360 discrete
1343 1331 1451 1368 vpraesit
1472 1330 1619 1368 inferiori.
1647 1331 1765 1367 Omnes,
1786 1333 1834 1370 qui
1856 1336 1923 1362 sunt

1070 1376 1119 1405 filii
1141 1377 1305 1414 sapientiae,
1321 1378 1424 1406 habent
1445 1378 1520 1407 hunc
1541 1378 1675 1407 ordinem.
1698 1379 1806 1408 Dicitur
1826 1379 1854 1408 in
1873 1380 1922 1409 Ec-

1070 1424 1240 1453 clesiastico:
1256 1424 1328 1453 Filii
1340 1425 1513 1461 sapientiae,
1534 1425 1653 1455 ecclesia
1674 1426 1830 1455 iustorum.
1846 1426 1922 1456 Unde

1070 1471 1195 1500 bellum?
1216 1471 1242 1500 Si
1270 1471 1399 1509 diligeres
1427 1480 1539 1509 parem,
1570 1472 1697 1502 obedires
1725 1473 1863 1511 superiori
1894 1477 1922 1503 et

1070 1526 1213 1555 praeesses
1227 1518 1352 1547 ordinate
1366 1518 1506 1553 inferiori;
1521 1519 1640 1548 haberes
1653 1528 1757 1557 pacem.
1773 1520 1826 1557 Qui
1840 1520 1920 1550 istam

1070 1573 1166 1602 pacem
1187 1565 1333 1602 perturbat
1361 1565 1480 1594 destruit
1499 1565 1615 1595 domum
1636 1567 1793 1604 sapientiae.
1819 1567 1920 1596 Scribi-

1070 1615 1118 1641 tur
1139 1612 1167 1640 in
1188 1611 1382 1640 Proverbiis⁶t
1406 1612 1464 1648 Qui
1486 1613 1603 1649 patiens
1630 1617 1672 1642 est
1701 1613 1795 1642 multa
1814 1613 1920 1651 guber-

1070 1663 1162 1687 natur
1181 1658 1344 1695 sapientla;
1365 1659 1418 1696 qui
1437 1659 1593 1696 impatiens
1623 1663 1665 1688 est
1684 1660 1795 1689 exaltat
1824 1660 1920 1689 stulti-

1071 1705 1144 1733 tiam
1164 1713 1266 1739 suam,
1286 1708 1313 1734 et
1334 1705 1372 1734 sic
1394 1706 1527 1742 pervertit
1547 1706 1660 1735 domum
1681 1707 1838 1744 sapientiae.
1854 1708 1920 1737 Bea-

1071 1754 1116 1780 tus
1137 1751 1265 1780 lacobus:
1282 1751 1354 1787 Quis
1367 1752 1485 1789 sapiens
1498 1755 1524 1780 et
1537 1752 1743 1790 disciplinatus
1757 1754 1833 1782 inter
1850 1754 1919 1783 vos?

1073 1798 1210 1826 Ostendat
1229 1806 1264 1826 esc
1285 1798 1361 1827 bona
1382 1799 1597 1827 conversatione
1615 1800 1811 1836 operationem
1830 1809 1920 1830 suam

1071 1845 1102 1873 in
1122 1845 1345 1873 mansuetudine
1364 1845 1532 1882 sapientiae.

1151 1893 1195 1920 12.
1217 1892 1309 1920 Tertia
1330 1892 1457 1921 columna
1477 1893 1578 1922 domus
1599 1893 1748 1930 sapientiae
1762 1898 1804 1923 est
1824 1895 1919 1924 mode-
1932 1899 2003 1918 Tertia-

1070 1938 1172 1966 rantia
1192 1938 1220 1966 in
1241 1946 1384 1973 sermone;
1406 1942 1434 1968 et
1455 1939 1507 1968 hoc
1528 1943 1656 1975 notatur,
1677 1948 1742 1969 cum
1762 1941 1843 1970 dicit:
1859 1950 1920 1970 mo-

1069 1984 1157 2013 desta.
1180 1985 1268 2022 Super
1289 1986 1382 2014 omnia
1401 1986 1525 2023 exigitur
1539 1987 1710 2016 moderantia
1724 1988 1752 2016 in
1770 1997 1902 2017 sermone
1909 1999 1920 2023 ;

1069 2031 1143 2060 unde
1163 2031 1191 2060 in
1213 2032 1439 2061 Ecclesiastico⁷:
1454 2033 1547 2062 Homo
1567 2033 1685 2071 sapiens
1706 2034 1808 2063 tacebit
1828 2043 1920 2074 usque

1068 2227 1145 2247 essent
1161 2227 1183 2247 et
1199 2225 1257 2254 quid
1273 2224 1318 2247 sibi
1334 2225 1429 2254 vellent,
1442 2226 1644 2254 percunctabatur.
1661 2227 1689 2249 At
1705 2227 1779 2250 illae...
1796 2228 1875 2251 aiunt:
1886 2229 1919 2251 Ne

1068 2264 1163 2286 moleste
1181 2264 1294 2292 accipias,
1311 2264 1413 2293 iuvenis,
1431 2267 1497 2288 notae
1515 2265 1555 2288 tibi
1573 2266 1628 2288 satis
1644 2268 1667 2288 et
1683 2266 1806 2290 familiares
1828 2273 1919 2290 sumus.

1067 2303 1142 2325 Altera
1159 2303 1220 2325 enim
1238 2310 1264 2326 ex
1281 2303 1348 2326 nobis
1364 2304 1488 2332 sapientia,
1500 2305 1570 2327 altera
1587 2305 1679 2327 castitas
1690 2305 1785 2334 dicitur,
1798 2309 1820 2328 et
1834 2306 1919 2329 missae

1068 2348 1149 2364 sumus
1167 2348 1179 2364 a
1197 2342 1296 2365 Domino
1312 2345 1390 2365 tecum
1408 2342 1523 2372 habitare,
1541 2343 1594 2372 quia
1612 2344 1741 2367 iucundum
1758 2344 1826 2367 nobis
1842 2347 1865 2367 et
1884 2351 1918 2367 sa-

1067 2381 1097 2403 tis
1113 2381 1227 2403 mundum
1238 2381 1267 2403 ‘in
1285 2382 1355 2404 eorde
1371 2384 1411 2404 tuo
1431 2381 1588 2405 babitaculum
1611 2383 1788 2411 praeparasti».
1805 2384 1918 2406 Baronius

1068 2419 1091 2442 in
1102 2420 1149 2442 vita
1162 2420 1184 2442 S.
1196 2421 1302 2449 Gregorii
1318 2421 1372 2443 Naz.
1390 2421 1462 2450 (apud
1479 2422 1581 2444 Bolland.
1598 2421 1666 2444 die-9
1684 2422 1743 2451 Maii)
1762 2428 1782 2445 c.
1800 2423 1822 2445 4.
1838 2429 1861 2445 n.
1878 2420 1917 2446 40.

1068 2462 1090 2482 et
1107 2459 1145 2482 Μ.
1162 2460 1230 2482 liuius
1246 2460 1342 2484 visionis
1358 2461 1499 2483 mentionem
1516 2461 1581 2490 lacit,
1601 2462 1642 2484 sed
1659 2457 1736 2490 addit,
1754 2462 1812 2485 duas
1828 2463 1917 2490 puellas

1068 2504 1092 2521 se
1109 2499 1236 2526 appellasse
1252 2499 1384 2523 castitatem
1401 2503 1424 2522 et
1440 2500 1630 2530 temperantiam.
1647 2500 1692 2523 Csr.
1709 2501 1790 2524 Petrus
1806 2501 1835 2523 de
1852 2501 1917 2527 Nata-

1068 2536 1140 2566 libus,
1157 2538 1282 2566 episcopus
1306 2539 1438 2568 Equilinus,
1455 2538 1558 2567 Catalog.
1583 2540 1719 2562 Sanctorum
1742 2539 1782 2562 lib.
1798 2540 1824 2562 ll.
1840 2536 1861 2562 c.
1878 2540 1917 2562 69.

1068 2576 1098 2599 de
1114 2577 1210 2605 Gregor.
1227 2578 1292 2607 Naz.,
1309 2578 1351 2602 ubi
1367 2580 1423 2601 haec
1440 2578 1499 2601 visio
1516 2579 1615 2601 refertur
1632 2579 1675 2601 alio
1687 2579 1770 2607 modo,
1782 2579 1823 2608 qui
1839 2579 1916 2602 minus

1067 2615 1183 2644 discrepat
1198 2616 1228 2639 ab
1246 2617 1282 2640 illo
1299 2623 1346 2646 quo
1363 2617 1483 2640 exhibetur
1499 2623 1512 2640 a
1530 2618 1552 2640 S.
1569 2618 1670 2645 Bonav.,
1687 2620 1712 2640 ut
1733 2620 1796 2640 notat
1818 2618 1915 2646 Bonelli,

1067 2654 1187 2682 Supplem.
1204 2657 1260 2678 tom.
1276 2656 1311 2679 lll.
1327 2656 1371 2679 col.
1391 2656 1449 2685 489,
1466 2659 1519 2678 nota
1537 2662 1556 2678 c.

1130 2691 1140 2705 ⁴
1156 2694 1225 2716 Prov.
1242 2694 1285 2721 20,
1298 2695 1320 2717 l.
1331 2707 1362 2712 —
1374 2696 1427 2724 Seq.
1444 2695 1508 2717 locus
1524 2698 1559 2718 est
1569 2695 1637 2718 Eccli.
1650 2696 1691 2724 49,
1704 2696 1725 2718 2.
1738 2696 1826 2718 Deinde
1842 2696 1916 2724 respi-

1067 2731 1126 2754 citur
1143 2731 1199 2754 ibid.
1217 2732 1258 2760 47,
1277 2733 1314 2756 46.
1331 2734 1364 2756 De
1382 2734 1504 2756 Salomone
1520 2734 1561 2756 csr.
1578 2735 1612 2756 lll.
1627 2735 1685 2762 Reg.
1704 2734 1728 2756 Μ
1740 2752 1746 2763 ,
1764 2735 1786 2757 l.
1802 2740 1868 2764 seqq.

1129 2768 1139 2781 ⁶
1155 2770 1218 2793 Lihr.
1234 2772 1296 2794 XIX.
1312 2772 1342 2794 de
1358 2772 1408 2795 Civ.
1426 2773 1480 2801 Dei,
1491 2778 1511 2795 c.
1524 2773 1562 2795 ⁴3.
1572 2779 1597 2795 n.
1614 2774 1622 2795 l
1635 2781 1640 2795 :
1653 2774 1698 2795 Pax
1715 2773 1820 2796 omnium
1836 2779 1915 2796 rerum

1067 2808 1217 2837 tranquillitas
1233 2810 1329 2833 ordinis.
1344 2823 1376 2828 —
1393 2812 1446 2840 Seq.
1463 2811 1527 2834 locus
1543 2814 1578 2834 est
1594 2812 1661 2834 Eccli.
1679 2812 1706 2841 3,
1725 2813 1747 2835 t.

1128 2845 1139 2858 θ
1155 2847 1211 2875 Cap.
1229 2848 1271 2877 44,
1289 2850 1327 2872 29.
1343 2862 1374 2867 —
1391 2851 1445 2879 Seq.
1462 2851 1526 2873 locus
1543 2853 1578 2873 est
1594 2851 1638 2873 lac.
1655 2851 1683 2878 3,
1701 2851 1738 2874 ⁴3.

1128 2883 1137 2897 ⁷
1154 2885 1210 2914 Cap.
1227 2887 1269 2915 20,
1286 2887 1309 2910 7.
1325 2900 1357 2905 -·
1374 2889 1427 2918 Seq.
1443 2889 1507 2912 locus
1528 2889 1606 2919 (Omni
1627 2890 1721 2918 negotio
1743 2889 1794 2918 etc.)
1817 2892 1852 2912 est
1873 2890 1914 2912 Ec-

1052 2924 1107 2954 .cle.
1124 2925 1151 2953 8,
1168 2924 1191 2947 6.
