2285 3398
349 157 405 186 418

348 236 425 265 (ledit
447 236 502 271 iiii,
524 239 557 265 ut
578 236 702 265 *vinceret
722 240 746 265 et
766 237 869 271 sciret,
895 238 1035 276 quoniam
1063 240 1195 268 omnium

344 283 488 320 potentior
509 286 549 312 esi
573 283 726 321 sapientia.
750 300 787 305 ——
810 285 855 314 Est
885 285 967 314 etiam
999 286 1195 324 contemplans

348 339 487 360 summum
502 330 619 365 bonum;
642 331 669 360 in
684 331 834 369 Sapientia:
851 333 902 361 Est
914 333 991 362 enim
1005 332 1074 362 haee
1087 334 1194 371 specio-

346 379 408 407 sior
427 378 492 407 soce.
514 378 587 407 Facit
607 378 679 408 enirn
694 379 814 408 animam
830 382 942 417 gustare
956 383 983 409 et
997 380 1080 409 uniri.
1097 397 1133 402 ——
1150 381 1195 409 Est

346 425 428 454 etiam
450 425 623 454 collaudans
643 434 679 455 ex
695 426 824 456 omnibus
845 427 941 457 Deum.
964 427 1011 457 Hic
1031 428 1140 457 fructus
1154 430 1195 456 est

347 473 512 502 coniunctus
530 472 661 510 ,aleriam
682 474 734 503 hoc
755 482 841 511 opus,
863 475 916 504 hoc
930 483 1047 509 munus,
1070 475 1115 504 hic
1136 475 1194 503 sru-

349 522 424 549 ctus:
447 519 626 554 videbimus,
648 520 832 556 amabimus,
854 521 1044 551 laudabimus
1057 523 1075 550 ¹.

205 574 338 617 epibofflffl
426 569 472 596 22.
495 567 526 596 Hi
548 570 670 605 quatuor
698 568 807 599 fructus
828 577 877 607 per
901 570 1026 599 ordinem
1054 571 1193 599 oriuntur.

205 615 535 664 oqhnsmeratio-Consideratio
555 623 570 644 e
591 615 698 645 directo
712 624 763 653 per
780 617 889 646 ciuium
901 617 1055 654 praesidia
1075 617 1196 654 disponit

206 650 523 700 111Α’ἶῗιὶε1111-ει(1’111111111111
545 665 637 691 aetum
659 663 823 700 sapientiae,
852 663 882 692 in·
907 664 964 693 acie
992 664 1126 697 terribili,
1150 672 1195 692 or-

256 697 303 710 um
345 709 438 737 dinata
459 712 486 738 et
507 709 535 737 in
557 709 649 738 choris
670 712 826 739 castrorum
839 711 859 739 ².

425 756 471 785 23.
489 757 623 791 Secundo,
639 765 688 794 per
704 757 830 787 hostium
845 759 1008 787 certamina
1023 767 1057 787 ea·
1072 759 1196 787 adverso

228 810 332 829 secundus.
346 804 438 833 oritur
464 803 604 833 secundus
635 804 757 839 fructus,
790 805 893 834 scilicet
920 805 1074 834 colluctari
1101 808 1197 834 eontra

346 851 454 885 hostes;
476 850 543 888 quia
564 850 659 884 homo,
675 852 785 888 quando
807 852 890 881 habet
904 852 1012 887 hostes,
1035 855 1101 880 tunc
1119 850 1197 880 valde

345 898 479 936 sagaciter
495 906 524 927 se
538 898 622 935 gerit,
644 902 671 927 et
692 898 839 928 imminens
860 899 963 928 bellum
979 899 1042 928 facit
1058 899 1196 928 hominem

345 953 486 983 sagacem,
515 945 614 975 sortem
643 949 671 975 et
697 946 859 984 sapientem;
882 947 953 976 sicut
975 947 1073 976 inclusi
1095 947 1197 975 multas

345 993 491 1022 inveniunt
512 993 570 1022 vias
590 993 624 1022 ad
652 994 839 1029 evadendum3
869 994 943 1024 unde
971 993 1085 1023 tentatio
1107 994 1196 1023 immi-

345 1049 413 1070 nens
434 1041 514 1079 quasi
546 1049 582 1070 ex
604 1041 717 1079 obliquo
747 1042 890 1071 fortiorem
922 1042 1027 1077 reddit,
1059 1043 1131 1072 sicut
1152 1050 1195 1071 ra-

344 1088 407 1118 dius
421 1088 535 1118 veniens
553 1096 638 1126 super
653 1097 756 1126 corpus
770 1097 900 1126 opacum,
916 1090 1046 1124 densum,
1062 1089 1195 1123 solidum,

346 1140 440 1173 postea
460 1136 599 1171 reflexus,
614 1137 704 1165 maius
719 1137 812 1166 lumen
834 1140 862 1166 et
876 1138 994 1166 calorem
1014 1141 1143 1175 generat,
1164 1140 1196 1166 ut

348 1185 421 1219 patet
442 1183 470 1212 in
491 1183 605 1220 speculo
625 1183 724 1212 ferreo.
747 1183 878 1213 Similiter
905 1184 992 1221 magis
1013 1187 1106 1213 castus
1133 1183 1196 1221 quis

348 1230 482 1265 efficitur,
504 1238 569 1259 cum
597 1230 725 1259 inimicus
745 1230 853 1259 fortiter
882 1232 942 1259 vult
963 1231 1074 1260 trahere
1098 1231 1132 1259 ad
1154 1231 1195 1259 lu-

216 1284 333 1303 Franciseus.
348 1277 469 1306 xuriam.
485 1294 523 1298 -
539 1277 615 1306 Sicut
629 1277 702 1306 enim
717 1277 804 1311 dixit,
825 1278 926 1306 mulier
948 1278 1067 1306 babebat
1087 1278 1195 1307 daemo-

348 1332 427 1358 nem,
449 1324 497 1362 qui
519 1324 546 1352 in
568 1324 615 1353 illa
636 1324 802 1361 loquebatur
824 1328 850 1353 et
877 1321 969 1358 dixit,
992 1325 1067 1362 quod
1088 1325 1196 1354 Franci-

348 1379 412 1401 scus
434 1379 565 1409 magnum
587 1371 691 1400 malum
706 1371 746 1400 eis
760 1371 888 1405 faciebat,
904 1374 931 1400 et
945 1372 1019 1409 quod
1035 1372 1103 1401 bene
1117 1376 1196 1401 erant

349 1422 445 1448 contra
459 1419 551 1456 ipsum
564 1418 721 1455 congregati
737 1418 861 1455 quinque
877 1418 962 1447 millia
976 1419 1009 1447 ad
1025 1419 1114 1456 ipsum
1130 1419 1196 1448 deii-

348 1466 493 1500 ciendum3
510 1468 537 1494 et
550 1465 646 1499 frater,
661 1464 709 1502 qui
724 1464 842 1498 audivit,
857 1465 929 1493 dixit
943 1465 1023 1494 beato
1037 1466 1195 1500 Francisco;

349 1517 414 1542 tunc
435 1513 493 1550 ipse
514 1512 640 1542 surrexit
654 1515 682 1541 et
695 1512 779 1545 dixit,
794 1512 868 1549 quod
886 1512 967 1541 modo
980 1513 1078 1541 sortior
1092 1517 1164 1543 esset
1176 1514 1195 1542 ³.

425 1561 471 1590 24.
495 1560 605 1589 Tertius
626 1560 735 1589 fructus
759 1559 907 1596 sapientiae
938 1562 979 1588 est
1007 1560 1198 1597 contemplari

251 1615 332 1635 Tertius.
348 1616 488 1638 summum
517 1607 637 1642 bonum,
660 1607 734 1645 quod
765 1607 856 1635 oritur
877 1614 913 1636 ex
946 1607 1163 1636 consideratione
1184 1616 1198 1636 e

348 1656 440 1685 uicino
462 1664 511 1693 per
530 1655 706 1694 qratiarum
727 1655 813 1683 dona.
830 1655 916 1683 Tanta
937 1654 1009 1683 enim
1032 1657 1124 1691 posset
1138 1662 1197 1683 esse

347 1704 451 1742 gratia,
477 1703 551 1741 quod
580 1702 703 1732 existens
724 1702 769 1731 hie
797 1705 869 1731 esset
891 1702 968 1739 quasi
1001 1702 1029 1731 in
1060 1701 1196 1739 paradiso.

347 1752 457 1781 Videret
477 1751 551 1780 enim
579 1751 605 1779 in
628 1750 732 1780 intimis
759 1750 832 1784 suis,
855 1750 927 1779 sicut
955 1749 1053 1778 beatus
1080 1749 1197 1783 Paulus,

347 1800 393 1836 qui
416 1799 519 1828 dieit4:
550 1798 733 1836 Sapientiam
758 1797 907 1837 loquimur
935 1797 1011 1826 inter
1035 1795 1197 1835 perfeeto&

347 1849 373 1875 et
394 1849 470 1883 post:
494 1846 582 1875 Nobis
604 1850 701 1874 autem
723 1845 859 1874 revelavit
881 1845 958 1873 Deus
977 1854 1030 1883 pei·
1051 1845 1197 1882 Spiritum

346 1898 492 1923 Mincium.
516 1894 598 1923 Sicut
619 1894 695 1922 enim
723 1902 804 1922 nemo
832 1893 886 1922 scit
911 1902 985 1931 quae
1012 1897 1081 1921 suni
1107 1892 1197 1921 leomi-

349 1941 409 1976 nis,
431 1942 491 1970 uisi
511 1941 650 1978 spiritus,
673 1940 725 1979 qui
744 1940 776 1969 in
797 1940 844 1969 iiio
865 1944 922 1973 esc:
944 1941 986 1969 ila
1011 1944 1035 1969 ei
1056 1950 1131 1979 quae
1147 1940 1199 1969 Dei

348 1992 417 2016 suut
438 1988 593 2022 nescimus,
615 1988 666 2017 nisi
689 1988 807 2025 Spiritus
825 1988 873 2016 Dei
895 1988 979 2017 intret
1000 1988 1027 2017 in
1050 1996 1107 2017 nos.

427 2036 473 2064 ⁹235.
497 2035 537 2063 Ex
560 2038 673 2072 quarto,
695 2035 798 2064 scilicet
819 2043 834 2064 e
856 2035 1028 2074 lonqinquo,
1051 2035 1129 2064 nobis
1157 2035 1198 2064 in-

246 2090 335 2113 Quartus.
349 2083 472 2112 nascitur
500 2082 676 2111 collaudatio
705 2082 752 2111 Dei
784 2083 811 2111 in
843 2082 980 2112 omnibus.
1003 2083 1104 2112 Omnes
1124 2082 1197 2112 enim

350 2133 496 2160 creaturae
518 2131 637 2159 effantur
659 2124 755 2159 Deum.
778 2130 850 2167 Quid
870 2138 920 2167 ego
941 2131 1057 2160 faciam?
1077 2130 1198 2160 Cantabo

350 2186 414 2207 cum
436 2178 572 2207 omnibus.
595 2177 692 2206 Grossa
716 2177 820 2206 chorda
841 2178 867 2206 in
889 2178 996 2207 cithara
1022 2186 1072 2216 per
1094 2186 1122 2207 se
1143 2186 1197 2207 11011

349 2225 419 2254 bene
440 2228 533 2259 sonat,
556 2225 603 2253 sed
635 2233 698 2253 cum
727 2224 786 2253 aliis
807 2228 848 2253 est
878 2226 1063 2254 consonantia.
1086 2225 1198 2263 Figura-

351 2280 413 2300 rum
436 2272 513 2309 signa
533 2271 568 2300 ab
582 2271 710 2300 omnibus
732 2272 867 2301 creaturis
880 2272 1055 2309 accipiuntur
1076 2273 1103 2301 in
1125 2272 1196 2301 Scri-

942 159 973 188 IN
993 153 1213 189 ΗΕΧΑΕΜΕΒΟΝ
1234 159 1396 189 COLLATlo
1417 160 1504 189 XVIII.

1251 242 1335 276 ptura
1348 238 1381 266 ad
1398 238 1566 267 laudandum
1580 239 1678 273 Deum,
1690 242 1721 268 ut
1732 243 1806 276 patet
1820 241 1847 269 in
1864 242 2004 271 Psalmo⁵z
2022 243 2099 271 Lau-

1252 286 1317 314 dato
1338 284 1498 313 Dominum
1515 285 1549 313 (ce
1569 277 1676 318 caelis!
1695 288 1723 315 et
1743 286 1789 314 in:
1813 288 1972 317 Benedieite
1999 290 2099 318 omma

1252 341 1341 370 opera
1362 332 1481 361 Domini
1502 332 1641 367 Domino,
1668 341 1684 361 a
1705 341 1815 362 summo
1836 342 1925 371 usque
1952 336 2098 371 deorsunn

1252 380 1290 409 sic
1319 380 1402 408 1101110
1430 379 1519 408 Deum
1541 380 1636 409 videns
1657 380 1685 409 in
1706 381 1850 415 omnibus,
1872 382 1959 410 Deum
1985 387 2100 420 gustans

1252 427 1279 456 in
1301 427 1430 456 omnibus
1452 426 1541 456 tribus
1562 427 1669 457 viribus
1684 427 1749 457 suis.
1772 428 1911 457 Psalmus:
1933 429 2100 459 Iucundum

1251 475 1289 503 sit
1309 474 1336 502 ei
1355 473 1502 512 eloquium
1522 483 1636 508 mum,
1657 483 1708 512 690
1729 483 1797 503 vero
1818 474 1978 503 ‹teuecabor
1999 475 2031 504 iu
2047 476 2101 505 Do-

1253 521 1349 554 miuo;
1370 524 1397 549 et
1418 520 1498 549 alibi:
1522 521 1673 550 Delectasti
1692 529 1751 555 me,
1776 521 1905 555 Domine,
1927 521 1958 549 in
1978 520 2102 558 factura

1253 573 1322 601 tua‚·
1344 571 1386 596 et:
1408 567 1602 605 .l!a9nifi'eabo
1627 576 1693 596 eum
1715 567 1747 596 in
1769 567 1863 596 laude.
1892 567 1936 596 Sic
1964 568 1991 596 in
2013 569 2101 597 omni-

1252 615 1306 644 bus
1327 615 1411 644 habet
1431 617 1545 652 gustum
1564 618 1592 644 et
1613 615 1789 644 refectionem
1811 614 1967 644 intellectus
1990 618 2018 644 et
2038 616 2102 645 affe-

1253 665 1323 691 ctus.
1349 679 1388 682 —
1414 662 1453 690 Ex
1476 661 1519 690 his
1539 661 1667 691 omnibus
1687 661 1825 691 fructibus
1846 665 1966 699 surgunt
1993 662 2102 691 fruetus

1253 709 1357 738 amoris
1385 712 1412 737 et
1442 708 1594 743 caritatis,
1622 717 1694 747 quae
1725 708 1877 738 intenditur
1905 709 1933 737 in
1964 709 2100 738 omnihus.

1254 754 1350 784 Omnis
1378 755 1451 784 enim
1482 755 1625 793 Scriptura
1655 755 1800 785 ordinatur
1831 755 1865 784 ad
1897 755 2048 785 caritatem.
2072 756 2101 784 Hi
2115 763 2132 805 {3
2160 772 2168 782 5

1254 803 1399 832 duodecim
1413 803 1523 832 fructus
1536 803 1660 833 ordinate
1681 804 1842 832 ascendunt
1855 803 1887 832 ad
1910 803 2060 832 caritatem.
2103 812 2106 813 ⁷

1334 851 1379 879 26.
1403 850 1602 879 Deseemlemio
1622 854 1716 880 autem
1737 860 1752 879 a
1773 850 1887 879 caritate
1906 850 2103 880 ssuunt‘chari-
2117 858 2168 879 item.
2180 858 2199 876 iu
2212 858 2223 876 d

1254 900 1342 927 smata
1362 897 1519 932 duodecim,
1541 906 1612 935 quae
1626 901 1691 927 sunt
1704 897 1836 936 11116168,
1859 906 1929 935 quos
1944 898 2020 935 ponit
2034 898 2103 935 Apo·
2142 887 2215 901 “em

1254 945 1342 982 stolus
1362 945 1396 974 ad
1417 945 1526 975 Galatas
1546 946 1680 983 quinto‘i:
1704 947 1832 974 Fructus
1854 949 1951 974 autem
1978 945 2103 983 spiritus

1254 997 1294 1022 esi
1315 993 1443 1027 caricas,
1464 993 1627 1031 gaudium,
1646 1002 1727 1030 pax,
1746 993 1905 1030 patientia,
1929 992 2102 1031 iouyamiui-

1254 1045 1316 1076 ias,
1339 1040 1466 1075 bouitas,
1496 1041 1670 1079 benignitas,
1698 1041 1909 1075 mansuetudo,
1937 1040 2021 1077 sides,
2043 1048 2103 1069 mo-

1253 1088 1360 1123 destia,
1383 1088 1575 1123 coutinentia,
1597 1088 1726 1130 castitas.
1747 1088 1855 1117 Gratia
1876 1088 1950 1117 enim
1972 1090 1998 1117 et
2020 1088 2103 1116 iusti-

1253 1136 1296 1165 tia
1317 1138 1344 1165 et
1363 1135 1509 1173 sapiencia
1524 1144 1577 1164 non
1593 1139 1709 1173 possunt
1723 1144 1783 1165 esse
1798 1136 1856 1165 sine
1871 1135 1985 1164 caritate
2000 1135 2019 1162 ⁷.
2036 1135 2103 1163 Nam

1252 1183 1372 1221 fruetus
1392 1183 1494 1212 dicitur
1515 1192 1531 1212 a.
1550 1182 1634 1221 sim,-
1661 1195 1673 1209 «
1688 1182 1755 1220 frui
1774 1186 1867 1212 autem
1896 1186 1937 1211 est
1958 1183 2103 1212 inhaerere

1253 1230 1335 1259 alicui
1358 1230 1398 1259 rei
1419 1234 1533 1267 propter
1555 1238 1584 1259 se
1606 1230 1733 1267 ipsam».
1756 1230 1831 1260 Unde
1853 1238 1903 1259 nec
1924 1229 2029 1259 iustitia
2054 1236 2103 1258 nec

1254 1277 1389 1306 miracula
1409 1285 1460 1306 nec
1481 1278 1552 1306 scire
1574 1278 1705 1314 mysteria
1720 1279 1778 1307 sine
1796 1278 1910 1307 caritate
1931 1280 2056 1314 prosunt.
2074 1276 2104 1305 Et

1254 1325 1306 1353 hoc
1338 1324 1461 1353 sentiunt
1487 1333 1583 1353 onmes
1617 1324 1744 1354 doctores
1771 1329 1798 1354 et
1826 1325 1925 1354 Sancti.
1955 1325 1997 1354 Sic
2025 1332 2103 1358 ecce,

1254 1372 1328 1408 quod
1350 1380 1406 1400 una
1427 1372 1531 1405 vetula,
1548 1379 1619 1408 quae
1638 1372 1720 1402 habet
1736 1373 1875 1402 modicum
1898 1373 2024 1406 hortum,
2040 1371 2105 1409 quia

1254 1418 1339 1447 solam
1356 1418 1497 1447 caritatem
1513 1419 1609 1452 habet,
1625 1420 1768 1449 meliorem
1784 1420 1907 1449 fructum
1923 1419 2006 1448 habet
2020 1426 2104 1456 quam

1254 1474 1329 1495 unus
1356 1474 1472 1503 magnus
1500 1466 1639 1503 magister,
1665 1467 1712 1504 qui
1742 1468 1826 1496 habet
1853 1467 2008 1495 maximum
2040 1466 2104 1494 hor-

1255 1516 1314 1542 tum
1337 1516 1364 1542 et
1384 1513 1435 1542 scit
1455 1513 1586 1550 mysteria
1608 1517 1634 1543 et
1655 1518 1770 1543 naturas
1792 1522 1896 1543 reruni.

1334 1562 1379 1589 27.
1409 1560 1590 1598 Sufficientia
1617 1564 1709 1591 autem
1739 1563 1841 1590 horum
1873 1562 2017 1591 duodecim
2046 1562 2104 1590 sru-
2117 1567 2242 1591 sufficientia}

1255 1610 1353 1636 ctuum
1368 1607 1489 1635 sumitur
1503 1615 1554 1644 per
1568 1608 1643 1636 hunc
1657 1608 1781 1636 modum.
1804 1609 1962 1638 Secundum
1978 1608 2104 1646 Augusti·
2139 1592 2212 1610 'mmm'

1255 1662 1340 1687 num,
1362 1653 1451 1682 filium
1472 1653 1584 1688 Pauiiss,
1605 1658 1727 1692 quatuor
1753 1658 1818 1684 sunt
1838 1655 1976 1692 diligenda
2003 1663 2038 1684 ex
2061 1662 2239 1687 ca-Quatuordiu

1256 1701 1353 1735 ritate,
1375 1700 1478 1738 quibus
1499 1700 1632 1729 fruimur:
1658 1701 1728 1734 Deo,
1749 1710 1794 1730 me
1815 1702 1877 1739 ipso
1898 1702 1925 1730 in
1947 1703 2016 1736 Deo,
2035 1710 2105 1739 pro-
2145 1686 2212 1709 gend&

1255 1748 1335 1777 :rimo
1357 1747 1384 1776 in
1406 1747 1478 1782 Deo,
1501 1756 1621 1785 corpore
1648 1756 1709 1775 meo
1730 1748 1757 1776 in
1779 1749 1843 1777 Deo.
1870 1765 1906 1769 —
1931 1749 1988 1778 Deo
2012 1752 2105 1778 autem
2119 1756 2162 1783 rna
2176 1756 2238 1783 mimi

1256 1796 1344 1830 fruor,
1370 1795 1481 1833 quando
1502 1803 1610 1824 summe
1639 1794 1667 1823 in
1687 1794 1744 1824 Deo
1765 1796 1947 1834 conquiesco,
1975 1796 2105 1830 delector,
2119 1783 2240 1803 ”mmm

1255 1844 1358 1872 unior:
1381 1843 1549 1881 conquiesco
1571 1849 1621 1879 per
1650 1850 1794 1876 amorem,
1816 1842 1937 1871 delector
1962 1851 2011 1879 per
2031 1851 2106 1880 gau*

1255 1892 1353 1926 (lium,
1378 1891 1465 1920 unior
1487 1898 1660 1927 perpacem.
1681 1890 1711 1918 Et
1733 1890 1800 1919 haec
1815 1890 1869 1919 tria
1889 1890 2015 1919 ordinata
2029 1893 2106 1923 sunt3

1256 1939 1333 1978 quia,
1357 1939 1404 1968 nbi
1426 1941 1468 1967 est
1487 1946 1564 1976 par,
1587 1945 1697 1967 necesse
1719 1941 1772 1972 est,
1795 1941 1826 1966 ut
1842 1938 1876 1967 sit
1896 1937 2059 1975 qaudiuuu
2080 1940 2107 1966 et

1256 1987 1303 2016 11111
1324 1987 1487 2025 9audium,
1510 1993 1621 2014 necesse
1642 1990 1698 2019 651,
1722 1989 1753 2015 ut
1774 1986 1809 2015 sit
1830 1986 1918 2024 quies.

1335 2036 1381 2064 28.
1405 2033 1543 2067 Secunde,
1559 2033 1638 2063 fruor
1659 2043 1703 2062 nze
1718 2034 1779 2071 ipso
1801 2033 1828 2062 in
1844 2034 1908 2063 Deo.
1933 2033 2042 2062 Anima
2056 2042 2106 2062 au·
2119 2040 2162 2059 rna
2179 2040 2198 2082 Ἧι
2213 2045 2240 2059 se.

1256 2086 1312 2112 tem
1329 2091 1391 2111 mea
1402 2082 1492 2115 fruor,
1508 2081 1618 2118 quando
1630 2082 1704 2110 illam
1719 2081 1858 2119 possideo;
1875 2081 1955 2118 quia,
1971 2080 1992 2110 si
2008 2080 2106 2110 transit
2145 2069 2180 2083 ⁰⁰¹¹
2194 2069 2212 2082 ³'

1256 2138 1301 2159 res
1330 2130 1357 2159 in
1386 2128 1586 2166 possessionem
1615 2129 1743 2163 alterius,
1773 2129 1896 2158 fructum
1926 2137 1980 2157 non
2009 2128 2105 2157 haheo.

1256 2178 1334 2206 Tunc
1348 2180 1441 2205 autem
1458 2177 1596 2213 possideo,
1618 2176 1729 2214 quando
1744 2176 1879 2214 patienter
1900 2184 2013 2213 possum
2028 2175 2107 2213 serre

1256 2225 1404 2256 adversm
1430 2223 1461 2251 iu
1480 2224 1625 2261 pacientia
1654 2227 1752 2252 vestra
1774 2223 1958 2261 possidebitis
1989 2223 2107 2251 animas

1255 2270 1411 2304 vestra-5⁹;
1434 2272 1569 2308 patienter
1591 2274 1686 2300 autem·
1710 2271 1783 2301 serre
1808 2271 1924 2300 adversa
1952 2279 2006 2300 non
2027 2270 2108 2300 debet

414 2469 421 2482 ¹
440 2472 549 2498 August.,
567 2470 636 2493 XXII.
653 2469 682 2492 de
699 2469 748 2492 Civ.
767 2469 820 2497 Dei,
837 2476 856 2492 c.
874 2470 911 2492 30.
929 2477 950 2492 n.
968 2471 997 2493 5:
1015 2471 1046 2493 lbi
1063 2471 1199 2494 vacabimus

350 2513 372 2532 ct
388 2509 534 2538 videbimus,
559 2509 692 2532 videbimus
709 2512 731 2531 et
747 2504 889 2537 amabimus,
913 2510 1043 2532 amabimus
1060 2513 1082 2532 et
1098 2510 1199 2533 laudabi-

351 2556 417 2576 mus;
435 2555 500 2576 ecce,
517 2549 581 2578 quod
598 2549 640 2571 erit
657 2548 679 2571 in
696 2548 741 2571 nne
758 2549 806 2570 51116
823 2548 874 2570 nne.

412 2588 422 2601 ²
440 2589 600 2617 Respiciuntnr
617 2588 681 2612 Cant.
698 2589 724 2617 6,
741 2588 764 2611 3.
780 2589 804 2611 9.
820 2591 842 2610 et
858 2588 880 2615 7,
902 2589 919 2610 1.

413 2627 422 2641 ⁸
439 2629 547 2657 Opuscul.
570 2629 592 2651 S.
609 2628 688 2651 Franc.
705 2628 851 2656 Apopntneg.
868 2628 913 2650 52:
930 2628 989 2651 Dixit
1011 2629 1031 2651 ei
1053 2630 1149 2658 quidam
1172 2637 1198 2652 ex

350 2668 470 2692 fratribus.
487 2668 661 2691 daemoniacam
677 2668 777 2696 puellam
793 2667 919 2695 revelasse,
936 2667 987 2690 licet
1002 2668 1110 2697 invitam,
1128 2669 1198 2691 inulta

350 2708 490 2730 daemonum
508 2708 600 2736 agmina
617 2709 695 2730 contra
712 2713 767 2729 eum
784 2706 940 2734 conspirasse,
966 2710 990 2729 ut
1014 2714 1056 2730 5110
1080 2708 1155 2735 gradu
1177 2710 1199 2729 et

350 2748 434 2770 virtute
451 2747 575 2770 delicerent
591 2753 661 2776 quem
678 2746 792 2769 insensum
809 2745 853 2768 sibi
872 2745 980 2768 dicebant
991 2747 1087 2769 liosteni.
1099 2747 1199 2774 Respon-

350 2787 384 2809 dit
399 2787 542 2815 intrepidus:
560 2786 626 2809 Modo
643 2785 722 2808 sortior
738 2791 799 2808 sum.

413 2824 423 2837 ⁴
441 2826 511 2854 Epist.
528 2827 543 2848 l.
560 2825 612 2849 Cor.
630 2826 656 2853 2,
679 2825 701 2847 6.
717 2827 740 2847 et
757 2824 794 2846 10.
811 2830 859 2853 seq.
877 2824 975 2852 Vulgata
992 2830 1064 2847 suum
1082 2830 1125 2852 pro
1147 2830 1201 2847 san-

351 2866 428 2893 ctum,
445 2866 510 2894 plura
527 2865 596 2888 etiam
613 2864 734 2887 interserit.

413 2903 423 2917 ⁵
441 2905 523 2927 Psalm.
541 2903 598 2931 4158,
617 2904 638 2926 11.
649 2916 680 2920 -
692 2904 744 2932 Seq.
756 2903 820 2925 locus
833 2905 867 2925 est
878 2903 934 2924 Dan.
946 2902 959 2923 :3
968 2920 973 2929 ‚
985 2902 1023 2924 57.
1036 2902 1080 2926 (Ps.
1094 2902 1146 2929 102,
1158 2901 1201 2923 22:

352 2943 481 2966 Benedicite
506 2943 604 2965 Domino
629 2942 705 2964 omnia
732 2948 802 2969 opera
827 2940 902 2968 eius);
925 2941 1006 2962 tertius
1027 2940 1062 2961 I‘s.
1081 2940 1138 2965 103,
1156 2938 1202 2965 34;

352 2984 449 3009 quartus
465 2981 500 3002 ΡΞ..
518 2981 544 3002 91
556 2997 561 3007 ,
579 2981 601 3001 5.
618 2982 640 3000 et
656 2980 750 3006 quintus
767 2980 802 3000 Ps.
819 2980 862 3003 GR,
880 2978 917 2999 31.

1319 2469 1329 2482 ⁵
1347 2471 1412 2494 Vers.
1429 2472 1467 2493 22.
1484 2473 1507 2492 et
1532 2470 1569 2492 23.
1586 2482 1617 2486 —
1634 2471 1687 2499 Seq.
1712 2471 1822 2494 sententia
1847 2473 1881 2493 est
1906 2471 2016 2499 August.,
2042 2471 2056 2493 l.
2079 2470 2108 2492 de

1256 2511 1332 2533 Doctr.
1349 2510 1485 2537 christiana,
1503 2515 1523 2531 c.
1542 2508 1562 2531 4.
1580 2515 1601 2530 n.
1620 2508 1648 2531 4:
1666 2509 1728 2533 Frui
1743 2510 1804 2533 enim
1824 2512 1858 2532 est
1883 2516 1962 2532 amore
1986 2509 2054 2536 alicui
2076 2509 2108 2531 rei

1256 2550 1375 2573 inhaerere
1392 2551 1487 2577 propter
1504 2554 1529 2570 se
1546 2547 1628 2576 ipsam.
1645 2548 1707 2572 Libr.
1724 2550 1761 2572 Xl.
1773 2550 1802 2572 de
1819 2549 1868 2572 Cir.
1886 2549 1938 2577 Dei,
1956 2555 1975 2571 c.
1993 2549 2030 2571 25.
2043 2549 2108 2577 dicit,

1258 2598 1269 2609 α
1282 2589 1346 2618 quod
1364 2588 1458 2617 proprie
1476 2588 1562 2610 fructus
1579 2587 1693 2616 fruentis,
1711 2596 1767 2612 usus
1784 2588 1867 2612 utentis
1883 2588 1912 2611 sit
1924 2597 1946 2610 n.

1319 2626 1327 2640 ⁷
1346 2628 1417 2656 Epist.
1435 2628 1450 2649 l.
1467 2626 1519 2649 Cor.
1539 2626 1578 2654 13,
1599 2627 1618 2649 1.
1634 2634 1700 2658 seqq.

1319 2664 1329 2678 ⁸
1346 2666 1408 2688 Libr.
1426 2666 1442 2687 1.
1459 2665 1489 2687 de
1506 2665 1582 2688 Doctr.
1599 2666 1734 2695 christiana,
1757 2674 1777 2690 6.
1794 2667 1831 2689 23.
1849 2673 1871 2689 n.
1891 2668 1933 2695 22,
1952 2666 1992 2689 ubi
2008 2670 2108 2695 quatuor

1256 2712 1282 2728 ex
1300 2705 1394 2728 caritate
1412 2707 1514 2726 recenset
1530 2704 1654 2733 diligenda.
1671 2707 1730 2729 Vide
1747 2712 1816 2735 supra
1834 2706 1948 2735 Breviloq.
1965 2712 1988 2734 p.
2005 2705 2033 2727 V.
2050 2710 2069 2726 6.
2087 2704 2108 2725 8.

1257 2758 1287 2762 -
1305 2744 1367 2767 Libr.
1385 2744 1430 2766 Vll.
1447 2743 1547 2766 Confess.
1565 2751 1584 2767 6.
1602 2746 1640 2768 24.
1657 2753 1679 2768 n.
1691 2746 1728 2769 27.
1742 2748 1819 2768 narrat
1830 2746 1904 2771 idem,
1916 2745 1979 2774 quod
1992 2746 2044 2766 ante
2055 2749 2109 2765 con-

1257 2784 1388 2806 versionem
1406 2789 1472 2805 suam
1488 2783 1622 2808 avidissime
1638 2786 1761 2814 arripuerit
1780 2794 1791 2805 (ι
1804 2791 1860 2813 prae
1876 2784 1957 2807 ceteris
1973 2782 2108 2811 Apostolum

1258 2822 1362 2846 Paulum
1376 2830 1397 2849 n,
1414 2824 1437 2844 et
1452 2822 1507 2845 Vlll.
1524 2829 1543 2846 c.
1562 2824 1599 2847 42.
1616 2831 1638 2847 n.
1655 2825 1692 2853 29,
1709 2825 1772 2854 quod
1790 2824 1887 2852 legendo
1912 2823 1983 2846 verba
2007 2821 2109 2850 Apostoli

1258 2860 1342 2888 Pauli,
1364 2862 1430 2883 Rom.
1449 2861 1490 2890 13,
1508 2862 1553 2885 43;
1571 2863 1625 2887 Non
1642 2863 1667 2887 iu
1682 2863 1890 2887 comessa-tionibus
1908 2865 1962 2890 etc.‚
1988 2859 2108 2883 conversio

1258 2906 1299 2922 sua
1317 2899 1450 2922 confirmata
1468 2901 1542 2924 fuerit.

1321 2935 1331 2949 ⁹
1349 2938 1403 2959 Luc.
1420 2939 1457 2966 21,
1476 2939 1512 2962 te.
