2285 3398
202 1034 288 1064 Virtutes

183 1069 306 1092 theologicae.

188 1092 304 1111 CardinaleS.

176 1326 223 1344 Sunt
238 1330 305 1343 conne-

189 1372 294 1393 Gratuitae,

176 1396 205 1414 vel
212 1395 301 1414 informes
309 1408 314 1413 .

199 1594 202 1598 '
243 1604 304 1623 natio.

177 1699 205 1717 De
214 1698 310 1717 habitibus

202 1727 223 1740 su
239 1724 313 1740 eruatu-

202 1751 223 1763 ra
231 1745 279 1764 ibus.

184 2213 256 2232 Divisio
270 2217 314 2237 ope-

226 2242 274 2256 rum.

321 165 377 192 ‘256

320 242 471 275 felicitatis,
493 241 649 270 exercendo
670 249 720 269 nos
748 241 774 269 in
801 241 932 278 operibus
953 241 1089 277 perfectae
1112 241 1165 269 vir-

321 289 387 317 tutis
400 288 561 317 ‘secundum
582 287 685 316 donum
707 288 794 324 ipsius
815 287 919 325 gratiae
941 288 1115 324 septiformis.

678 381 743 410 civ.
766 381 807 409 lV.

359 476 397 504 De
418 474 633 512 ramificatz‘one
651 475 769 513 yratiae
791 475 822 503 in
843 474 959 504 liabitas
981 475 1131 503 virtutum.

398 569 490 598 Tertio
512 572 597 598 restat
618 577 700 606 agere
720 569 753 598 de
774 569 862 606 gratia
892 569 921 597 in
950 568 1168 606 comparatione

319 617 359 645 ad
376 615 494 644 habitus
510 616 668 650 virtutum,
684 616 757 645 circa
778 624 862 653 quam
884 615 1081 644 consideranda
1103 616 1167 642 sunt

319 663 379 691 tria.
402 663 525 691 Primum
547 665 603 696 est,
625 662 745 700 qualiter
760 662 848 699 gratia
870 670 925 690 una
950 662 1120 690 ramisicatur
1140 661 1166 688 in

318 710 430 738 habitus
445 710 587 738 virtutum
596 720 606 742 ,·
621 709 773 738 secundum
788 712 842 742 est,
858 709 977 746 qualiter
997 708 1167 736 rainificatur

319 756 345 784 in
368 756 479 784 habitus
500 756 662 789 (Ionorimu
685 755 798 784 tertium
820 759 877 788 est,
897 755 1017 792 qualiter
1032 753 1167 783 ramifica-

320 806 365 831 tur
387 803 414 831 in
436 802 547 831 habitus
569 802 811 831 beaticzidz'mwn1.

397 850 435 878 De
458 849 655 878 raniificatione
676 849 761 886 igitur
785 848 889 885 gratiae
918 849 945 876 in
974 848 1086 876 habitus
1107 847 1167 876 uir-

320 900 415 924 tutum
436 897 504 925 haec
525 896 642 924 tenenda
663 899 743 930 sunt,
766 895 839 933 quod
861 903 925 924 cum
947 903 1003 923 una
1024 895 1059 923 sit
1080 894 1168 931 gratia

318 944 476 980 gratificans
497 943 633 977 animam,
656 946 761 979 septem
776 946 867 971 tamen
883 945 948 970 sunt
965 942 1084 970 virtutes
1097 949 1168 978 yra-

318 991 425 1024 ιιιίίαθ,
448 990 551 1027 quibus
582 990 689 1026 regitur
721 989 776 1018 vita
808 989 945 1017 humana:
975 992 1031 1017 tres
1057 988 1168 1025 quidem

318 1037 502 1074 theologicae,
524 1037 627 1065 scilicet
652 1036 739 1070 fides,
757 1044 819 1073 spes
844 1039 870 1064 et
903 1035 1021 1069 caritas;
1043 1038 1070 1064 et
1101 1043 1170 1072 qua-

320 1088 383 1113 tuor
404 1084 570 1118 cardinales,
592 1084 696 1112 scilicet
716 1083 879 1120 prudentia,
895 1082 1092 1119 temperantia,
1114 1082 1170 1110 for-

318 1131 407 1159 titudo
428 1134 455 1159 et
477 1131 597 1165 iustitia,
619 1139 690 1167 quae
721 1139 777 1159 uno
810 1130 891 1158 modo
915 1134 956 1158 est
984 1129 1074 1157 virtus
1095 1137 1169 1157 com-

320 1177 418 1205 manis
439 1180 466 1205 et
486 1177 637 1214 generalis,
659 1177 712 1205 alio
743 1176 824 1205 modo
844 1176 979 1213 specialis
1000 1179 1027 1205 et
1048 1175 1168 1213 propria.

322 1224 433 1252 —-llae
454 1227 546 1252 autem
569 1226 674 1260 septem
703 1223 837 1257 virtutes,
860 1223 923 1251 licet
944 1223 998 1251 sint
1019 1223 1171 1251 discinctae

320 1274 348 1299 et
370 1270 497 1307 proprias
529 1270 706 1298 excellentias
734 1270 883 1303 habentes,
906 1272 970 1298 sunt
993 1273 1083 1298 tamen
1106 1278 1171 1297 con-

323 1325 414 1344 nexae
427 1319 454 1345 et
476 1316 612 1353 aequales
633 1316 668 1344 ad
689 1316 806 1345 invicem
828 1317 855 1344 in
871 1316 983 1350 eodem,
999 1319 1026 1344 et
1040 1316 1104 1344 licet
1118 1317 1172 1345 sint

321 1363 472 1400 gyrataz‘tae
486 1370 536 1399 per
551 1363 668 1399 gratiam
681 1362 858 1396 informatae,
874 1366 990 1398 possunt
1006 1365 1096 1390 tamen
1111 1362 1171 1390 fieri

323 1408 465 1446 informes
486 1417 535 1446 per
557 1409 682 1445 culpam,
704 1409 762 1437 sola
786 1409 900 1437 caritate
921 1412 1054 1445 excepta,
1076 1412 1103 1437 et
1124 1409 1173 1437 ite-

323 1463 387 1484 rum
407 1454 572 1492 informari
591 1462 641 1491 per
660 1455 873 1491 poenitentiam,
895 1454 1057 1483 adveniente
1071 1455 1172 1492 gratia,

324 1509 395 1538 quae
410 1504 451 1530 est
468 1501 613 1529 habituum
628 1501 789 1529 virtualium
804 1500 901 1537 or2'90‚
915 1500 985 1537 fmis
999 1504 1026 1529 et
1039 1500 1140 1538 forma
1152 1502 1171 1529 2.

402 1548 478 1576 Ratio
500 1551 592 1577 autem
614 1548 648 1576 ad
663 1548 870 1585 intelligentiam
885 1548 1090 1584 praedictorum
1106 1549 1173 1577 haec

322 1599 375 1624 est:
398 1596 479 1632 quia,
495 1595 566 1624 sicut
587 1595 755 1632 principium
771 1594 980 1632 productivum
994 1603 1045 1624 sua
1063 1603 1174 1624 sumnia

320 1642 489 1679 perfectione
508 1641 535 1670 in
560 1641 649 1670 dando
670 1642 755 1670 vitam
776 1644 892 1670 naturae
917 1650 972 1670 non
998 1645 1106 1670 tantum
1127 1642 1174 1670 dat

323 1681 415 1717 uicere
443 1691 579 1726 quantum
607 1689 641 1716 ad
669 1691 763 1717 actum
792 1688 933 1725 primum,
962 1696 1061 1717 verum
1089 1689 1172 1717 etiam

322 1739 459 1772 quantum
480 1735 514 1764 ad
538 1739 631 1764 actum
656 1735 825 1769 secundum,
840 1735 888 1772 qui
914 1738 955 1764 est
975 1736 1112 1772 operare]
1134 1735 1172 1764 sic

322 1790 432 1811 necesse
451 1786 504 1816 est,
524 1782 598 1819 quod
613 1782 779 1819 principium
796 1782 1002 1819 reparatarum
1024 1782 1107 1810 vitam
1123 1782 1172 1810 tri-

322 1829 388 1857 buat
408 1829 518 1866 spiritui
533 1829 561 1857 in
583 1838 643 1857 esse
667 1829 788 1866 gratuito
804 1832 830 1858 et
851 1829 879 1857 in
895 1832 1031 1866 quantum
1056 1829 1090 1857 ad
1112 1838 1173 1857 esse

321 1879 349 1904 et
370 1879 505 1913 quantum
526 1875 560 1904 ad
585 1875 712 1912 operari.
739 1876 770 1903 Et
791 1876 922 1912 quoniam
945 1875 1030 1904 unius
1044 1875 1173 1904 'viventis

323 1922 475 1950 secundum
490 1929 575 1949 unam
590 1922 673 1949 vitam
692 1921 809 1957 primam
830 1921 934 1950 multae
953 1924 1018 1950 sunt
1036 1921 1173 1958 operatio—

323 1975 372 1996 nes
387 1968 482 1996 vitales
502 1968 537 1996 ad
558 1968 631 1995 illius
653 1968 724 1996 vitae
739 1968 888 2004 perfectam
908 1968 1171 2001 manifestationem;

325 2022 388 2043 cum
409 2017 487 2042 actus
508 2014 729 2042 diversificentur
754 2022 809 2051 per*
828 2014 949 2049 obiecta,
974 2018 1001 2043 et
1025 2015 1173 2043 diversitas

324 2063 437 2089 actuum
459 2060 584 2097 requirat
608 2060 810 2090 distinctionem
829 2062 975 2090 habituum
988 2061 1015 2089 ³:
1036 2061 1100 2090 hinc
1115 2064 1172 2095 est,

326 2107 400 2144 quod
415 2107 478 2135 licet
498 2115 554 2135 una
575 2107 608 2136 sit
628 2107 716 2144 gratia
737 2108 894 2143 vivificans,
915 2109 1064 2137 ramificari
1081 2112 1172 2138 tamen

326 2154 481 2182 necessario
495 2154 578 2183 habet
591 2154 619 2182 in
640 2154 731 2183 varios
750 2155 861 2184 habitus
876 2159 989 2192 propter
1004 2155 1094 2184 varias
1108 2163 1173 2192 ope-

326 2200 454 2229 rationes.
471 2216 507 2221 —
523 2201 554 2229 Et
568 2201 698 2238 quoniam
717 2202 851 2238 quaedam
874 2206 938 2231 sunt
959 2210 1044 2239 opera
1058 2202 1173 2231 moralia

324 2247 494 2283 primaria,
516 2247 587 2276 sicut
608 2247 733 2282 credere;
749 2249 883 2285 quaedam
905 2250 1019 2283 media,
1039 2249 1111 2278 sicut
1132 2250 1173 2277 in-

328 2294 450 2331 telligere
469 2293 584 2328 credita;
607 2294 741 2331 quaedam
767 2302 832 2323 vero
851 2299 1016 2332 postrema,
1042 2296 1113 2324 sicut
1134 2296 1174 2324 vi-

958 163 1166 199 BREVILOQL'H
1188 163 1268 190 1³.le
1290 162 1319 190 V.
1342 161 1369 189 C.
1394 161 1434 188 lV.

1223 240 1288 268 dere
1310 238 1463 272 intellecta;
1491 241 1519 267 et
1543 238 1569 266 in
1590 239 1688 275 primis
1708 239 1800 267 anima
1824 240 2018 277 reccifieatur,
2041 242 2067 270 in

1223 286 1351 315 secundis
1365 285 1533 323 expeditur,
1550 286 1577 313 in
1604 285 1691 314 tertiis
1710 286 1881 322 perficitur:
1902 287 1961 316 ideo
1982 289 2069 325 gratia

1223 336 1333 370 gratum
1368 333 1470 362 faciens
1505 333 1677 361 ramificatur
1704 332 1732 361 in
1767 333 1879 363 habitus
1905 335 2211 370 virtutum,Tria-genera

1223 387 1344 416 quorum
1359 382 1400 408 est
1415 379 1533 407 animam
1548 379 1725 415 reetificarae
1740 379 1767 407 in
1782 379 1894 408 habitus
1908 380 2069 415 (tonorum,
2095 367 2198 385 'mmmm'

1223 434 1345 463 quorum
1367 429 1408 455 est
1429 427 1549 455 animam
1568 426 1718 464 erpedirffi
1733 429 1760 455 et
1775 426 1803 455 in
1818 427 1930 455 habitus
1952 427 2071 456 beatita-

1223 472 1343 506 dinum,
1366 481 1486 510 quorum
1505 476 1547 501 est
1567 473 1686 501 animam
1710 473 1847 510 perficere
1858 474 1878 501 ⁴.

1303 520 1425 553 Rursus,
1440 520 1570 557 quoniam
1596 520 1733 549 rectitudo
1755 520 1862 549 animae
1884 521 2006 557 perfecta
2028 529 2071 550 re-

1224 567 1325 603 quirit,
1347 567 1421 603 quod
1443 567 1502 604 ipsa
1523 567 1692 596 rectificetur
1706 567 1859 596 secundum
1881 568 2019 604 duplicem
2033 568 2072 597 fa·
2094 576 2202 595 ominati.

1224 614 1309 647 ciem,
1326 613 1429 642 scilicet
1448 614 1629 651 sapei-iorem
1651 617 1677 643 et
1692 613 1879 651 z'nfhrz‘orem,
1895 618 1922 643 et
1943 618 2072 652 respectu
2085 600 2203 646 {iiisfmm‘

1223 660 1301 696 finzls‘,
1324 663 1351 688 et
1373 663 1500 697 respectu
1521 669 1619 689 eorum
1641 670 1716 699 quae
1736 665 1805 689 ‚sunt
1825 661 1866 689 ad
1885 661 1990 698 finem,-
2012 662 2071 691 ideo

1224 704 1334 736 necesse
1355 710 1411 741 est,
1433 707 1552 736 animam
1573 711 1709 745 quantum
1723 708 1757 736 ad
1771 708 1952 745 superiorem
1967 709 2072 743 faciem,

1225 754 1251 781 in
1273 762 1328 791 qua
1349 754 1473 782 consistit
1494 754 1583 791 imago
1604 755 1745 783 Trinitatis
1766 758 1910 789 aeternae,
1926 755 2072 784 rectificari

1225 809 1273 837 per
1295 803 1352 829 tres
1374 799 1545 838 tlieoloqicas
1566 801 1699 836 virtutes,
1722 805 1768 836 ut,
1791 801 1863 830 sicut
1883 802 1973 838 imago
1994 810 2073 831 crea-

1224 848 1306 876 tionis
1327 847 1451 876 consistit
1472 847 1499 875 in
1521 848 1642 877 trinitate
1670 849 1857 885 potentiarum
1878 856 1942 877 cum
1962 849 2068 886 unitate

1225 894 1375 927 essentiae,
1394 894 1432 923 sic
1448 894 1537 931 imago
1552 895 1729 924 recreationis
1744 895 1770 923 in
1788 895 1908 924 trinitate
1923 895 2070 924 habituum

1225 950 1290 970 cum
1312 942 1417 969 unitate
1438 941 1558 978 gratiae,
1579 950 1628 978 per
1649 950 1720 979 quos
1740 942 1832 970 anima
1846 942 1936 971 fertur
1951 945 2024 971 recte
2046 943 2074 971 in

1226 997 1362 1018 summam
1392 989 1552 1017 Trinitatem
1580 989 1733 1018 secundum
1755 989 1808 1017 tria
1829 989 2007 1026 appropriata
2023 990 2073 1018 tri-

1226 1037 1279 1065 bus
1303 1036 1466 1072 personis⁵;
1489 1035 1527 1064 ita
1550 1036 1623 1073 quod
1644 1036 1715 1073 fides
1736 1036 1829 1073 dirigit
1851 1036 1878 1064 in
1900 1044 2007 1065 summe
2028 1045 2074 1065 vc-

1226 1091 1290 1111 rum
1309 1082 1445 1111 credendo
1459 1085 1486 1111 et
1500 1082 1689 1116 assentiendo,
1704 1091 1768 1119 spes
1783 1083 1810 1111 in
1826 1090 1933 1111 summe
1955 1083 2082 1119 arduum

1227 1129 1367 1158 innitendo
1386 1132 1413 1158 et
1434 1129 1635 1165 exspectando,
1658 1129 1770 1157 caricas
1792 1129 1820 1157 in
1842 1137 1950 1158 summe
1972 1129 2075 1158 bonum

1226 1176 1406 1205 desiderando
1427 1179 1454 1205 et
1474 1176 1619 1213 diligendo.

1306 1224 1419 1252 Necesse
1440 1226 1481 1252 est
1509 1223 1600 1257 etiam,
1629 1226 1765 1260 quantum
1790 1223 1823 1251 ad
1845 1222 2015 1260 inferiorem
2039 1223 2075 1252 fa·
2088 1232 2115 1251 De
2132 1232 2219 1259 cardina-

1227 1271 1295 1299 eiem
1317 1270 1436 1298 animani
1458 1270 1604 1298 rectificari
1624 1278 1673 1307 per
1688 1273 1809 1307 quatuor
1831 1270 1998 1298 cardinales
2020 1270 2075 1298 vir·
2123 1256 2179 1274 ¹¹¹³¹¹⁵'

1229 1320 1309 1344 tutes.
1332 1317 1398 1345 Nam
1412 1317 1571 1353 prudentia
1590 1316 1724 1345 rectificat
1742 1316 1918 1350 rationalem,
1933 1316 2075 1352 fortitudo

1229 1363 1407 1396 irascibilem,
1443 1363 1634 1399 temperantia
1670 1363 1929 1399 concupiscil‘iilem,
1961 1363 2075 1391 iustitia

1229 1417 1295 1438 vero
1316 1408 1449 1437 rectificat
1469 1416 1565 1437 omnes
1587 1409 1637 1437 has
1667 1409 1741 1437 vires
1768 1409 1796 1437 in
1818 1409 2022 1445 comparatione
2043 1409 2076 1437 ad

1229 1456 1362 1483 ulcerum.
1387 1471 1422 1475 —
1445 1455 1476 1483 Et
1497 1455 1562 1492 quia
1583 1455 1651 1484 illud
1679 1456 1806 1484 alteram
1827 1455 2008 1484 determinate
2029 1464 2077 1492 po-

1230 1504 1282 1530 test
1303 1510 1362 1530 esse
1381 1502 1547 1538 promittas,
1570 1504 1659 1538 potest
1680 1501 1762 1530 etiam
1788 1501 1860 1530 idem
1890 1502 1973 1530 homo
2004 1510 2077 1530 com-

1229 1548 1321 1584 parari
1342 1548 1376 1576 ad
1397 1557 1426 1576 se
1446 1549 1544 1585 ipsum
1565 1551 1597 1576 ut
1610 1548 1643 1576 ad
1659 1548 1794 1588 alterum,
1810 1551 1899 1584 potest
1920 1549 2002 1577 etiam
2018 1557 2077 1578 esse

1230 1595 1287 1632 ipse
1309 1595 1403 1627 Deua,-
1419 1595 1483 1623 hinc
1505 1598 1557 1629 est,
1579 1594 1653 1632 quod
1676 1595 1789 1623 iusticia
1811 1595 1930 1624 circuire
1951 1596 2075 1624 dicitur8
2090 1606 2161 1624 lustitia
2174 1606 2207 1623 ‹lu-

1229 1649 1325 1670 omnes
1345 1641 1427 1670 vires.
1449 1641 1556 1670 Dicitur
1578 1642 1660 1670 etiam
1692 1650 1746 1670 non
1769 1645 1877 1670 tantum
1899 1642 1989 1671 virtus
2009 1652 2077 1671 car·
2124 1630 2173 1653 mm*

1229 1688 1355 1722 (linaiis,
1377 1696 1476 1717 verum
1497 1689 1579 1717 etiam
1599 1689 1760 1726 yeneralz's,
1783 1689 2021 1725 comprehendens
2036 1693 2077 1718 to-

1230 1735 1285 1764 tius
1305 1735 1412 1763 animae
1434 1735 1643 1769 rectitudinem,
1665 1742 1728 1763 cum
1757 1735 1816 1771 ipsa
1836 1735 1944 1764 dicatur
1971 1736 2076 1765 «recti-

1230 1781 1296 1810 tudo
1317 1781 1504 1810 voluntatis».
1526 1781 1601 1810 Unde
1623 1781 1682 1817 ipsa
1703 1789 1757 1809 non
1773 1784 1880 1809 tantum
1895 1783 2076 1818 comprehen-

1229 1828 1268 1856 dit
1299 1828 1417 1856 virtutes
1451 1828 1611 1856 ordinantes
1641 1828 1675 1856 ad
1709 1828 1900 1864 prozimum,
1933 1828 2004 1857 sicut
2035 1833 2076 1857 est

1229 1874 1353 1911 aequitas
1381 1877 1408 1902 et
1436 1874 1600 1907 liberalitas3
1623 1882 1721 1902 verum
1742 1874 1824 1902 etiam
1856 1874 1890 1903 ad
1910 1883 1940 1902 se
1960 1874 2074 1911 ipsum,

1229 1921 1300 1950 sicut
1315 1924 1356 1949 est
1370 1921 1537 1957 poenitentia
1557 1923 1585 1949 et
1600 1921 1770 1954 innocentia;
1786 1929 1836 1950 nec
1851 1929 1906 1950 non
1921 1921 1955 1950 ad
1971 1922 2076 1957 Deam,

1230 1968 1301 1996 sicut
1322 1970 1363 1996 est
1384 1967 1479 2001 latria,
1501 1968 1588 2004 pietas
1608 1970 1636 1996 et
1656 1967 1819 1996 obedientia.

1308 2015 1464 2048 Postremo,
1492 2015 1623 2052 quoniam
1651 2015 1742 2043 omnis
1774 2015 1910 2043 rectitudo
1939 2015 2076 2045 virtutum

1229 2062 1383 2090 secundum
1411 2070 1469 2090 esse
1488 2062 1657 2099 yracm'cum
1677 2065 1770 2090 manat
1791 2070 1807 2090 a
1827 2062 1915 2098 gratia
1944 2065 2075 2100 tanquam

1229 2108 1264 2137 ab
1284 2108 1396 2146 origyine
1417 2111 1443 2137 et
1464 2108 1568 2142 radice,
1590 2111 1617 2137 et
1638 2108 1791 2137 secundum
1812 2117 1871 2136 esse
1892 2108 2076 2137 meritorium
2089 2121 2136 2139 sunt
2151 2125 2222 2138 conne-

1229 2158 1407 2192 comparatur
1421 2156 1455 2184 ad
1470 2156 1613 2184 caritatem
1628 2156 1700 2184 sicut
1714 2156 1747 2184 ad
1763 2156 1922 2192 orisjinmit,
1944 2154 2076 2191 formam
2138 2149 2141 2151 ’

1229 2205 1257 2231 θῖ
1276 2202 1380 2239 finem:
1404 2202 1467 2230 hinc
1488 2204 1544 2236 est,
1566 2202 1641 2239 quod
1662 2204 1769 2230 ceterae
1795 2202 1912 2229 virtutes
1940 2202 2077 2238 gratuitae

1229 2249 1321 2286 quoad
1342 2248 1458 2277 liabitas
1479 2251 1544 2277 sunt
1565 2257 1710 2276 conneaeac
1731 2252 1759 2276 et
1780 2248 1869 2284 quoad
1885 2251 1969 2276 aecus
1989 2248 2076 2276 meri—

1231 2296 1319 2324 torios
1340 2298 1404 2324 sunt
1426 2295 1568 2333 aequales.
1586 2311 1622 2316 —
1638 2295 1703 2323 Hinc
1725 2298 1767 2323 est
1780 2294 1875 2329 etiam,
1897 2295 1970 2331 quod
1993 2295 2210 2350 ceteri,g”;‘5‚¹,²s¹,¹,i,¹g,{g

392 2477 400 2490 ¹
417 2478 450 2500 De
467 2478 502 2500 his
519 2478 596 2506 agitur
613 2478 651 2500 hic
667 2480 690 2500 et
706 2479 720 2501 ‘2
738 2484 803 2507 seqq.
821 2485 888 2507 capp.

393 2515 401 2528 ²
419 2517 452 2539 De
468 2518 555 2540 unitate
575 2517 663 2545 gratiae
687 2517 783 2546 eiusque
808 2517 939 2541 dIversitate
955 2524 968 2540 a
985 2519 1113 2541 virtutibus
1131 2520 1173 2541 cir.

330 2556 354 2577 ll.
366 2556 426 2578 sent.
439 2556 463 2578 d.
475 2556 512 2579 27.
524 2562 545 2578 a.
558 2557 579 2578 rl.
596 2563 618 2584 q.
635 2556 653 2578 1.
670 2561 732 2585 seq.;
749 2556 779 2579 de
796 2556 919 2579 virtutibus
936 2558 1071 2585 theologicis
1086 2560 1110 2580 et
1127 2564 1174 2580 car-

331 2594 446 2617 dinalibus
462 2595 516 2618 vide
533 2596 565 2617 lli.
583 2596 644 2618 Sent.
661 2596 685 2618 d.
702 2595 787 2622 23-33;
804 2595 834 2618 de
851 2597 994 2619 connexione
1010 2597 1122 2619 virtutum
1139 2602 1174 2619 ea-

331 2640 430 2663 rumque
448 2635 520 2656 forma
539 2634 650 2663 (carimte)
668 2634 743 2662 agitur
760 2633 816 2656 ibid.
833 2634 856 2656 d.
874 2635 911 2657 36.
922 2647 953 2652 —
965 2636 1039 2663 Supra
1057 2642 1100 2664 pro
1120 2641 1174 2665 qra-

332 2672 389 2696 tiam
406 2673 549 2702 informatae
566 2673 583 2695 O
594 2673 664 2702 PQU
682 2673 736 2695 satis
752 2672 812 2695 bene
828 2673 933 2702 qratiam
951 2673 1126 2703 informantem.

395 2711 404 2724 Β
422 2712 554 2735 Secundum
571 2712 674 2739 Aristot.;
692 2712 745 2734 vide
763 2718 833 2740 supra
851 2718 905 2739 pag.
917 2712 959 2739 69,
972 2716 1024 2735 nota
1038 2713 1175 2736 8.—1dem

333 2751 400 2773 etiam
418 2752 441 2773 ll.
459 2751 488 2773 de
500 2751 594 2779 Anima,
606 2754 659 2774 text.
676 2752 713 2774 36.
730 2757 779 2779 seq.
797 2750 826 2779 (c.
840 2751 870 2779 4.)
890 2752 989 2773 insinuat
1006 2752 1175 2775 distinctionem

334 2790 391 2812 inter
408 2794 483 2812 actum
501 2791 561 2812 xime
576 2791 678 2819 primum
696 2793 718 2813 et
734 2790 870 2812 secundum.
882 2800 913 2807 ——
925 2791 948 2812 ln
964 2792 1007 2813 hae
1019 2792 1177 2819 propositione

334 2828 385 2850 voci
402 2828 491 2851 multae
507 2829 560 2850 edd.
579 2835 632 2851 cum
657 2829 737 2856 paucis
762 2828 832 2851 codd.
851 2828 982 2856 praefigunt
1006 2829 1176 2853 membrorum.

334 2867 455 2895 Aliquanto
473 2868 579 2895 superius
597 2871 649 2895 post
665 2869 746 2891 actam
760 2866 869 2896 primum
886 2867 930 2889 BH
949 2867 1037 2890 addunt
1048 2869 1132 2897 quies!
1146 2868 1176 2891 ri-

326 2905 395 2929 'vei·e.
412 2906 506 2928 inferius
523 2912 565 2933 pro
585 2906 704 2936 rivificuns
722 2906 736 2928 S
753 2905 900 2936 qratifioans.

397 2943 407 2956 ⁴
424 2944 469 2967 Csr.
487 2944 518 2966 ill.
537 2945 598 2978 Sent.
615 2945 637 2967 d.
656 2945 693 2967 34.
710 2951 734 2973 p.
751 2945 768 2968 1.
784 2951 805 2967 n.
823 2945 844 2967 l.
861 2951 885 2974 q.
903 2945 923 2966 ν1.

1292 2478 1302 2492 ⁶
1320 2480 1378 2502 Vide
1396 2486 1465 2508 supra
1483 2486 1507 2508 p.
1519 2480 1534 2502 l.
1550 2486 1570 2502 c.
1582 2480 1604 2502 6.
1615 2492 1646 2497 —
1657 2481 1700 2503 Pro
1717 2479 1845 2508 innitendo,
1857 2480 1921 2508 quod
1939 2482 2000 2501 recte
2017 2479 2076 2501 exhi-

1230 2518 1286 2541 bent
1302 2519 1347 2541 ΒΜ
1366 2519 1415 2547 (cfr.
1433 2519 1465 2541 lll.
1483 2519 1545 2542 Sent.
1563 2519 1586 2542 d.
1604 2520 1641 2543 36.
1658 2525 1679 2541 a.
1697 2519 1718 2542 l.
1735 2525 1757 2548 q.
1772 2519 1793 2542 l.
1810 2521 1832 2540 et
1849 2524 1869 2540 a.
1886 2521 1906 2540 2.
1919 2524 1941 2546 q.
1956 2518 1980 2544 i,
1994 2517 2031 2539 ubi
2046 2518 2076 2539 in-

1230 2560 1264 2579 ter
1281 2560 1345 2579 actus
1362 2557 1411 2585 spei
1429 2560 1576 2580 recensentur
1597 2557 1810 2588 confidere,i11nIti
1825 2557 1946 2587 [summae
1964 2555 2076 2584 largitati]

1231 2598 1254 2618 et
1270 2597 1430 2625 exspectare),
1448 2597 1502 2619 edd.
1519 2596 1641 2625 imitando,
1659 2597 1678 2625 Q
1695 2596 1720 2619 in
1736 2595 1855 2623 vincendo,
1874 2594 1967 2617 lKOV
1985 2594 2007 2616 ἱη
2027 2594 2076 2617 Iau-

1232 2634 1317 2657 damlo.
1336 2635 1446 2662 Superius
1463 2635 1536 2657 xci-bo
1553 2634 1681 2665 rectificari
1696 2635 1769 2663 GllN
1786 2635 1876 2657 addunt
1891 2639 1906 2656 α
1924 2634 1978 2656 Deo.

1294 2672 1304 2685 ⁶
1321 2673 1355 2695 Ab
1372 2674 1476 2701 August„
1495 2675 1518 2696 ll.
1536 2675 1565 2696 de
1582 2676 1639 2696 (jen.
1655 2676 1734 2696 contra
1752 2673 1849 2696 Manich.
1863 2678 1883 2694 c.
1897 2672 1933 2693 lo.
1945 2670 2076 2694 n.li.Ct'1·.

1233 2715 1289 2735 tom.
1306 2713 1338 2735 ill.
1355 2719 1410 2741 pag.
1423 2714 1481 2740 720,
1494 2716 1546 2735 nota
1561 2713 1598 2735 ll.
1608 2724 1641 2730 —·
1652 2714 1706 2741 Seq.
1722 2713 1786 2735 locus
1803 2714 1838 2734 est
1853 2711 1966 2737 Anseim„
1979 2710 2008 2732 dc
2020 2710 2076 2733 Con-

1233 2754 1301 2779 ceptu
1318 2752 1378 2780 virg.
1396 2755 1418 2774 et
1439 2753 1497 2780 orig.
1515 2758 1580 2780 pecc.
1597 2758 1617 2775 e.
1634 2753 1656 2775 3.
1673 2755 1695 2774 et
1712 2753 1800 2780 Dialog.
1818 2752 1847 2774 de
1864 2750 1976 2776 veritate,
1995 2755 2015 2771 c.
2036 2750 2075 2772 ¹2:

1234 2791 1317 2813 lustitia
1329 2794 1363 2813 est
1374 2791 1487 2818 rectitudo
1504 2791 1628 2813 voluntatis
1640 2794 1735 2819 propter
1747 2797 1771 2813 se
1783 2791 1881 2813 sei-vata.
1889 2800 1920 2804 —
1928 2788 1981 2810 Post
1995 2794 2076 2811 omnes

1234 2829 1295 2852 vires
1314 2830 1322 2852 l
1350 2830 1508 2858 prosequitur:
1531 2831 1565 2852 est
1582 2829 1645 2852 enim
1661 2835 1708 2852 vion
1732 2830 1824 2852 tantum
1846 2826 1923 2850 virtus
1945 2825 2076 2849 cardinalis

1234 2868 1354 2898 ερθείιιίίε,
1372 2875 1455 2892 veram
1477 2868 1547 2891 eciam
1565 2871 1608 2891 ete.
1631 2868 1741 2896 Superius
1764 2873 1806 2894 pro
1825 2866 1901 2895 potest
1922 2864 1995 2896 citiam¹
2014 2865 2076 2889 idem

1234 2907 1305 2933 homo
1321 2907 1461 2936 comparari
1472 2907 1478 2929 l
1488 2908 1504 2929 Κ
1517 2907 1536 2929 Μ
1547 2907 1564 2929 O
1574 2907 1594 2929 V
1604 2908 1680 2936 potest
1697 2913 1745 2930 esse
1762 2905 1822 2928 idem
1834 2904 1903 2927 homo
1915 2905 2076 2933 comparatus.
